2063 3491
227 158 89 59 ipsa
283 158 134 59 essentia
383 158 112 59 divina
461 158 190 59 exprimeretur.
618 158 89 59 Quid
674 158 89 59 enim
729 158 78 59 est
774 158 101 59 aliud
841 158 156 59 aeternitas
964 158 56 59 &
975 158 56 59 in-

237 203 105 55 mnita
307 203 82 55 Dei
354 203 163 55 sapientia,
482 203 93 55 quam
540 203 93 55 ipsa
599 203 117 55 divina
680 203 152 55 essentia?
797 203 70 55 Et
832 203 128 55 quomodo
913 203 117 55 aeterni-

235 235 78 49 tas
279 235 55 49 &
301 235 144 49 supientia
412 235 89 49 Dei,
468 235 78 49 hoc
512 235 89 49 est,
567 235 78 49 res
612 235 144 49 infinitae
723 235 122 49 exprimi
811 235 111 49 finita
878 235 155 49 similitudine

233 272 138 58 possunt?
337 272 104 58 Falsa
406 272 81 58 est
452 272 115 58 igitur
533 272 104 58 hujus
602 272 150 58 argumenti
705 272 127 58 conclusio

268 309 148 48 Quartum
375 309 188 48 argumentum
523 309 94 48 est
576 309 94 48 pro
630 309 174 48 Angelorum
751 309 174 48 imaginibus.

270 321 121 62 Angelis
358 321 77 62 tum
402 321 110 62 humana
478 321 131 62 species,
577 321 77 62 tum
621 321 88 62 alae
675 321 186 62 attribuuntur,
829 321 66 62 ut
862 321 164 62 intelligant
982 321 55 62 fi-

236 365 118 53 deles,
319 365 95 53 quam
378 365 142 53 propensi
484 365 95 53 sint
543 365 71 53 in
579 365 130 53 humanum
673 365 106 53 genus
744 365 59 53 &
768 365 130 53 tanquam
863 365 118 53 parati
945 365 71 53 ad
969 365 59 53 mi-

236 397 137 54 nisteria
338 397 114 54 Domini
418 397 183 54 exsequenda;.
567 397 91 54 Ergo
624 397 148 54 Angelorum
738 397 137 54 imagines
840 397 80 54 non
886 397 91 54 sunt
932 397 91 54 idola.

240 442 71 48 nec
280 442 81 48 lege
331 442 71 48 Dei
371 442 81 48 sunt
412 442 131 48 prohibitae.

264 461 108 56 RESP.
336 461 108 56 Major
408 461 120 56 omissa
493 461 193 56 distinguenda
649 461 96 56 est:
709 461 108 56 Quib.
781 461 120 56 humana
866 461 144 56 species,
962 461 60 56 tum

242 501 85 47 alae
296 501 181 47 attribuuntur,
444 501 64 47 ut
476 501 159 47 intelligant
604 501 128 47 fideles,
699 501 85 47 quam
753 501 128 47 propensi
848 501 85 47 sint
901 501 64 47 in
923 501 106 47 humanis,

237 534 121 57 genus,
321 534 60 57 &
346 534 133 57 tanquam
442 534 121 57 parati
526 534 72 57 ad
563 534 169 57 ministeria
695 534 121 57 Domini
780 534 181 57 exsequenda,
925 534 109 57 eorum
985 534 36 57 i

234 572 117 42 magines
319 572 74 42 non
362 572 85 42 sunt
415 572 74 42 ido
457 572 159 42 a:scilicet,
585 572 64 42 si
617 572 85 42 haec
670 572 96 42 illis
734 572 170 42 attribuantur
872 572 64 42 in
893 572 138 42 visionibus.

231 610 188 37 Propheticis,
384 610 82 37 non
431 610 106 37 autem
502 610 176 37 affingantur
643 610 106 37 extra
713 610 141 37 visiones
819 610 71 37 in
854 610 165 37 imaginibus
972 610 47 37 al

233 641 153 41 hominibus
351 641 177 41 excogitatis
493 641 59 41 &
516 641 118 41 factis
599 641 118 41 absque
682 641 130 41 mandato
776 641 94 41 Dei.
835 641 83 41 Jam
882 641 106 41 Minor
941 641 83 41 datur

232 674 156 41 intellecta
354 674 67 41 de
388 674 156 41 visionibus
510 674 178 41 Propheticis:
655 674 78 41 Nam
699 674 67 41 in
733 674 100 41 illis
799 674 145 41 attributa
911 674 89 41 fuit
955 674 67 41 Ange

234 701 78 48 lis
279 701 112 48 humana
357 701 134 48 species,
457 701 156 48 attributae
580 701 145 48 similiter
692 701 101 48 alae,
759 701 67 48 ad
792 701 78 48 cum
837 701 101 48 finem
904 701 78 48 qui
949 701 67 48 in
971 701 56 48 Mi-

233 741 104 41 nore
298 741 182 41 indicatur:
441 741 169 41 Conclusio
571 741 117 41 autem
650 741 104 41 agit
715 741 78 41 de
754 741 182 41 imaginibus
884 741 143 41 Angelorum

235 768 107 50 extra
307 768 179 50 Propheticas
449 768 143 50 visiones
557 768 119 50 absque
640 768 131 50 mandato
735 768 83 50 Dei
783 768 143 50 arbittio
890 768 119 50 humano
961 768 60 50 fa-

235 812 99 46 ctis:
301 812 88 46 Vana
356 812 77 46 est
388 812 99 46 igitura

270 837 140 56 Quintum
372 837 178 56 argumentum
512 837 89 56 est
563 837 89 56 pro
614 837 178 56 imaginibus
754 837 153 56 Spiritus
869 837 140 56 Sancti:
958 837 64 56 Co-

239 870 101 45 lumba
306 870 124 45 species
397 870 56 45 &
419 870 124 45 linguae
509 870 124 45 tanquam
600 870 101 45 ignis
667 870 68 45 in
701 870 147 45 Evangelio
814 870 56 45 &
836 870 101 45 Actis
904 870 147 45 Apostolo

229 908 78 51 rum
273 908 134 51 Spiritus
374 908 111 51 Sancti
452 908 178 51 proprietates
597 908 178 51 significant:
741 908 89 51 Ergo
797 908 134 51 Spiritus
897 908 111 51 Sancti
964 908 67 51 ima-

228 945 99 49 gines
294 945 77 49 non
338 945 88 49 sunt
381 945 88 49 idola.

267 971 105 44 RESP.
338 971 105 44 Mejor
408 971 117 44 omissa
490 971 187 44 distinguenda
642 971 94 44 est:
700 971 140 44 Imagines
806 971 94 44 quae
864 971 140 44 Spiritus
958 971 70 44 San-

241 1006 78 49 cti
285 1006 178 49 proprietates
430 1006 155 49 declarant,
552 1006 78 49 non
596 1006 89 49 sunt
652 1006 111 49 idola,
729 1006 122 49 nimirum
818 1006 200 49 repraesentatae
974 1006 56 49 ab-

231 1048 93 37 ipso
289 1048 81 37 Deo
336 1048 70 37 in
370 1048 139 37 operibus
475 1048 93 37 suis
533 1048 151 37 gratiosis
649 1048 58 37 &
672 1048 185 37 miraculosis,
822 1048 116 37 qualis
904 1048 93 37 fuit
950 1048 81 37 pate-

241 1075 124 43 factio
328 1075 75 43 S.
365 1075 75 43 S.
402 1075 174 43 Trinitatis
539 1075 100 43 quum
601 1075 149 43 Christus
713 1075 62 43 a
738 1075 137 43 Johanne
838 1075 199 43 baptizaretur
987 1075 50 43 in

238 1110 134 47 Jordane;
338 1110 111 47 qualis
416 1110 89 47 item
472 1110 89 47 fuit
527 1110 122 47 effusio
616 1110 134 47 Spiritus
716 1110 111 47 Sancti
794 1110 67 47 in
828 1110 145 47 Apostolos
939 1110 78 47 die
972 1110 56 47 il-

229 1142 78 46 lo
268 1142 116 46 magno
345 1142 207 46 Pentecostes:
513 1142 90 46 sed
565 1142 233 46 repraesentatae
759 1142 78 46 ab
798 1142 168 46 hominibus
927 1142 78 46 ad
953 1142 103 46 cultum

233 1175 172 45 religiosum,
370 1175 92 45 sunt
427 1175 114 45 idola.
507 1175 103 45 Minor
576 1175 92 45 vera
633 1175 80 45 est
679 1175 69 45 de
713 1175 160 45 imaginibus
839 1175 57 45 a
862 1175 80 45 Deo
908 1175 92 45 ipso-

234 1213 76 41 e
272 1213 126 41 quadam
361 1213 240 41 repraesentatis:
562 1213 76 41 de
600 1213 177 41 imaginibus
739 1213 101 41 vero
802 1213 101 41 quae
865 1213 76 41 ab
891 1213 151 41 hominibus.

232 1245 99 42 sunt
293 1245 148 42 effictae
404 1245 86 42 non
454 1245 123 42 datur.
540 1245 74 42 At
577 1245 74 42 de
614 1245 210 42 posterioribus
786 1245 173 42 contendunt
910 1245 123 42 Papistae

243 1279 132 51 Conclusio
345 1279 102 51 igitur
416 1279 71 51 fit
446 1279 92 51 irrita;

271 1302 124 52 Sextum
357 1302 173 52 argumentum
493 1302 87 52 est
543 1302 124 52 rursus
630 1302 87 52 pro
679 1302 173 52 imaginibus
815 1302 149 52 Christi,
914 1302 124 52 Virginis

230 1346 153 40 Mariae,
342 1346 209 40 Apostolorum
509 1346 70 40 &
537 1346 153 40 aliorum
648 1346 153 40 hominum
746 1346 153 40 Sanctorum

269 1380 153 45 Quaecunque
389 1380 131 45 imagines
488 1380 76 45 non
531 1380 87 45 modo
586 1380 87 45 Lege
641 1380 76 45 Dei
684 1380 164 45 interdictae
815 1380 76 45 non
859 1380 98 45 sunt,
925 1380 76 45 sed
958 1380 76 45 etiam

232 1416 134 46 sanctum
329 1416 61 46 &
353 1416 109 46 grati
426 1416 109 46 animi
499 1416 182 46 certissimum
645 1416 170 46 argumentum
778 1416 121 46 semper
863 1416 134 46 habitum
948 1416 85 46 illa-

248 1449 96 36 pingi
312 1449 96 36 atque
377 1449 139 36 honorari,
484 1449 75 36 cae
526 1449 139 36 nequaquam
633 1449 86 36 sunt
687 1449 107 36 idola:
762 1449 64 36 At
794 1449 128 36 imagines
890 1449 128 36 Christi,
976 1449 64 36 Vir-

231 1482 106 42 ginis
302 1482 130 42 Mariae,
396 1482 177 42 Apostolorum
538 1482 59 42 &
561 1482 130 42 aliorum
656 1482 130 42 hominum
750 1482 165 42 sanctorum,
880 1482 83 42 non
927 1482 94 42 modo
974 1482 59 42 Le-

247 1514 66 45 gi
280 1514 77 45 Dei
324 1514 164 45 interdictae
455 1514 77 45 non
498 1514 98 45 sunt,
564 1514 77 45 sed
608 1514 98 45 etiam
673 1514 120 45 sanctum
761 1514 55 45 &
783 1514 98 45 grati
848 1514 98 45 animi
903 1514 142 45 certissimum

246 1551 165 44 argumentum
376 1551 118 44 semper
458 1551 130 44 habitum
553 1551 106 44 illas
624 1551 106 44 pingi
694 1551 106 44 atque
765 1551 153 44 honorari:
883 1551 94 44 Ergo
930 1551 118 44 imagines

240 1582 92 45 illae
301 1582 71 45 non
342 1582 82 45 sunt
382 1582 82 45 idola.

276 1604 109 52 RESP.
349 1604 109 52 Minor
421 1604 85 52 est
470 1604 133 52 vitiosa
567 1604 133 52 propter
664 1604 145 52 Sophisma-

351 1653 133 37 .
448 1653 109 37 Prius
520 1653 96 37 enim
581 1653 133 37 membrum
677 1653 72 37 in
713 1653 169 37 assumtione
846 1653 121 37 falsum
930 1653 96 37 est,
979 1653 60 37 po-

254 1679 137 44 sterius,
356 1679 148 44 ambiguum.
470 1679 114 44 Falsum
550 1679 102 44 primo
618 1679 91 44 est,
675 1679 137 44 imagines
777 1679 137 44 Christi,
880 1679 114 44 Beatae
948 1679 80 44 Virgi

253 1722 85 36 nis
302 1722 61 36 &
326 1722 134 36 hominum
423 1722 134 36 aliorum
521 1722 73 36 ad
557 1722 122 36 cultum
642 1722 170 36 religiosum
776 1722 122 36 factas
861 1722 85 36 non
910 1722 97 36 esse
959 1722 85 36 Lege,

253 1747 82 37 Dei
300 1747 187 37 interdictas.
452 1747 140 37 Ambiguum
557 1747 117 37 deinde
639 1747 93 37 est,
697 1747 93 37 quod
756 1747 140 37 dicitur,
861 1747 140 37 imagines
954 1747 82 37 tales

259 1783 103 33 pingi
327 1783 103 33 atque
396 1783 138 33 honorari
500 1783 115 33 semper
580 1783 126 33 sanctum
672 1783 57 33 &
695 1783 103 33 grati
764 1783 103 33 animi
833 1783 172 33 certissimum
960 1783 80 33 argu-

243 1812 124 38 mentum
329 1812 149 38 habitum,
441 1812 112 38 nempe
516 1812 87 38 non
565 1812 87 38 Dei
615 1812 149 38 judicio,
726 1812 74 38 si
764 1812 99 38 enim
826 1812 87 38 sic
863 1812 186 38 inteliigatur:

243 1847 89 38 hoc
294 1847 140 38 membrum
396 1847 204 38 assumtionis,
562 1847 115 38 etiam
638 1847 127 38 falsum
727 1847 102 38 est:
791 1847 115 38 Verum
867 1847 140 38 erronea
957 1847 76 38 opi-

251 1885 118 31 nione
330 1885 158 31 hominum,
448 1885 66 31 &
474 1885 132 31 quidem
567 1885 92 31 non
619 1885 145 31 omnium,
724 1885 118 31 neque
803 1885 118 31 eorum
882 1885 132 31 quorum
961 1885 66 31 au-

247 1917 157 37 toritatem
368 1917 61 37 &
392 1917 145 37 exemplum
501 1917 133 37 imitari
598 1917 85 37 nos
647 1917 121 37 decet,
731 1917 109 37 velut
804 1917 182 37 Prophetarum
949 1917 85 37 vel
986 1917 48 37 A-

244 1955 177 36 postolorum,
386 1955 83 36 vel
433 1955 296 36 Apostolicorumvirorum:
694 1955 83 36 sed
741 1955 83 36 vel
788 1955 166 36 Gentilium,
919 1955 71 36 ut
942 1955 83 36 Tybe-

237 1983 81 39 rii
284 1983 151 39 Caesaris,
400 1983 81 39 ite
447 1983 151 39 Alexandri
563 1983 116 39 Severi
644 1983 174 39 Imperatoris
784 1983 81 39 qui
830 1983 140 39 imaginem
923 1983 105 39 Christ.

247 2017 69 37 in
281 2017 138 37 larariis
384 2017 92 37 suis
442 2017 161 37 habuerunt,
568 2017 57 37 &
591 2017 138 37 Christum
695 2017 103 37 inter
764 2017 92 37 deos
821 2017 115 37 humana
890 2017 138 37 autoritate

238 2050 144 39 recipere
346 2050 168 39 voluerunt;
478 2050 84 39 vel
526 2050 204 39 haereticorum,
695 2050 72 39 ut
731 2050 192 39 Gnosticorum,
887 2050 84 39 qui
923 2050 96 39 imagis

244 2087 79 34 nes
289 2087 124 34 Christi
379 2087 135 34 habebant
480 2087 56 34 &
503 2087 169 34 coronabant,
638 2087 68 34 ut
672 2087 113 34 refert
751 2087 68 34 D.
784 2087 135 34 Irenaeus
886 2087 101 34 libro
953 2087 68 34 1.
976 2087 45 34 ad

239 2116 111 41 versus
317 2116 144 41 haereses,
427 2116 89 41 cap.
483 2116 78 41 24.
527 2116 67 41 ex
560 2116 78 41 quo
605 2116 111 41 capite
682 2116 122 41 liquet,
771 2116 133 41 imaginum
871 2116 122 41 Christi
948 2116 67 41 Apo-

241 2149 179 40 stolorumque
384 2149 60 40 &
408 2149 143 40 Martyrum
515 2149 95 40 usum
575 2149 60 40 &
599 2149 119 40 cultum
682 2149 60 40 a
706 2149 155 40 Gnosticis
825 2149 167 40 haereticis
944 2149 72 40 pro-

231 2184 127 38 fectum,
324 2184 81 38 qui
370 2184 116 38 impios
451 2184 127 38 errores
544 2184 127 38 sequuti
637 2184 151 38 reliquias
753 2184 162 38 Hellenismi
880 2184 81 38 cum
915 2184 104 38 religio

234 2217 77 40 ne
273 2217 179 40 Christiana
413 2217 204 40 confuderunt:
579 2217 140 40 prorsus
681 2217 191 40 quemadmodum
834 2217 102 40 olim
885 2217 140 40 Samarita:

228 2253 77 37 ni
267 2253 141 37 Jehovam
369 2253 103 37 Deum
433 2253 154 37 Iiraelis
549 2253 141 37 Gentili
651 2253 103 37 more
715 2253 167 37 colebant.
843 2253 77 37 Ut
882 2253 103 37 enim
933 2253 77 37 Guo-

229 2282 102 43 stici
297 2282 148 43 haeretici
411 2282 171 43 ardentiores
547 2282 68 43 ac
581 2282 137 43 puriores
684 2282 125 43 Christi
775 2282 137 43 cultores
877 2282 171 43 haberentur,

230 2324 138 39 arbitrati
337 2324 96 39 sunt,
400 2324 96 39 ipsum
464 2324 170 39 effingendum,
602 2324 96 39 atque
666 2324 128 39 statutis
762 2324 53 39 &
783 2324 149 39 simulacris
889 2324 128 39 repraesen-

226 2356 135 41 tandum,
324 2356 74 41 ut
361 2356 135 41 Gentili
459 2356 98 41 more
521 2356 172 41 coleretur.
656 2356 98 41 Quod
718 2356 74 41 si
754 2356 98 41 tunc
816 2356 148 41 imaginum
927 2356 98 41 usus
976 2356 49 41 a-

219 2384 120 39 liquis
303 2384 72 39 in
339 2384 144 39 Ecclesia
447 2384 156 39 Orthodoxa
567 2384 144 39 fuisset,
674 2384 84 39 tum
722 2384 156 39 Gnosticis
842 2384 108 39 illum
914 2384 132 39 tanquam

218 2414 121 44 impium
302 2414 145 44 Irenaeus
411 2414 85 44 non
459 2414 205 44 exprobrasset.
629 2414 121 44 Promta
713 2414 97 44 enim
773 2414 109 44 illis
846 2414 133 44 fuisset
930 2414 85 44 exce-

236 2457 99 39 ptio,
302 2457 88 39 idem
357 2457 55 39 a
379 2457 132 39 caeteris
477 2457 110 39 quoque
554 2457 165 39 Christianis
686 2457 55 39 &
708 2457 154 39 orthodoxis
828 2457 154 39 factitari.
949 2457 66 39 Ac
971 2457 44 39 ne

219 2491 159 38 objiciant
341 2491 134 38 Papani,
439 2491 159 38 Gnosticos
561 2491 73 38 ab
598 2491 134 38 Irenaeo
695 2491 183 38 reprehendi,
842 2491 98 38 quod
891 2491 122 38 imaginem

226 2523 131 47 Christi
321 2523 83 47 cum
369 2523 166 47 Pythagorae
499 2523 154 47 Platonis,
618 2523 190 47 Aristotelis,
772 2523 143 47 aliisque
867 2523 143 47 profanorum

223 2546 173 56 imaginibus
359 2546 173 56 miscerent;
495 2546 173 56 observemus
631 2546 111 56 primo
705 2546 87 56 hoc
754 2546 124 56 nomine
841 2546 111 56 ipsos
903 2546 111 56 accusa-

219 2589 81 39 ri,
266 2589 93 39 quod
324 2589 140 39 depictam
429 2589 105 39 atque
498 2589 105 39 etiam
568 2589 140 39 effictam
673 2589 140 39 haberent
777 2589 128 39 Christi
870 2589 140 39 imagine:
963 2589 47 39 de

218 2619 95 47 inde
278 2619 95 47 quod
337 2619 83 47 eam
385 2619 119 47 sertis
468 2619 59 47 &
492 2619 131 47 coronis
587 2619 155 47 ornatent,
706 2619 107 47 atque
777 2619 83 47 ita
825 2619 190 47 venerarentur
967 2619 48 47 ut

216 2658 118 35 Gentes
299 2658 118 35 solent
381 2658 106 35 idola
451 2658 82 35 sua
499 2658 118 35 colere
581 2658 59 35 &
593 2658 129 35 venerari.

252 2686 125 51 Verum
336 2686 167 51 utrumque
461 2686 209 51 assumtionis
628 2686 153 51 membrum
739 2686 209 51 Catechismus
893 2686 125 51 Romanus

214 2720 142 54 probare
317 2720 154 54 conatur:
433 2720 116 54 Prius
510 2720 129 54 quidem
600 2720 90 54 hoc
639 2720 154 54 argumento;

247 2754 127 39 Christus
343 2754 127 39 Dominus,
439 2754 117 39 ejusque
523 2754 159 39 sanctissima
651 2754 64 39 ac
683 2754 138 39 purissima
789 2754 106 39 mater,
863 2754 149 39 caeterique
970 2754 42 39 os

209 2789 93 52 mnes
267 2789 116 52 sancti
348 2789 116 52 humana
430 2789 139 52 praediti
534 2789 127 52 natura,
627 2789 127 52 humanam
719 2789 127 52 speciem
812 2789 174 52 gesserunt;.
939 2789 70 52 Ergo

208 2824 103 50 eorum
276 2824 137 50 imagines
379 2824 92 50 Lege
437 2824 80 50 Dei
483 2824 172 50 interdictae
620 2824 80 50 non
666 2824 103 50 sunt:

246 2854 153 42 Posterius
364 2854 94 42 vero
411 2854 83 42 isto:

252 2894 208 46 Apostolicorum
423 2894 147 46 temporum
533 2894 171 46 monumenta,
667 2894 61 46 &
691 2894 183 46 Oecumenica.
838 2894 134 46 Synodi,
936 2894 61 46 &
948 2894 73 46 tot-

202 2919 209 53 sanctissimorum
376 2919 232 53 doctissimorumque
573 2919 116 53 Patrum
654 2919 104 53 inter
724 2919 70 53 se
759 2919 209 53 consentientium
921 2919 104 53 scripta

210 2962 174 42 confirmant,
350 2962 139 42 imagines
454 2962 139 42 Christi,
559 2962 116 42 Mariae
640 2962 139 42 Virginis
744 2962 197 42 caeterorumque
895 2962 128 42 sanctorum

208 2985 136 49 imagines
310 2985 125 49 pingero
400 2985 102 49 atque
468 2985 147 49 honorare,
582 2985 125 49 sanctum
672 2985 57 49 &
695 2985 102 49 grati
763 2985 102 49 animi
831 2985 170 49 certissimum
955 2985 57 49 ar-

207 3028 144 45 gumentum
315 3028 120 45 semper
399 3028 132 45 habitum
495 3028 108 45 esse.
568 3028 96 45 Ergo
628 3028 84 45 ita
676 3028 84 45 res
724 3028 108 45 habet

243 3055 122 48 RESP.
324 3055 81 48 ad
364 3055 149 48 prioris
472 3055 135 48 membri
567 3055 216 48 probationem,
742 3055 81 48 in
783 3055 81 48 ea
823 3055 149 48 Majorem
918 3055 95 48 omis-

208 3084 94 55 sam,
267 3084 199 55 universaliter
431 3084 187 55 intellectam,
583 3084 117 55 falsam
665 3084 105 55 esse.
736 3084 129 55 Quaedam
829 3084 94 55 enim
888 3084 117 55 tantum
958 3084 47 55 i-

201 3124 135 50 magines
299 3124 148 50 humanae,
410 3124 98 50 Lege
471 3124 86 50 Dei
521 3124 135 50 vetitae
619 3124 86 50 non
668 3124 111 50 sunt,
742 3124 111 50 nempe
816 3124 98 50 quae
878 3124 111 50 extra
939 3124 74 50 tem-

205 3162 89 52 pla,
260 3162 100 52 citra
327 3162 188 52 idololatriae,
482 3162 199 52 superstitionis
648 3162 77 52 aut
692 3162 133 52 scandali
792 3162 144 52 periculum
902 3162 55 52 &
913 3162 111 52 speciem.

207 3199 82 41 vel
254 3199 70 41 ad
289 3199 140 41 memoriam
394 3199 82 41 rei
441 3199 128 41 gestae,
534 3199 82 41 vel
581 3199 70 41 ad
616 3199 140 41 ornatum,
721 3199 82 41 vel
768 3199 70 41 ad
803 3199 199 41 oblectationem
955 3199 58 41 vi-

195 3227 82 64 tae
242 3227 153 64 liberalem
360 3227 165 64 pertinent.
490 3227 165 64 Quaecunque
619 3227 94 64 vero
678 3227 141 64 imagines
784 3227 82 64 vel
831 3227 71 64 in
867 3227 130 64 templis
949 3227 59 64 ver

1063 143 69 58 in
1098 143 150 58 compitis,
1213 143 81 58 vel
1259 143 115 58 alibi,
1340 143 127 58 publice
1432 143 81 58 aut
1478 143 150 58 privatim,
1593 143 69 58 ad
1628 143 115 58 cultum
1708 143 81 58 Dei
1754 143 81 58 vel
1800 143 69 58 ad
1823 143 58 58 on-

1064 192 114 41 natum
1140 192 189 41 periculosum
1292 192 164 41 ponuntur,
1418 192 101 41 Lege
1481 192 88 41 Dei
1532 192 177 41 prohibitae
1670 192 114 41 sunt.
1746 192 88 41 Sed
1797 192 76 41 ad
1822 192 63 41 eum

1072 229 115 46 finem
1149 229 153 46 ponuntur
1263 229 153 46 imagines
1378 229 153 46 Christi,
1493 229 127 46 Mariae
1582 229 153 46 Virginis
1697 229 64 46 &
1722 229 140 46 aliorum
1812 229 76 46 san-

1073 255 133 51 ctorum:
1169 255 97 51 Sunt
1230 255 121 51 igitur
1302 255 145 51 prohibitae

1107 284 191 48 Posterioris
1260 284 127 48 membri
1349 284 152 48 probatio
1463 284 114 48 habet
1539 284 178 48 antecedens
1679 284 191 48 sophisticum
1819 284 64 48 ol-

1073 323 164 43 fallaciam
1579 323 139 43 .
1680 323 126 43 Primum
1768 323 101 43 enim
1819 323 63 43 mem

1072 363 94 40 brum
1131 363 118 40 falsum
1214 363 94 40 est,
1273 363 94 40 quia
1332 363 177 40 Apostolicis
1473 363 153 40 temporibs
1591 363 142 40 imagines
1697 363 142 40 Christi,
1803 363 71 40 B.
1827 363 59 40 Ma-

1067 397 103 38 riae
1132 397 64 38 &
1157 397 168 38 sanctorum
1286 397 64 38 a
1312 397 103 38 vere
1376 397 193 38 Christianis
1531 397 90 38 non
1583 397 180 38 habebantur
1724 397 90 38 nec
1763 397 129 38 coleban-

1077 430 102 42 tur.
1141 430 77 42 In
1180 430 141 42 margine
1282 430 192 42 Catechismus
1436 430 141 42 Romanus
1538 430 115 42 notat
1615 430 167 42 Historiae
1730 430 167 42 Tripartitae

1077 467 134 40 librum
1170 467 147 40 sextum,
1277 467 107 40 cap.
1344 467 240 40 quadragesprim.
1544 467 93 40 ubi
1597 467 227 40 commemoratur,
1771 467 120 40 statuam

1077 499 127 40 Christi
1170 499 127 40 fusilem
1262 499 69 40 in
1297 499 139 40 Caesarea
1401 499 150 40 Philippi,
1516 499 139 40 civitate
1620 499 173 40 Phoeniciae,
1758 499 92 40 quam
1805 499 92 40 Panca-

1078 531 68 43 da
1112 531 146 43 vocabant,
1224 531 113 43 fuisse
1303 531 56 43 a
1326 531 124 43 muliere
1416 531 90 43 illa
1472 531 146 43 sanguinis
1585 531 146 43 profluvio
1697 531 135 43 liberata
1788 531 101 43 posita:

1079 564 145 44 lludque
1184 564 184 44 simulacrum
1329 564 132 44 omnium
1421 564 171 44 passionum
1553 564 66 44 &
1579 564 211 44 aegritudinum
1750 564 132 44 fuisse
1829 564 66 44 me-

1070 601 189 32 dicamentum,
1222 601 152 32 juxtaque
1336 601 114 32 illud
1411 601 139 32 quandam
1512 601 126 32 herbam
1601 601 189 32 germinasse,
1752 601 114 32 cujus
1815 601 76 32 spe-

1080 635 98 35 ciem
1141 635 122 35 nullus
1226 635 134 35 Medicus
1324 635 110 35 licet
1397 635 147 35 expertus
1507 635 183 35 cognoverit:
1654 635 110 35 illud
1727 635 171 35 simulacrum
1849 635 37 35 a

1081 667 133 39 Juliano
1177 667 145 39 Apostata
1286 667 145 39 dejectum
1395 667 60 39 &
1419 667 60 39 a
1443 667 133 39 Paganis
1539 667 133 39 tractum
1636 667 217 39 confractumque,
1805 667 84 39 post-

1077 707 74 35 ea
1114 707 62 35 a
1139 707 186 35 Christianis
1287 707 161 35 collectum
1411 707 74 35 in
1448 707 161 35 Ecclesiam
1572 707 173 35 reconditum
1709 707 62 35 &
1733 707 173 35 asservatum

1078 734 124 37 fuisse.
1168 734 102 37 Notat
1236 734 113 37 ibidem
1315 734 169 37 Catechismus
1450 734 90 37 lib.
1507 734 68 37 8.
1541 734 90 37 cap.
1597 734 68 37 4.
1631 734 147 37 Historiae
1733 734 158 37 Ecclesiasti-

1081 771 85 36 cae
1130 771 146 36 Eusebii,
1239 771 85 36 sed
1288 771 73 36 in
1325 771 159 36 Exemplari
1447 771 134 36 Eusebii
1544 771 159 36 Editionis
1666 771 183 36 Frobenianae
1801 771 85 36 Aunn-

1075 804 104 36 1544.
1145 804 104 36 nihil
1214 804 81 36 ibi
1260 804 161 36 reperitur,
1387 804 104 36 verum
1456 804 92 36 lib.
1514 804 69 36 7.
1548 804 92 36 cap.
1606 804 81 36 14.
1652 804 138 36 narratio
1756 804 69 36 de
1790 804 115 36 statua
1859 804 35 36 a

1066 834 129 39 muliere
1160 834 94 39 illa
1218 834 117 39 posita
1300 834 152 39 refertur,
1417 834 58 39 &
1441 834 140 39 dicitur,
1546 834 58 39 e
1569 834 94 39 basi
1628 834 129 39 statuae
1721 834 117 39 aeneae
1791 834 94 39 herbam

1076 869 126 44 quandam
1167 869 114 44 nasci,
1247 869 92 44 quae
1304 869 80 44 cum
1350 869 103 44 usque
1419 869 69 44 ad
1453 869 114 44 stolae
1533 869 114 44 illius
1613 869 103 44 aerei
1682 869 149 44 indumenti
1785 869 103 44 simbria

1075 900 181 38 excreverit,
1219 900 120 38 eamque
1304 900 181 38 contigerit,
1448 900 108 38 vires
1521 900 96 38 inde
1581 900 72 38 ad
1617 900 181 38 depellendos
1762 900 108 38 omnes
1822 900 72 38 mor-

1078 939 82 40 bos
1125 939 164 40 conquitat:
1254 939 82 40 Ait
1301 939 117 40 ibidem
1383 939 152 40 Eusebius,
1500 939 70 40 se
1535 939 129 40 vidisse
1628 939 140 40 imagines
1734 939 117 40 Petri,
1804 939 82 40 Pauli

1068 971 60 39 &
1092 971 168 39 Salvatoris
1224 971 72 39 in
1260 971 132 39 tabulis
1356 971 156 39 depictas.
1476 971 84 39 Sed
1525 971 144 39 Eusebius
1633 971 108 39 eodem
1705 971 120 39 capite
1777 971 108 39 refuta-

1072 1009 118 38 tionem
1155 1009 106 38 nobis
1226 1009 201 38 subministrat:
1391 1009 83 38 nam
1439 1009 142 38 expresse
1545 1009 95 38 ait;
1604 1009 95 38 sibi
1663 1009 118 38 videri
1746 1009 71 38 ex
1770 1009 118 38 Gentilio

1084 1038 178 40 consuetudine
1229 1038 67 40 id
1262 1038 189 40 indifferenter
1418 1038 167 40 observatum,
1552 1038 89 40 quod
1607 1038 134 40 Gentiles
1708 1038 78 40 ita
1752 1038 123 40 soleant
1830 1038 56 40 ho-

1075 1077 132 38 norare,
1171 1077 96 38 quos
1231 1077 120 38 honore
1315 1077 120 38 dignos
1399 1077 156 38 duxerint.
1519 1077 84 38 Non
1567 1077 96 38 ergo
1627 1077 72 38 ex
1663 1077 168 38 Apostolica
1783 1077 108 38 autori-

1072 1108 106 38 tate,
1143 1108 83 38 sed
1190 1108 71 38 ex
1226 1108 130 38 Gentili
1320 1108 189 38 consuetudine
1473 1108 106 38 ortum
1544 1108 106 38 fuit,
1615 1108 94 38 quod
1674 1108 71 38 hi
1709 1108 83 38 qui
1756 1108 71 38 ex
1780 1108 118 38 Gentili-

1075 1140 83 38 bus
1123 1140 154 38 beneficio
1241 1140 130 38 quopiam
1336 1140 59 38 a
1359 1140 130 38 Christo
1454 1140 83 38 vel
1501 1140 154 38 Apostolis
1620 1140 130 38 affecti
1714 1140 142 38 fuerant.
1809 1140 83 38 ipso-

1080 1175 91 35 rum
1132 1175 142 35 tanquam
1235 1175 207 35 benefactorum
1404 1175 155 35 imagines
1520 1175 142 35 depingi
1624 1175 194 35 curaverint:
1779 1175 78 35 eo
1805 1175 78 35 quo-

1078 1209 215 35 existimaverint,
1259 1209 136 35 imagines
1361 1209 79 35 vel
1406 1209 125 35 statuas
1497 1209 181 35 benefactorum
1645 1209 170 35 reservatas,
1781 1209 68 35 ad
1803 1209 91 35 poste-

1080 1243 116 36 rorum
1157 1243 167 36 memoriam,
1286 1243 141 36 illorum
1388 1243 154 36 honoris,
1504 1243 90 36 sui
1555 1243 103 36 vero
1619 1243 128 36 amoris
1709 1243 154 36 indicium
1812 1243 77 36 esse

1109 1278 158 39 Membrum
1223 1278 172 39 secundum
1353 1278 172 39 ambiguum
1482 1278 115 39 est:
1554 1278 215 39 Oecumenicae
1726 1278 115 39 enim
1783 1278 115 39 Synodi

1077 1311 82 41 vel
1124 1311 94 41 vere
1183 1311 106 41 tales
1253 1311 94 41 sunt
1312 1311 59 41 &
1335 1311 152 41 dicuntur,
1452 1311 117 41 qualis
1535 1311 82 41 est
1581 1311 117 41 Nicena
1664 1311 117 41 prima,
1734 1311 164 41 Chalcedonen-

1080 1343 82 38 sis
1127 1343 58 38 &
1150 1343 140 38 similes;
1256 1343 128 38 quaedam
1349 1343 105 38 falso
1419 1343 82 38 ita
1466 1343 187 38 appellantur,
1618 1343 70 38 ut
1653 1343 117 38 Nicena
1734 1343 140 38 secunda,
1828 1343 70 38 Flo-

1077 1378 142 40 rentina,
1184 1378 166 40 Tridentina
1314 1378 59 40 &
1326 1378 119 40 similes.

1116 1412 148 32 Membrum
1223 1412 148 32 tertium
1331 1412 135 32 falsum
1426 1412 108 32 est:
1493 1412 94 32 Nam
1547 1412 135 32 Patrum
1642 1412 243 32 sanctissimorum
1831 1412 67 32 do-

1083 1444 209 40 ctissimorumque
1257 1444 104 40 inter
1327 1444 70 40 se
1362 1444 209 40 consentientium
1535 1444 139 40 scripta,
1640 1444 139 40 imagines
1744 1444 116 40 cultus
1813 1444 70 40 caus

1086 1480 129 38 factas
1176 1480 155 38 damnant,
1293 1480 103 38 quod
1357 1480 65 38 a
1383 1480 116 38 nobis
1460 1480 155 38 ostensum
1576 1480 77 38 in
1615 1480 168 38 Symphonia
1731 1480 155 38 Catholicat

1076 1511 93 47 cap
1116 1511 278 47 quadragesimoquarto.

1110 1533 160 63 Paterculi
1232 1533 98 63 vero
1294 1533 172 63 Tridentini
1429 1533 98 63 tria
1490 1533 98 63 alia
1551 1533 160 63 argumenta
1674 1533 147 63 adducunt
1785 1533 86 63 pro
1821 1533 74 63 ima-

1083 1579 139 51 ginibus,
1188 1579 93 51 quae
1246 1579 116 51 itidem
1315 1579 151 51 refellemus:

1123 1618 113 42 PRIMUM
1202 1618 90 42 est:
1258 1618 158 42 Imaginibus
1382 1618 79 42 sic
1427 1618 146 42 exhibetur
1539 1618 113 42 honor,
1618 1618 68 42 ut
1652 1618 68 42 is
1685 1618 146 42 referatur
1798 1618 68 42 ad
1820 1618 68 42 pro-

1078 1649 121 41 totypa,
1166 1649 88 41 quae
1221 1649 99 41 illae
1286 1649 197 41 repraesentant,
1451 1649 77 41 ita
1495 1649 66 41 ut
1527 1649 77 41 per
1571 1649 132 41 imagines
1670 1649 110 41 quibus
1747 1649 110 41 oscula
1812 1649 88 41 devoti

1089 1681 136 32 homines
1188 1681 124 32 figunt
1274 1681 62 32 &
1299 1681 112 32 coram
1374 1681 124 32 quibus
1460 1681 112 32 caput
1535 1681 149 32 aperiunt
1646 1681 62 32 &
1671 1681 186 32 procumbunt,
1807 1681 87 32 Chri-

1077 1716 92 44 stum
1135 1716 139 44 adorent;
1239 1716 58 44 &
1262 1716 139 44 Sanctos,
1366 1716 116 44 quorum
1447 1716 92 44 ille
1505 1716 196 44 similitudinem
1667 1716 127 44 gerunt,
1759 1716 162 44 veneretur.

1088 1746 132 49 Imagines
1187 1746 110 49 igitur
1265 1746 77 49 non
1309 1746 88 49 sunt
1353 1746 77 49 idola

1110 1774 110 52 RESP.
1183 1774 86 52 per
1232 1774 135 52 .
1331 1774 86 52 Imo
1380 1774 160 52 propterea
1502 1774 147 52 imagines
1613 1774 98 52 sunt
1674 1774 123 52 idola:
1760 1774 98 52 quia
1809 1774 86 52 illis

1065 1816 138 35 homines
1166 1816 126 35 devoti
1254 1816 151 35 exhibent
1367 1816 138 35 honorem
1468 1816 63 35 &
1493 1816 126 35 oscula
1581 1816 126 35 figunt
1669 1816 63 35 &
1694 1816 113 35 coram
1769 1816 113 35 illis
1832 1816 63 35 ca-

1093 1851 87 39 aut
1142 1851 149 39 aperiunt
1254 1851 62 39 &
1279 1851 186 39 procumbunt,
1427 1851 161 39 imitantes
1551 1851 74 39 in
1588 1851 74 39 eo
1626 1851 149 39 Ethnicos
1725 1851 161 39 idololatras

1090 1891 85 39 qui
1138 1891 121 39 Baalis
1223 1891 133 39 statuam
1320 1891 194 39 osculabantur
1477 1891 61 39 &
1502 1891 170 39 adorabant,
1635 1891 73 39 1.
1671 1891 97 39 Reg.
1732 1891 85 39 19.
1780 1891 85 39 18.
1816 1891 73 39 quia

1076 1920 79 45 ad
1115 1920 118 45 illas
1194 1920 171 45 sanctorum
1326 1920 158 45 imagines
1444 1920 171 45 Dominicam
1576 1920 171 45 orationem
1708 1920 211 45 pronunciant,

1078 1952 72 40 ut
1114 1952 108 40 habet
1186 1952 180 40 Catechismus
1330 1952 132 40 Romanus
1426 1952 108 40 parte
1499 1952 132 40 quarta,
1595 1952 96 40 cap.
1655 1952 120 40 sexto,
1739 1952 120 40 quaest
1811 1952 36 40 ;

1102 1986 65 40 At
1135 1986 108 40 cultus
1211 1986 98 40 ille,
1276 1986 98 40 ajunt
1341 1986 141 40 paterculi
1449 1986 163 40 Tridentini,
1579 1986 130 40 refertur
1677 1986 65 40 ad
1699 1986 130 40 prototypa.

1103 2013 113 45 RESP.
1179 2013 163 45 Propterea
1304 2013 151 45 imagines
1417 2013 88 45 non
1467 2013 151 45 desinunt
1580 2013 100 45 esse
1643 2013 125 45 idola:
1731 2013 100 45 quia
1794 2013 125 45 vituli

1071 2047 147 39 Aaronici
1181 2047 122 39 cultus
1266 2047 183 39 referebatur
1413 2047 73 39 ad
1449 2047 134 39 Jehovam
1547 2047 85 39 qui
1596 2047 171 39 Israelitas
1730 2047 147 39 eduxerat
1828 2047 61 39 ex-

1076 2085 134 37 AEgypto;
1176 2085 134 37 dixerunt
1276 2085 89 37 enim
1332 2085 67 37 de
1365 2085 123 37 vitulo;
1455 2085 67 37 Hi
1488 2085 89 37 sunt
1544 2085 78 37 dii
1588 2085 78 37 tui
1633 2085 123 37 Israel,
1722 2085 78 37 qui
1755 2085 134 37 eduxerumt,

1068 2124 64 26 te
1100 2124 54 26 e
1122 2124 97 26 terra
1186 2124 129 26 Aegypti,
1283 2124 86 26 Exo.
1337 2124 75 26 32.
1380 2124 64 26 v.
1412 2124 64 26 4,
1444 2124 54 26 &
1466 2124 64 26 8.
1498 2124 64 26 Et
1530 2124 97 26 Aaron
1595 2124 140 26 exstruxit
1702 2124 107 26 altare
1778 2124 97 26 coram
1831 2124 54 26 eo.

1070 2152 204 38 proclamavitque
1240 2152 136 38 dicendo,
1342 2152 113 38 Festum
1421 2152 125 38 Iehovae
1512 2152 91 38 cras
1569 2152 102 38 erit,
1637 2152 79 38 vel
1682 2152 68 38 ut
1716 2152 125 38 Vulgata
1795 2152 91 38 versio

1063 2187 134 38 habet:
1156 2187 107 38 Cras
1223 2187 187 38 solennitas
1370 2187 134 38 DOMINI
1464 2187 107 38 est:
1531 2187 67 38 &
1558 2187 120 38 tamen
1638 2187 147 38 vitulus
1745 2187 107 38 ille
1812 2187 107 38 erat

1055 2218 111 40 dolum

1092 2252 186 46 SECUNDUM
1231 2252 217 46 argumentum
1402 2252 248 46 paterculorum
1603 2252 264 46 Tridentinorum
1805 2252 78 46 est

1047 2277 94 46 istud

1095 2315 170 51 Imaginibus
1228 2315 182 51 exprimuntur
1374 2315 158 51 historiae
1495 2315 182 51 mysteriorum
1640 2315 133 51 nostrae
1725 2315 170 51 redemtionis,

1072 2350 80 48 &c.
1117 2350 91 48 Ergo
1174 2350 136 48 imagines
1276 2350 80 48 non
1322 2350 91 48 sunt
1367 2350 91 48 idola.

1095 2388 114 39 RESP.
1171 2388 114 39 Major
1247 2388 126 39 omissa
1336 2388 126 39 nempe,
1424 2388 164 39 Quocunque
1550 2388 190 39 exprimuntur
1702 2388 164 39 historiae
1816 2388 63 39 my-

1061 2415 225 52 steriorumnostrae
1252 2415 180 52 redemtionis,
1398 2415 67 52 id
1432 2415 79 52 non
1477 2415 79 52 est
1521 2415 124 52 idolum;
1611 2415 135 52 universe
1712 2415 157 52 intellecta
1825 2415 56 52 est

1063 2457 120 41 falsa.
1147 2457 96 41 Vera
1207 2457 96 41 enim
1267 2457 120 41 tantum
1350 2457 84 41 est
1398 2457 72 41 de
1434 2457 72 41 eo
1470 2457 96 41 quod
1530 2457 84 41 non
1578 2457 132 41 colitur
1674 2457 168 41 adoratione
1793 2457 84 41 reli-

1061 2493 126 40 giosa:
1150 2493 152 40 quicquid
1264 2493 114 40 autem
1339 2493 139 40 praeter
1441 2493 101 40 Deum
1504 2493 177 40 adoratione
1643 2493 164 40 religiosa
1757 2493 126 40 colitur:

1049 2527 138 31 etiamsi
1150 2527 163 31 historias
1275 2527 188 31 mysteriorum
1426 2527 138 31 nostrae
1526 2527 188 31 redemtionis
1664 2527 213 31 repraesentaret.

1068 2559 112 46 dolum
1142 2559 99 46 est.
1204 2559 112 46 Atqui
1279 2559 149 46 imagines
1390 2559 112 46 illae
1465 2559 161 46 Papanorum
1589 2559 174 46 adorantur:
1725 2559 99 46 unde
1787 2559 112 46 sequi

1069 2595 74 39 ur
1106 2595 99 39 eas,
1168 2595 173 39 quantumvis
1304 2595 161 39 historias
1428 2595 186 39 mysteriorum
1576 2595 136 39 nostrae
1675 2595 186 39 redemtionis
1811 2595 62 39 re-

1060 2627 170 47 praesentent,
1198 2627 85 47 esse
1241 2627 74 47 idola

1094 2653 143 45 TERTIUM
1198 2653 91 45 hoc
1250 2653 104 45 est:
1316 2653 78 45 Ex
1355 2653 143 45 omnibus
1459 2653 130 45 sacris
1550 2653 182 45 imaginibus
1694 2653 130 45 magnus
1772 2653 117 45 fructus

1058 2696 158 42 percipitur:
1184 2696 84 42 Ergo
1236 2696 95 42 illae
1299 2696 74 42 non
1341 2696 84 42 sunt
1383 2696 84 42 idola.

1085 2729 115 46 RESP.
1162 2729 179 46 Antecedens
1303 2729 128 46 falsum
1379 2729 77 46 est,

1088 2763 109 37 Illud
1161 2763 85 37 sic
1209 2763 134 37 probare
1306 2763 158 37 conantur,
1428 2763 97 37 quia
1489 2763 85 37 non
1537 2763 109 37 solum
1610 2763 170 37 imaginibus
1731 2763 146 37 admoneatus

1052 2797 130 43 populus
1147 2797 190 43 beneficiorum
1301 2797 59 43 &
1325 2797 130 43 munerum
1420 2797 95 43 quae
1479 2797 59 43 a
1503 2797 130 43 Christo
1597 2797 95 43 sibi
1657 2797 130 43 collata
1752 2797 107 43 sunt,
1823 2797 83 43 sed

1059 2828 104 44 etiam
1129 2828 92 44 quia
1186 2828 81 44 Dei
1232 2828 81 44 per
1278 2828 127 44 sanctos
1371 2828 138 44 miracula
1474 2828 58 44 &
1497 2828 150 44 salutaria
1612 2828 127 44 exempla
1705 2828 115 44 oculis
1774 2828 115 44 fidelium

1073 2864 190 36 subjiciantur,
1230 2864 67 36 ut
1263 2864 78 36 pro
1308 2864 78 36 iis
1353 2864 78 36 Deo
1398 2864 123 36 gratias
1487 2864 112 36 agant,
1565 2864 67 36 ad
1599 2864 179 36 sanctorumque
1733 2864 146 36 imitationem

1056 2898 105 40 vitam
1127 2898 141 40 moresque
1232 2898 94 40 suos
1290 2898 164 40 componant,
1419 2898 199 40 excitenturque
1583 2898 70 40 ad
1618 2898 152 40 adorandum
1735 2898 70 40 ac
1759 2898 117 40 diligens

1053 2936 92 36 dum
1106 2936 119 36 Deum,
1185 2936 66 36 &
1211 2936 79 36 ad
1251 2936 159 36 pietatem
1357 2936 145 36 colendam?

1093 2961 105 41 RESP.
1163 2961 128 41 Petitio
1256 2961 81 41 est
1302 2961 163 41 principii:
1430 2961 93 41 quia
1488 2961 81 41 hos
1535 2961 93 41 usus
1593 2961 151 41 Scriptura
1709 2961 105 41 Sacra
1778 2961 81 41 non
1813 2961 70 41 ima-

1052 2999 154 43 ginibus,
1168 2999 90 43 sed
1219 2999 180 43 Scripturae
1360 2999 128 43 Sacrae
1450 2999 64 43 &
1476 2999 115 43 vivae
1552 2999 218 43 praedicationi
1719 2999 167 43 ministrorum

1053 3034 111 40 verbi
1126 3034 123 40 divini
1212 3034 147 40 tribuit.
1323 3034 123 40 Paulus
1409 3034 86 40 non
1458 3034 98 40 ait,
1520 3034 147 40 Imagines
1630 3034 147 40 quotidie
1741 3034 147 40 intueris
1839 3034 37 40 &

1051 3068 66 34 ex
1084 3068 99 34 illis
1150 3068 111 34 discis
1228 3068 122 34 salutis
1316 3068 155 34 mysterium,
1438 3068 88 34 sed,
1493 3068 111 34 Sacras
1570 3068 122 34 literas
1659 3068 55 34 a
1681 3068 99 34 pucro
1747 3068 111 34 nosti;
1814 3068 66 34 quae

1057 3097 69 44 te
1092 3097 127 44 possent
1184 3097 150 44 supientem
1300 3097 127 44 reddere
1392 3097 69 44 ad
1427 3097 127 44 salutem
1519 3097 81 44 per
1565 3097 104 44 fidem
1635 3097 92 44 quae
1692 3097 81 44 est
1738 3097 69 44 in
1762 3097 115 44 Christo.

1053 3133 104 39 Iesu.
1123 3133 93 39 Tota
1181 3133 93 39 enim
1239 3133 151 39 Scriptura
1355 3133 162 39 diuvinitus
1482 3133 81 39 est
1528 3133 151 39 inspirota
1644 3133 58 39 &
1667 3133 116 39 utilis
1749 3133 70 39 ad
1772 3133 104 39 doctri-

1049 3167 90 40 nam,
1105 3167 67 40 ad
1138 3167 202 40 redargutionem,
1307 3167 67 40 ad
1340 3167 190 40 correctionem,
1497 3167 67 40 ad
1531 3167 190 40 institutionem
1688 3167 67 40 in
1721 3167 146 40 justitia,
1833 3167 67 40 ut

1041 3204 154 42 perfectus
1159 3204 83 42 sit
1207 3204 94 42 homo
1266 3204 83 42 Dei
1313 3204 71 42 ad
1348 3204 94 42 omne
1407 3204 94 42 opus
1466 3204 106 42 bonum
1537 3204 142 42 perfecte
1644 3204 177 42 instructus,
1785 3204 71 42 2.
1809 3204 59 42 Tim

1050 3232 71 57 3.
1086 3232 71 57 v.
1121 3232 83 57 14,
1169 3232 119 57 15,16.
1252 3232 119 57 Paulus
1336 3232 83 57 non
1383 3232 95 57 ait,
1443 3232 107 57 Fides
1514 3232 83 57 est
1562 3232 71 57 ex
1597 3232 131 57 aspectu
1693 3232 155 57 imaginum,
1812 3232 83 57 sed
