2063 3520
234 141 85 76 I.
276 141 114 76 Quia
348 141 85 76 in
390 141 128 76 nobis
476 141 114 76 post
547 141 142 76 lapsum
647 141 171 76 primorum
775 141 185 76 parentum,
903 141 114 76 primum

184 188 91 50 opus
241 188 80 50 est
286 188 217 50 resipiscentiae,
469 188 68 50 ut
503 188 148 50 recedamus
617 188 57 50 a
640 188 103 50 malo,
709 188 68 50 ut
743 188 80 50 qui
789 188 68 50 in
823 188 91 50 malo
880 188 91 50 nati
926 188 68 50 sum-

187 232 160 43 secundum
307 232 120 43 demum
387 232 107 43 opus
454 232 93 43 est
507 232 160 43 effectio
627 232 120 43 boni.
708 232 174 43 Propterea
841 232 147 43 mandata
935 232 53 43 DE

192 265 95 55 sunt
252 265 167 55 interdicti
383 265 95 55 modo
442 265 167 55 proposita,
573 265 71 55 ut
609 265 83 55 tum
657 265 71 55 id
692 265 71 55 in
728 265 83 55 quo
776 265 107 55 summe
847 265 83 55 nos
883 265 107 55 occupa-

186 301 71 53 ri
222 301 95 53 opus
281 301 95 53 est,
340 301 178 53 ostendatur;
482 301 83 53 tum
529 301 71 53 ex
565 301 178 53 consequente
707 301 166 53 praeceptum
837 301 95 53 boni
884 301 107 53 contra-

195 329 72 48 rii
236 329 205 48 subintelligatur.

274 369 165 64 Hactenus
398 369 110 64 fuit
467 369 192 64 explicatio
618 369 179 64 Decalogi:
755 369 165 64 sequitur
865 369 55 64 de

485 417 86 57 usu
534 417 111 57 legis
596 417 123 57 moralis.

222 467 109 60 Legis
295 467 146 60 impletio
404 467 85 60 est
452 467 109 60 nobis
525 467 85 60 per
574 467 146 60 peccatum
683 467 158 60 corruptis
804 467 73 60 in
840 467 85 60 hac
889 467 97 60 vita
937 467 61 60 im-

196 520 169 42 possibilis,
331 520 90 42 Rom.
388 520 68 42 8.
422 520 68 42 3.
456 520 90 42 Etsi
512 520 102 42 autem
580 520 90 42 Deus
636 520 56 42 a
659 520 102 42 nobis
727 520 79 42 ita
772 520 147 42 corruptis
885 520 136 42 postulet
975 520 34 42 &

198 554 155 40 requirat,
317 554 96 40 quod
377 554 155 40 praestare
497 554 60 40 a
520 554 107 40 nobis
592 554 107 40 ipsis
664 554 84 40 non
711 554 155 40 possumus:
831 554 107 40 tamen
902 554 84 40 lex
938 554 60 40 mo-

195 587 105 51 ralis
266 587 82 51 non
312 587 82 51 est
359 587 129 51 frustra
453 587 59 51 a
477 587 82 51 Deo
523 587 141 51 tradita.
629 587 82 51 Nam
676 587 94 51 usus
734 587 105 51 Legis
805 587 129 51 moralis
887 587 117 51 duplices

196 611 111 50 sunt;
269 611 147 50 communes
380 611 86 50 vel
417 611 98 50 propri

222 652 152 40 Communes
337 652 114 40 sunt,
413 652 89 40 qui
464 652 76 40 ad
502 652 140 40 electos
603 652 64 40 &
629 652 152 40 reprobos
743 652 76 40 ex
781 652 114 40 aequo
845 652 152 40 pertinent.

185 677 157 54 suntque
299 677 143 54 numero
385 677 100 54 octo:

225 709 77 53 I.
264 709 77 53 Ut
302 709 142 53 revocet
405 709 116 53 nobis
482 709 77 53 in
521 709 154 53 memoriam
637 709 142 53 felicem
740 709 129 53 statum
830 709 77 53 in
868 709 90 53 quo
907 709 103 53 creati

195 741 120 52 fuimus
279 741 72 52 ab
315 741 132 52 initio,
411 741 72 52 in
447 741 84 52 quo
495 741 96 52 Deus
555 741 108 52 nobis
626 741 132 52 dederat
722 741 168 52 facultatem
842 741 168 52 perficiendi.

198 786 93 48 quod
257 786 117 48 jubet;
339 786 129 48 dederat
432 786 105 48 posse
502 786 152 48 praestare
607 786 82 48 legem

219 818 87 41 II.
268 818 74 41 Ut
305 818 148 41 testetur
417 818 74 41 se
454 818 136 41 nostrum
553 818 136 41 Dominum
652 818 111 41 esse,
726 818 87 41 qui
775 818 87 41 jus
825 818 124 41 habeat
899 818 99 41 postu-

192 852 108 50 landi
264 852 60 50 a
288 852 108 50 nobis
361 852 157 50 perfectam
481 852 108 50 illam
553 852 193 50 obedientiam,
710 852 96 50 ante
770 852 120 50 lapium
842 852 157 50 praeceptam.

206 889 77 35 us
245 889 103 35 enim
309 889 103 35 suum
373 889 90 35 per
424 889 128 35 lapsum
514 889 141 35 nostrum
616 889 90 35 non
668 889 141 35 amisit:
770 889 103 35 Ideo
834 889 128 35 merito
911 889 90 35 etiam

196 928 97 39 post
257 928 122 39 lapsum
342 928 61 39 a
366 928 109 39 nobis
439 928 182 39 obedientiam
585 928 109 39 illam
658 928 158 39 requirit,
779 928 97 39 quia
840 928 158 39 praestare
949 928 61 39 eam

193 956 137 38 debemus
292 956 62 38 &
317 956 174 38 potestatem
454 956 174 38 praestandi
591 956 75 38 in
628 956 112 38 prima
703 956 162 38 creatione
827 956 149 38 dederat:
927 956 62 38 pro

200 990 104 44 pter
395 990 117 44 autem
473 990 65 44 &
499 990 195 44 impotentiam
656 990 169 44 implendae
786 990 117 44 legis
864 990 91 44 per
903 990 104 44 lapsum

186 1024 168 34 attractam,
318 1024 96 34 Deus
378 1024 84 34 jus
425 1024 96 34 suum
485 1024 84 34 non
533 1024 132 34 amisit,
629 1024 84 34 nec
677 1024 156 34 remittit:
797 1024 72 34 ac
832 1024 132 34 proinde
916 1024 84 34 tene-

199 1057 84 44 mur
247 1057 109 44 Legem
320 1057 205 44 perfectissime
488 1057 133 44 implere
585 1057 96 44 sive
645 1057 84 44 per
693 1057 84 44 nos
742 1057 121 44 ipsos,
826 1057 96 44 sive
886 1057 84 44 per
923 1057 84 44 alium

192 1093 147 41 tanquam
299 1093 174 41 sponsorem
432 1093 107 41 loco
486 1093 107 41 nostro

226 1124 99 40 III.
288 1124 74 40 Ut
325 1124 137 40 repetat
424 1124 62 40 &
449 1124 161 40 illustret
573 1124 112 40 legem
648 1124 137 40 naturae
747 1124 87 40 per
796 1124 149 40 peccatum
896 1124 99 40 obtene

191 1153 144 42 bratam.
296 1153 170 42 Decalogus
427 1153 105 42 enim
492 1153 92 42 seu
545 1153 92 42 Lex
597 1153 144 42 Moralis
702 1153 118 42 legem
780 1153 144 42 naturae
872 1153 131 42 repetit,

193 1195 120 38 eamque
277 1195 60 38 a
301 1195 143 38 tenebris
408 1195 60 38 &
432 1195 143 38 interitu
540 1195 155 38 vindicat.
659 1195 96 38 Unde
719 1195 84 38 lex
767 1195 132 38 naturae
863 1195 143 38 integrae
958 1195 36 38 &

183 1227 198 40 incorruptae,
344 1227 87 40 est
393 1227 173 40 substantia
529 1227 111 40 eadem
604 1227 87 40 cum
653 1227 99 40 Lege
703 1227 136 40 Decalogi-

230 1259 88 39 IV.
281 1259 75 39 Ut
318 1259 163 39 conservet
443 1259 188 39 disciplinam
593 1259 88 39 tam
643 1259 75 39 in
681 1259 138 39 renatis
781 1259 100 39 quam
843 1259 75 39 in
881 1259 88 39 non
918 1259 88 39 rena-

190 1294 89 47 tis,
246 1294 100 47 idque
312 1294 156 47 dupliciter

230 1324 128 41 Primo,
320 1324 103 41 quia
384 1324 141 41 obligat
487 1324 116 41 omnes
564 1324 154 41 homines,
680 1324 77 41 ut
718 1324 167 41 perfectam
834 1324 167 41 obedientiam

201 1357 159 42 praestent
323 1357 98 42 Deo,
384 1357 61 42 &
408 1357 122 42 regant
494 1357 183 42 locomotivam
641 1357 86 42 seu
689 1357 134 42 externa
787 1357 134 42 membra,
885 1357 73 42 ut
909 1357 98 42 exter-

195 1394 75 48 na
233 1394 113 48 facta
309 1394 164 48 congruant
434 1394 88 48 cum
485 1394 101 48 Lege
535 1394 63 48 Dei

219 1420 154 47 Secundo,
335 1420 103 47 quia
399 1420 167 47 promittit
528 1420 141 47 praemia
630 1420 116 47 Legem
707 1420 218 47 observantibus
887 1420 64 47 &
900 1420 103 47 sancit

195 1466 118 41 poenas
278 1466 106 41 etiam
348 1466 165 41 corporales
478 1466 71 41 in
514 1466 83 41 hac
561 1466 106 41 vita,
631 1466 141 41 adversus
738 1466 83 41 eos
785 1466 83 41 qui
832 1466 153 41 admittunt
938 1466 59 41 ex-

199 1501 108 31 terna
271 1501 144 31 delicta,
379 1501 96 31 quas
438 1501 96 31 Deus
498 1501 84 31 vel
546 1501 84 31 per
594 1501 192 31 Magistratum,
750 1501 84 31 vel
798 1501 108 31 aliis
869 1501 108 31 modis
929 1501 84 31 sumit

195 1531 71 39 de
231 1531 153 39 sontibus.
348 1531 71 39 De
384 1531 83 39 hoc
431 1531 83 39 usu
478 1531 106 39 Legis
549 1531 130 39 Moralis
643 1531 130 39 dicitur
738 1531 71 39 I.
773 1531 130 39 Timoth.
867 1531 71 39 1.
903 1531 71 39 v.
938 1531 71 39 9.
962 1531 35 39 &

196 1569 79 34 10.
241 1569 79 34 Hoc
286 1569 124 34 sciens,
377 1569 102 34 nempe
445 1569 102 34 Legem
512 1569 102 34 justo
580 1569 124 34 positam
671 1569 79 34 non
716 1569 102 34 esse,
784 1569 79 34 sed
829 1569 102 34 Legis
886 1569 124 34 contemto-

192 1595 108 44 ribus,
268 1595 54 44 &
290 1595 76 44 iis
333 1595 76 44 qui
376 1595 119 44 subjici
463 1595 119 44 nolunt,
550 1595 108 44 impiis
626 1595 54 44 &
647 1595 184 44 peccatoribus,
799 1595 130 44 nefariis
896 1595 54 44 &
907 1595 87 44 profa-

193 1632 90 41 nis,
249 1632 158 41 patricidis
374 1632 57 41 &
396 1632 170 41 matricidis,
532 1632 158 41 homicidis,
656 1632 204 41 scortatoribus,
826 1632 158 41 masculorum
939 1632 68 41 con-

190 1666 173 44 cubitoribus,
331 1666 162 44 plagiariis,
460 1666 162 44 mendacibus,
590 1666 141 44 perjuris,
698 1666 54 44 &
720 1666 108 44 siquid
796 1666 97 44 aliud
860 1666 76 44 est
904 1666 86 44 quod
947 1666 54 44 sa-

194 1697 75 46 nae
237 1697 139 46 doctrinae
344 1697 75 46 sit
376 1697 118 46 oppositum

234 1729 76 40 V.
272 1729 76 40 Ut
310 1729 126 40 doceat
399 1729 177 40 cognoscere
538 1729 126 40 qualis
626 1729 88 40 sit
664 1729 76 40 Deus

232 1764 99 46 VI.
288 1764 85 46 Ut
331 1764 141 46 doceat
430 1764 155 46 quomodo
543 1764 170 46 colendus
670 1764 99 46 sit
712 1764 85 46 Deus

231 1797 99 41 VII.
293 1797 75 41 Ut
330 1797 124 41 doceat
417 1797 174 41 cognoscere
554 1797 149 41 peccata,
665 1797 124 41 Roman.
752 1797 99 41 cap.
815 1797 75 41 3.
852 1797 137 41 versic.
939 1797 62 41 19.

184 1829 83 39 Per
231 1829 106 39 Legem
302 1829 130 39 agnitio
397 1829 142 39 peccati.
503 1829 118 39 Roman.
585 1829 71 39 7.
621 1829 94 39 vers
680 1829 71 39 7.
715 1829 142 39 peccatum
821 1829 83 39 non
856 1829 142 39 cognovini-

189 1862 72 43 si
225 1862 85 43 per
273 1862 121 43 Legem:
358 1862 85 43 Nam
406 1862 109 43 etiam
479 1862 181 43 cupiditatem
624 1862 85 43 non
672 1862 133 43 nossem,
769 1862 97 43 nisi
829 1862 85 43 Lex
877 1862 145 43 dixisset

198 1897 83 38 Non
246 1897 190 38 concupisces.
400 1897 95 38 Ideo
459 1897 83 38 Lex
507 1897 119 38 arguit
590 1897 59 38 &
614 1897 131 38 accusat
709 1897 190 38 convincitque
863 1897 131 38 peccati
946 1897 48 38 o-

195 1930 95 40 mnes
254 1930 119 40 libere
337 1930 95 40 sine
397 1930 142 40 respectu
503 1930 178 40 personarum:
645 1930 83 40 Quo
693 1930 154 40 pertinent
811 1930 95 40 haec
871 1930 95 40 loca
918 1930 83 40 scri-

196 1966 123 34 prurae,
286 1966 112 34 Roman.
364 1966 79 34 11.
409 1966 101 34 vers.
476 1966 79 34 32.
521 1966 146 34 Conclusit
633 1966 90 34 Deus
689 1966 101 34 omnes
757 1966 101 34 illos
824 1966 67 34 in
846 1966 146 34 contumacia-

192 1995 142 41 scilicet
299 1995 83 41 per
346 1995 119 41 Legem,
429 1995 71 41 ut
465 1995 201 41 interpretatur
631 1995 142 41 Cyrillus
737 1995 107 41 libro
808 1995 107 41 primo
879 1995 71 41 in
903 1995 95 41 Johan-

189 2036 103 33 nem,
254 2036 103 33 cap.
318 2036 90 33 21.
370 2036 103 33 Deus
434 2036 90 33 per
486 2036 116 33 Ledem
563 2036 129 33 arguit
654 2036 65 33 &
679 2036 168 33 convincit
808 2036 116 33 omnes
873 2036 116 33 contuma

199 2062 84 37 ciae
252 2062 53 37 &
273 2062 126 37 peccati,
368 2062 74 37 ait
410 2062 179 37 Theophylactus
558 2062 63 37 in
589 2062 84 37 cap.
642 2062 63 37 3.
673 2062 105 37 epist.
747 2062 63 37 ad
779 2062 116 37 Galatas
863 2062 63 37 ad
895 2062 63 37 v.
926 2062 74 37 22.
958 2062 42 37 u-

191 2094 67 42 bi
224 2094 112 42 Paulus
303 2094 90 42 ait,
359 2094 146 42 Conclusit
471 2094 90 42 illa
527 2094 146 42 Scriptura
639 2094 101 42 omnia
707 2094 78 42 sub
751 2094 146 42 peccatum,
863 2094 67 42 id
897 2094 90 42 est,
942 2094 56 42 Lex

196 2135 160 35 convincit
319 2135 111 35 omnes
380 2135 111 35 peccati

223 2157 101 47 IIX.
286 2157 76 47 Ut
324 2157 113 47 omnes
400 2157 76 47 in
437 2157 201 47 conscientiis
601 2157 101 47 suis
664 2157 176 47 convincat,
802 2157 164 47 justitiam
916 2157 76 47 quae

199 2204 101 31 coram
266 2204 78 31 Deo
311 2204 145 31 consistat
422 2204 78 31 non
467 2204 89 31 esse
523 2204 67 31 in
556 2204 112 31 illis,
634 2204 78 31 sed
679 2204 101 31 omnes
746 2204 89 31 reos
802 2204 89 31 esse
858 2204 134 31 aeternae
947 2204 56 31 da-

191 2226 152 46 mnationis
308 2226 58 46 &
331 2226 128 46 mortis,
425 2226 93 46 Rom.
483 2226 70 46 3.
518 2226 82 46 19,
565 2226 82 46 20.
612 2226 117 46 Scimus
693 2226 117 46 autem,
775 2226 163 46 quaecunque
904 2226 82 46 Lex
939 2226 58 46 di-

192 2269 87 37 cit,
246 2269 76 37 iis
290 2269 76 37 qui
333 2269 65 37 in
366 2269 87 37 Lege
420 2269 87 37 sunt
474 2269 119 37 dicere:
561 2269 65 37 ut
594 2269 87 37 omne
648 2269 65 37 os
680 2269 163 37 obthuretur,
811 2269 54 37 &
832 2269 130 37 obnoxius
919 2269 76 37 flat.

197 2300 103 35 totus
265 2300 114 35 mundus
345 2300 194 35 condemnationi
504 2300 91 35 Dei.
561 2300 68 35 1.
595 2300 91 35 Cor.
652 2300 80 35 15.
698 2300 80 35 56.
743 2300 80 35 vis
789 2300 137 35 peccati,
891 2300 91 35 Lex.
937 2300 57 35 Ro-

197 2327 84 42 man.
249 2327 63 42 4.
280 2327 63 42 v.
311 2327 73 42 15.
353 2327 73 42 Lex
395 2327 84 42 iram
447 2327 125 42 efficit,
541 2327 63 42 id
573 2327 84 42 est,
625 2327 84 42 iram
677 2327 73 42 Dei
719 2327 136 42 denunciat
823 2327 104 42 nosque
886 2327 115 42 subjectos

186 2361 95 44 esse
245 2361 83 44 ira
293 2361 83 44 Dei
340 2361 166 44 proclamat:
471 2361 71 44 Et
506 2361 95 44 cap.
565 2361 71 44 7.
601 2361 130 44 mandati
696 2361 119 44 illius
779 2361 130 44 adventu
873 2361 142 44 peccatum

188 2395 115 50 quidem
268 2395 138 50 revixit,
371 2395 80 50 rgo
417 2395 92 50 vero
475 2395 126 50 mortuus
567 2395 92 50 sum,
624 2395 80 50 &c.
670 2395 69 50 id
705 2395 92 50 est,
762 2395 138 50 postquam
866 2395 103 50 Legem
923 2395 69 50 cog.

193 2434 101 41 novi,
260 2434 68 41 me
294 2434 101 41 morte
362 2434 56 41 &
384 2434 158 41 damnatione
508 2434 113 41 dignum
587 2434 158 41 intellexi.
711 2434 68 41 2.
744 2434 90 41 Cor.
801 2434 68 41 3.
834 2434 68 41 v.
868 2434 68 41 7.
902 2434 79 41 Lex
936 2434 56 41 es-

192 2469 119 40 mortis
276 2469 191 40 ministerium:
431 2469 96 40 quia
491 2469 107 40 facit
562 2469 72 40 ut
598 2469 72 40 ex
634 2469 155 40 agnitione
753 2469 131 40 peccati
837 2469 167 40 intelligamus

183 2500 86 41 nos
232 2500 110 41 morte
305 2500 135 41 aeterna
404 2500 123 41 dignos
477 2500 86 41 esse.

232 2522 90 56 Usus
288 2522 101 56 Legis
356 2522 113 56 proprj
435 2522 180 56 alterutrorum
581 2522 101 56 sunt,
649 2522 79 56 qui
694 2522 79 56 vel
739 2522 68 56 ad
772 2522 124 56 electos
863 2522 124 56 tantum,
953 2522 79 56 vel

189 2565 73 48 ad
225 2565 145 48 reprobos
334 2565 121 48 tantum
407 2565 145 48 pertinent.

220 2598 94 43 Usus
279 2598 105 43 Legis
349 2598 187 43 peculiariter
501 2598 70 43 ad
537 2598 129 43 electos
630 2598 176 43 pertinentes
771 2598 94 43 sunt
818 2598 117 43 quinque.

220 2630 75 40 I.
257 2630 75 40 Ut
294 2630 149 40 accendat
406 2630 75 40 in
444 2630 137 40 electis
543 2630 174 40 desiderium
680 2630 162 40 quaerendi
805 2630 187 40 sempiternam
942 2630 62 40 ju-

192 2665 138 42 stitiam
293 2665 63 42 &
318 2665 188 42 remissionem
468 2665 176 42 peccatorum
606 2665 75 42 in
644 2665 150 42 Christo.
757 2665 75 42 De
794 2665 88 42 hoc
845 2665 88 42 usu
882 2665 113 42 dicitur

191 2697 88 42 Rom.
246 2697 77 42 10.
290 2697 66 42 4.
323 2697 99 42 Finis
389 2697 99 42 Legis
456 2697 77 42 est
500 2697 143 42 Christus,
610 2697 66 42 ad
643 2697 143 42 justitiam
753 2697 110 42 cuivis
831 2697 143 42 credenti.
930 2697 66 42 Gali

199 2731 65 53 3.
232 2731 76 53 24.
275 2731 76 53 Lex
318 2731 151 53 paedagogus
437 2731 108 53 noster
513 2731 87 53 fuit
567 2731 65 53 in
600 2731 141 53 Christum,
708 2731 65 53 ut
740 2731 65 53 ex
773 2731 87 53 fide
816 2731 173 53 justificaremus

221 2765 93 40 II.
274 2765 80 40 Ut
314 2765 147 40 excitet
421 2765 67 40 &
448 2765 134 40 augeat
541 2765 80 40 in
581 2765 147 40 electis
688 2765 214 40 conversionem
861 2765 80 40 ad
902 2765 107 40 Deum
955 2765 40 40 &

197 2800 208 41 resipiscentiam,
372 2800 77 41 Ps.
416 2800 77 41 19.
460 2800 66 41 8.
493 2800 131 41 Doctrina
591 2800 120 41 Iehovae
679 2800 120 41 integra
766 2800 88 41 est,
821 2800 153 41 convertens
930 2800 66 41 ani

173 2835 98 40 mam.

221 2860 100 48 III.
284 2860 75 48 Ut
322 2860 138 48 incitet
422 2860 63 48 &
447 2860 150 48 impellat
559 2860 138 48 electos
659 2860 75 48 ad
697 2860 175 48 charitatem
834 2860 88 48 Dei
884 2860 63 48 &
897 2860 100 48 proxi-

180 2899 90 41 mi,
232 2899 77 41 ad
270 2899 142 41 conatum
373 2899 167 41 obediendi
502 2899 64 41 &
528 2899 154 41 placendi
644 2899 103 41 Deo,
708 2899 77 41 ad
747 2899 167 41 perpetuam
862 2899 142 41 meditati-

184 2941 99 37 onem
246 2941 62 37 &
270 2941 211 37 implorationem
444 2941 137 37 gratiae
544 2941 149 37 Spiritus
655 2941 137 37 Sancti,
755 2941 87 37 quo
804 2941 124 37 indies
891 2941 112 37 magis
953 2941 50 37 ac

187 2966 108 41 magis
259 2966 72 41 ad
295 2966 144 41 imaginem
402 2966 84 41 Dei
450 2966 180 41 renoventur,
594 2966 72 41 1.
630 2966 96 41 Tim.
690 2966 72 41 1.
726 2966 108 41 vers.
798 2966 72 41 5.
833 2966 108 41 Finis
893 2966 108 41 mandat.

192 2998 84 42 est
240 2998 144 42 charitas
348 2998 72 42 ex
384 2998 108 42 mundo
456 2998 120 42 corde,
540 2998 60 42 &
564 2998 180 42 conscientia
708 2998 96 42 bona
768 2998 60 42 &
792 2998 96 42 side
852 2998 120 42 minime
924 2998 84 42 simu-

183 3031 96 42 lata.
248 3031 86 42 Rom.
301 3031 75 42 13.
344 3031 64 42 8,
376 3031 64 42 9,
408 3031 75 42 10.
451 3031 107 42 Nemini
526 3031 129 42 quicquam
623 3031 118 42 debete,
709 3031 86 42 nisi
762 3031 75 42 hoc
805 3031 64 42 ut
837 3031 86 42 alij
891 3031 96 42 alios
944 3031 54 42 di-

183 3066 140 48 ligatis:
288 3066 82 48 Nam
335 3066 82 48 qui
382 3066 128 48 diligit
475 3066 140 48 alterum,
580 3066 105 48 Legem
650 3066 152 48 implevit.
767 3066 140 48 Siquidem
872 3066 117 48 illud,
942 3066 58 48 Non

197 3106 178 34 moechaberis,
341 3106 78 34 Non
386 3106 133 34 occides,
486 3106 78 34 Non
530 3106 156 34 furaberis,
653 3106 78 34 Non
697 3106 111 34 falsum
775 3106 100 34 testi
841 3106 111 34 monium
908 3106 89 34 dices.

186 3144 86 34 Non
235 3144 196 34 concupisces:
394 3144 61 34 &
418 3144 73 34 si
455 3144 98 34 quod
516 3144 110 34 aliud
590 3144 86 34 est
639 3144 159 34 mandatum,
761 3144 73 34 in
798 3144 86 34 hoc
847 3144 135 34 sermone
933 3144 73 34 sum-

182 3164 116 45 matim
260 3164 246 45 comprehenditur:
466 3164 116 45 nempe
544 3164 142 45 diliges
647 3164 155 45 proximum
764 3164 103 45 tuum
828 3164 116 45 sicut
893 3164 129 45 teipsum.

187 3198 139 60 Charitas
291 3198 139 60 proximum
395 3198 81 60 non
442 3198 127 60 afficit
534 3198 104 60 malo.
603 3198 116 60 Itaque
684 3198 139 60 charitas
788 3198 81 60 est
834 3198 150 60 completio
938 3198 58 60 Le

173 3238 60 51 gis.

1061 174 88 47 IV.
1112 174 75 47 Ut
1149 174 138 47 exciter
1249 174 63 47 &
1274 174 125 47 augeat
1362 174 75 47 in
1399 174 113 47 illis
1475 174 175 47 desiderium
1612 174 213 47 perfectionis,
1775 174 75 47 quam

1041 214 167 52 assequemur
1172 214 71 52 in
1208 214 119 52 altera
1291 214 107 52 vita,
1362 214 71 52 in
1398 214 83 52 qua
1446 214 119 52 rursus
1529 214 119 52 erimus
1612 214 143 52 perfecte
1707 214 131 52 conformes

1040 244 95 43 cum
1081 244 82 43 Deo.

1084 279 81 48 Ita
1131 279 81 48 Lex
1177 279 104 48 nobis
1246 279 138 48 imperata
1349 279 92 48 est,
1407 279 92 48 quam
1464 279 69 48 in
1499 279 81 48 hac
1545 279 92 48 vita
1602 279 138 48 perfecte
1706 279 127 48 implere
1786 279 58 48 non

1044 311 163 41 possumus;
1170 311 75 41 ut
1207 311 188 41 admoneremur
1358 311 100 41 quid
1420 311 100 41 fide
1483 311 175 41 exposcere,
1621 311 88 41 quo
1671 311 100 41 spem
1721 311 125 41 praemit-

1048 352 102 49 tere,
1116 352 57 49 &
1138 352 181 49 obliviscendo
1285 352 91 49 quae
1342 352 102 49 retro
1410 352 102 49 sunt,
1478 352 68 49 in
1512 352 91 49 quae
1568 352 147 49 anteriora
1681 352 79 49 nos
1715 352 136 49 extenderet

1031 376 150 43 debeamus.

1081 405 71 56 V.
1117 405 71 56 Ut
1152 405 83 56 sit
1199 405 130 56 electis
1294 405 106 56 norma
1365 405 106 56 recte
1435 405 59 56 &
1459 405 118 56 sancte
1542 405 142 56 vivendi,
1648 405 83 56 seu
1695 405 118 56 regula
1766 405 71 56 oper

1041 446 85 43 rum
1089 446 146 43 bonorum:
1199 446 109 43 docet
1272 446 97 43 enim
1333 446 97 43 quae
1393 446 109 43 opera
1466 446 85 43 Deo
1515 446 158 43 placeant,
1636 446 122 43 quaeve
1709 446 134 43 displice-

1046 486 81 44 ant,
1097 486 92 44 Psal.
1158 486 61 44 1.
1188 486 61 44 v.
1219 486 61 44 2.
1249 486 61 44 Et
1280 486 81 44 Psal
1331 486 71 44 119
1372 486 61 44 v.
1402 486 61 44 1.
1433 486 92 44 Beati
1494 486 112 44 integri
1575 486 81 44 via,
1626 486 71 44 qui
1667 486 122 44 ambulant
1759 486 61 44 in
1779 486 61 44 legi

1031 511 151 43 Iehovae,
1144 511 63 43 &
1170 511 126 43 passim
1257 511 88 43 per
1308 511 113 43 totum
1370 511 126 43 Psalmum:

1080 541 99 49 Usus
1142 541 111 49 Legis
1216 541 124 49 tantum
1302 541 173 49 adreprobos
1439 541 186 49 pertinentes
1587 541 99 49 sunt
1637 541 74 49 tres

1080 583 70 39 I.
1115 583 70 39 Ut
1150 583 116 39 reddat
1231 583 104 39 ipsas
1301 583 209 39 inexcusabiles,
1475 583 93 39 Rom.
1533 583 70 39 1.
1567 583 81 39 32.
1614 583 81 39 Qui
1660 583 81 39 Dei
1706 583 93 39 jure
1753 583 81 39 agnit

1055 609 109 46 (uempe
1132 609 77 46 eos
1175 609 77 46 qui
1219 609 98 46 talia
1285 609 131 46 faciunt,
1383 609 109 46 dignos
1460 609 88 46 esse
1515 609 109 46 morte)
1591 609 98 46 tamen
1657 609 77 46 non
1701 609 98 46 solum
1766 609 66 46 ea
1788 609 55 46 sa-

1049 654 108 40 ciunt,
1125 654 75 40 sed
1168 654 97 40 etiam
1232 654 161 40 facientibus
1361 654 161 40 applaudunt.
1490 654 65 40 Et
1522 654 75 40 ca.
1565 654 65 40 2.
1598 654 65 40 v.
1630 654 65 40 1.
1662 654 151 40 Quapropter
1770 654 75 40 inex-

1049 685 148 37 cusabilis
1163 685 68 37 es
1219 685 103 37 homo,
1288 685 80 37 &c.
1333 685 68 37 Et
1368 685 68 37 v.
1402 685 80 37 14,
1447 685 80 37 15.
1493 685 80 37 Nam
1538 685 91 37 quum
1595 685 114 37 Gentes
1675 685 91 37 quae
1732 685 103 37 Legem
1789 685 57 37 non

1050 709 117 52 habent,
1135 709 106 52 natura
1210 709 85 52 quae
1263 709 95 52 Legis
1326 709 85 52 sunt
1379 709 127 52 faciant,
1475 709 85 52 isti
1528 709 95 52 Legem
1591 709 74 52 non
1634 709 138 52 habentes,
1729 709 117 52 sibiipsis

1041 749 87 37 sunt
1096 749 87 37 Lex:
1150 749 65 37 Vt
1183 749 76 37 qui
1226 749 142 37 astendant
1335 749 87 37 opus
1390 749 98 37 Legis
1455 749 131 37 scriptum
1554 749 65 37 in
1586 749 131 37 cordibus
1684 749 98 37 suis,
1750 749 76 37 una
1782 749 55 37 te-

1048 779 153 47 stimonium
1166 779 141 47 reddente
1271 779 129 47 ipsorum
1365 779 188 47 conscientia,
1518 779 59 47 &
1542 779 211 47 cogitationibus
1718 779 94 47 sese
1765 779 82 47 mutuo

1047 818 197 33 accusantibus,
1210 818 81 33 aut
1256 818 104 33 etiam
1314 818 174 33 excusantibus.

1074 851 71 39 2.
1110 851 71 39 Ut
1145 851 106 39 ipsos
1216 851 106 39 magis
1287 851 142 39 induret,
1394 851 83 39 sed
1441 851 130 39 ipsorum
1536 851 83 39 non
1583 851 83 39 suo
1618 851 95 39 vitio-

1074 884 73 40 3.
1110 884 73 40 Ut
1147 884 157 40 praepatet
1268 884 85 40 eos
1316 884 73 40 ad
1352 884 218 40 desperationem.
1534 884 97 40 Etsi
1595 884 97 40 enim
1655 884 109 40 multi
1728 884 109 40 impii
1788 884 61 40 se-

1047 917 148 45 curitate
1158 917 173 45 obcoecati,
1294 917 148 45 peccatum
1405 917 74 45 ad
1442 917 124 45 tempus
1529 917 87 45 non
1578 917 173 45 agnoscant:
1714 917 124 45 tandem
1788 917 62 45 ta-

1048 949 83 37 men
1096 949 83 37 eos
1143 949 190 37 conscientiae
1297 949 142 37 terrores
1404 949 59 37 &
1427 949 154 37 cruciatus
1534 949 142 37 opprimunt.

1070 980 84 45 Lex
1118 980 132 45 Moralis
1214 980 84 45 est
1262 980 144 45 perpetua
1370 980 60 45 &
1394 980 144 45 abrogari
1502 980 84 45 non
1550 980 120 45 potest
1634 980 120 45 salvis
1706 980 120 45 moribus.

1129 1025 116 55 Haec
1201 1025 87 55 de
1244 1025 116 55 Lege
1316 1025 101 55 Dei
1374 1025 159 55 Morali:
1490 1025 173 55 sequitur
1620 1025 87 55 de
1649 1025 101 55 Lego,

1253 1062 145 53 Divina
1354 1062 217 53 ceremoniali
1527 1062 72 53 &
1542 1062 72 53 fo

1388 1106 93 50 rensit

1076 1149 90 54 Hae
1128 1149 129 54 quidem
1218 1149 116 54 Leges
1295 1149 116 54 etiam
1373 1149 129 54 aliquo
1463 1149 103 54 modo
1527 1149 116 54 citca
1605 1149 116 54 mores
1682 1149 181 54 occupantur

1053 1190 96 45 quia
1113 1190 109 45 tamen
1186 1190 121 45 salvis
1270 1190 133 45 moribus
1367 1190 121 45 mutari
1451 1190 60 45 &
1475 1190 145 45 abrogari
1584 1190 157 45 poterant,
1704 1190 133 45 morales
1789 1190 60 45 non

1029 1223 133 37 dicuntur.

1071 1255 82 43 Lex
1118 1255 118 43 divina
1201 1255 188 43 ceremonialis
1353 1255 82 43 per
1400 1255 106 43 Mosen
1471 1255 106 43 data,
1541 1255 82 43 est
1588 1255 82 43 Lex
1635 1255 94 43 quae
1694 1255 153 43 praecipit
1800 1255 47 43 de

1054 1292 98 40 ultu
1115 1292 86 40 Dei
1164 1292 148 40 externo,
1275 1292 123 40 qualem
1361 1292 98 40 Deus
1423 1292 98 40 olim
1484 1292 74 40 in
1521 1292 148 40 Ecclesia
1632 1292 135 40 Veteris
1718 1292 135 40 Testamen-

1042 1320 69 44 ti
1077 1320 116 44 voluit
1146 1320 116 44 observar

1070 1354 101 43 Ejus
1133 1354 164 43 praecepta
1260 1354 101 43 sunt
1323 1354 101 43 duum
1386 1354 151 43 generum:
1499 1354 88 43 nam
1550 1354 139 43 quaedam
1651 1354 189 43 pertinebant
1790 1354 50 43 ac

1051 1391 193 38 significandas
1210 1391 80 38 res
1255 1391 170 38 spirituales
1392 1391 57 38 &
1414 1391 159 38 erudiendos
1539 1391 125 38 fideles
1630 1391 68 38 de
1664 1391 125 38 ratione
1744 1391 102 38 salutis

1053 1427 141 47 ipsorum
1156 1427 154 47 aeternae
1272 1427 90 47 per
1323 1427 154 47 Christum
1439 1427 167 47 venturum:
1567 1427 141 47 quaedam
1670 1427 180 47 spectabant
1799 1427 51 47 ad

1034 1456 129 41 ordinem.

1077 1487 127 45 Prioris
1170 1487 127 45 generis
1262 1487 150 45 praecepta
1377 1487 184 45 coremonialia
1527 1487 92 45 sunt
1584 1487 69 45 de
1619 1487 150 45 Sabbatho:
1734 1487 69 45 de
1757 1487 92 45 Sacra-

1059 1525 124 39 nentis:
1149 1525 68 39 de
1183 1525 180 39 sacrificiis:
1329 1525 68 39 de
1363 1525 169 39 tabernaculo
1499 1525 56 39 &
1521 1525 124 39 templo:
1611 1525 68 39 de
1645 1525 147 39 legalibus
1747 1525 90 39 obser-

1049 1562 176 32 vationibus
1188 1562 76 32 in
1226 1562 176 32 discrimine
1364 1562 139 32 ciborum
1465 1562 151 32 mundorum
1578 1562 76 32 ab
1616 1562 164 32 immundis,
1742 1562 76 32 in
1767 1562 76 32 abs-

1048 1594 130 37 tinentia
1146 1594 54 37 a
1167 1594 141 37 sanguine,
1276 1594 54 37 a
1298 1594 152 37 suffocato,
1417 1594 65 37 ab
1450 1594 98 37 hoedo
1515 1594 65 37 in
1547 1594 98 37 lacte
1612 1594 108 37 mairis
1688 1594 108 37 cocto,
1764 1594 54 37 a
1775 1594 65 37 pri-

1051 1628 80 34 mis
1096 1628 149 34 fructibus
1211 1628 114 34 terrae
1291 1628 217 34 primogenitisque
1474 1628 160 34 animalium,
1600 1628 69 34 in
1634 1628 149 34 aratione,
1737 1628 103 34 satione

1051 1662 138 34 arborum,
1154 1662 80 34 &c.
1200 1662 69 34 de
1234 1662 115 34 sacris
1315 1662 149 34 personis,
1430 1662 115 34 rebus,
1510 1662 149 34 muneribus
1625 1662 172 34 actionibus:
1763 1662 69 34 de
1786 1662 57 34 lo-

1043 1697 144 40 tionibus
1151 1697 60 40 &
1175 1697 241 40 purificationibus
1380 1697 132 40 variis,
1476 1697 72 40 &c
1512 1697 84 40 Huc
1560 1697 156 40 pertinent
1681 1697 156 40 sequentia
1789 1697 60 40 di-

1051 1724 78 37 cta
1095 1724 156 37 Scripturae
1218 1724 123 37 Sacrae:
1307 1724 111 37 Genes.
1385 1724 67 37 2.
1419 1724 100 37 vers.
1485 1724 67 37 3.
1519 1724 145 37 Benedixit
1630 1724 89 37 Deus
1686 1724 89 37 diei
1742 1724 123 37 septimo
1820 1724 33 37 &

1050 1761 197 35 sanctificavit
1213 1761 116 35 ipsum.
1294 1761 105 35 Exod.
1364 1761 81 35 20.
1410 1761 105 35 vers.
1480 1761 81 35 10.
1526 1761 93 35 Dies
1585 1761 139 35 septimus
1689 1761 151 35 Sabbathum
1794 1761 46 35 ex

1041 1792 131 41 Iehovae
1137 1792 84 41 Deo
1184 1792 96 41 tuo.
1244 1792 119 41 Genes.
1328 1792 72 41 17
1363 1792 72 41 v.
1399 1792 84 41 10,
1447 1792 84 41 11.
1495 1792 84 41 Hoc
1543 1792 84 41 est
1590 1792 107 41 fedus
1662 1792 96 41 meum
1722 1792 107 41 inter
1793 1792 72 41 me
1817 1792 36 41 &

1057 1814 81 45 vos
1104 1814 58 45 &
1127 1814 104 45 semen
1196 1814 92 45 tuum
1253 1814 92 45 post
1311 1814 81 45 te,
1357 1814 92 45 quod
1414 1814 173 45 servabitis;
1553 1814 69 45 ut
1587 1814 196 45 circumcidatur
1748 1814 104 45 vobis
1806 1814 46 45 o-

1041 1857 86 39 mnis
1095 1857 86 39 mas.
1149 1857 184 39 Circumcidetis
1300 1857 108 39 igitur
1376 1857 108 39 carnem
1451 1857 140 39 praeputij
1559 1857 119 39 vestri,
1646 1857 65 39 ut
1678 1857 76 39 sit
1721 1857 108 39 signum
1786 1857 54 39 fe-

1045 1889 95 36 deris
1109 1889 95 36 inter
1172 1889 63 36 me
1203 1889 53 36 &
1224 1889 84 36 vos.
1277 1889 116 36 Coloss.
1361 1889 63 36 2.
1392 1889 63 36 v.
1424 1889 74 36 10,
1466 1889 74 36 11;
1508 1889 63 36 Et
1539 1889 95 36 estis
1602 1889 63 36 in
1634 1889 63 36 eo
1665 1889 126 36 completi
1760 1889 74 36 qui
1791 1889 53 36 est

1052 1927 97 31 caput
1117 1927 97 31 omnis
1182 1927 119 31 imperij
1268 1927 65 31 ac
1301 1927 162 31 potestatis:
1430 1927 65 31 In
1463 1927 76 31 quo
1506 1927 97 31 etiam
1571 1927 151 31 circumcisi
1690 1927 97 31 estis
1744 1927 97 31 circum.

1039 1963 118 33 cisione
1125 1963 86 33 quae
1179 1963 75 33 sit
1222 1963 86 33 sine
1276 1963 129 33 manibus,
1372 1963 118 33 corpore
1458 1963 150 33 peccatorum
1576 1963 107 33 carnis
1652 1963 97 33 exuto
1716 1963 75 33 per
1748 1963 97 33 circum.

1042 1997 149 33 cisionem.
1156 1997 69 33 Et
1190 1997 103 33 v.16.
1259 1997 69 33 Ne
1293 1997 92 33 quis
1351 1997 114 33 igitur
1431 1997 80 33 vos
1477 1997 114 33 damnet
1557 1997 69 33 ob
1591 1997 103 33 cibum
1660 1997 80 33 vel
1706 1997 114 33 potum,
1774 1997 69 33 aut.

1045 2025 127 32 respectu
1141 2025 106 32 festi,
1215 2025 74 32 aut
1257 2025 148 32 novilunii,
1374 2025 74 32 aut
1416 2025 159 32 Sabbathorum
1543 2025 64 32 1.
1575 2025 127 32 Corinth.
1670 2025 64 32 5.
1702 2025 95 32 vers.
1766 2025 64 32 7.
1787 2025 53 32 Pa-

1043 2059 100 35 scha
1106 2059 151 35 nostrum,
1219 2059 88 35 pro
1269 2059 113 35 nobis
1345 2059 201 35 sacrificatum
1508 2059 100 35 est,
1570 2059 113 35 nempe
1646 2059 151 35 CHRISTUS
1746 2059 88 35 Gent.

1041 2091 69 36 c.
1076 2091 69 36 8.
1111 2091 92 36 vers
1168 2091 81 36 20.
1215 2091 150 36 Exstruxit
1330 2091 173 36 Noachaltare
1468 2091 138 36 Iehovae,
1572 2091 58 36 &
1595 2091 150 36 accipiens
1711 2091 69 36 ex
1734 2091 115 36 omnibus.

1047 2123 119 33 mundis
1130 2123 167 33 pecudibus,
1261 2123 59 33 &
1285 2123 71 33 ex
1321 2123 131 33 omnibus
1416 2123 167 33 volucribus
1547 2123 131 33 mundis,
1642 2123 131 33 obtulit
1725 2123 119 33 holocau:

1042 2155 79 38 sta
1087 2155 68 38 in
1121 2155 113 38 altari
1200 2155 102 38 illo.
1269 2155 125 38 Denique
1359 2155 102 38 leges
1427 2155 181 38 ceremoniales
1575 2155 102 38 latas
1643 2155 113 38 fuisse
1722 2155 57 38 a
1745 2155 79 38 Deo
1779 2155 68 38 pro-

1047 2191 94 33 pter
1106 2191 106 33 typum
1176 2191 59 33 &
1200 2191 223 33 significationem
1388 2191 129 33 Christi
1482 2191 59 33 &
1505 2191 106 33 regni
1576 2191 106 33 ejus,
1646 2191 164 33 salutisque
1764 2191 70 33 nobi

1051 2224 80 42 per
1096 2224 137 42 Christum
1199 2224 125 42 partae,
1290 2224 68 42 ex
1324 2224 137 42 professo
1427 2224 103 42 docet
1495 2224 137 42 epistola
1598 2224 68 42 ad
1632 2224 148 42 Hebraeos,
1746 2224 57 42 a
1758 2224 91 42 capite

1050 2258 118 42 quarto
1133 2258 106 42 usque
1203 2258 71 42 ad
1238 2258 106 42 finem
1297 2258 106 42 decimi.

1075 2281 158 45 Posterioris
1202 2281 116 45 generis
1286 2281 137 45 praecepta
1392 2281 179 45 ceremonialia,
1539 2281 84 45 sunt
1592 2281 84 45 quae
1644 2281 126 45 spectant
1739 2281 63 45 ad
1760 2281 74 45 ordi-

1038 2324 85 36 nem
1087 2324 73 36 in
1123 2324 110 36 cultu
1196 2324 146 36 Levitico
1306 2324 61 36 a
1330 2324 85 36 Deo
1379 2324 195 36 praescriptum
1537 2324 61 36 &
1561 2324 219 36 circumstantias
1731 2324 110 36 ceremo-

1037 2356 136 44 niarum
1119 2356 122 44 omnium.

1069 2381 74 50 Lex
1112 2381 106 50 divina
1186 2381 127 50 forensis
1281 2381 74 50 seu
1323 2381 148 50 judicialis
1440 2381 74 50 per
1482 2381 95 50 Mosen
1545 2381 95 50 data,
1609 2381 74 50 est
1651 2381 74 50 lex
1693 2381 85 50 quae
1736 2381 95 50 praeci-

1043 2421 81 44 pit
1090 2421 69 44 de
1124 2421 184 44 gubernatione
1274 2421 138 44 Politica
1377 2421 69 44 in
1412 2421 115 44 populo
1493 2421 138 44 Judaico,
1596 2421 81 44 hoc
1642 2421 92 44 est,
1700 2421 69 44 de
1734 2421 115 44 ordine
1803 2421 35 44 &

1035 2457 148 40 officiis
1145 2457 209 40 Magistratuum,
1318 2457 184 40 judiciorum,
1465 2457 160 40 poenatum,
1588 2457 197 40 contractuum,
1748 2457 74 40 de
1773 2457 61 40 di-

1041 2488 158 37 stinctione
1165 2488 170 37 dominiorum,
1301 2488 79 37 &c.
1346 2488 68 37 in
1380 2488 90 37 hunc
1436 2488 102 37 finem
1504 2488 102 37 lata,
1572 2488 68 37 ut
1606 2488 136 37 justitia
1707 2488 102 37 inter
1764 2488 79 37 cives

1048 2523 58 41 &
1072 2523 197 41 tranquillitas
1234 2523 128 41 publica
1327 2523 139 41 vigeret,
1432 2523 58 41 &
1455 2523 105 41 Leges
1524 2523 81 41 Dei
1571 2523 58 41 a
1594 2523 139 41 contemtu
1687 2523 151 41 vindicaren.

1043 2563 44 36 tur?

1078 2573 96 58 Haec
1138 2573 96 58 ergo
1198 2573 84 58 Lex
1246 2573 120 58 tantum
1330 2573 84 58 vel
1378 2573 120 58 saltem
1463 2573 156 58 praecipue
1583 2573 144 58 externam
1679 2573 156 58 corpoiralem

1042 2622 157 46 politiam,
1163 2622 85 46 seu
1211 2622 133 46 civilem
1308 2622 206 46 gubernationem
1478 2622 170 46 spectabat;
1611 2622 85 46 non
1659 2622 109 46 fidem
1732 2622 61 46 &
1744 2622 85 46 reli

1026 2660 117 48 gionem.

1084 2676 142 55 Continet
1191 2676 131 55 statura
1286 2676 95 55 duam
1345 2676 142 55 generum;
1452 2676 95 55 alia
1511 2676 95 55 enim
1571 2676 95 55 sunt
1630 2676 95 55 mere
1678 2676 154 55 judicialia.

1041 2723 95 40 alia
1101 2723 119 40 habent
1184 2723 143 40 admistum
1291 2723 131 40 aliquid
1386 2723 131 40 morale,
1481 2723 83 40 aut
1528 2723 107 40 etiam
1588 2723 166 40 ceremoniale.

1076 2743 91 54 Mere
1133 2743 160 54 judicialis
1258 2743 137 54 statuta,
1361 2743 91 54 sunt
1418 2743 126 54 exempli
1509 2743 114 54 gratia
1589 2743 91 54 quae
1646 2743 103 54 Exod.
1715 2743 80 54 21,
1749 2743 80 54 pmul-

1051 2793 118 47 gantur
1134 2793 71 47 de
1169 2793 165 47 homicidis,
1299 2793 71 47 de
1334 2793 83 47 vim
1381 2793 165 47 facientibu
1511 2793 71 47 de
1546 2793 177 47 maledicente
1688 2793 141 47 patenub.
1782 2793 59 47 &c.

1075 2825 166 37 Iudicialiae
1208 2825 122 37 stututa
1296 2825 100 37 mixta
1363 2825 111 37 passim
1440 2825 155 37 occurrunt:
1562 2825 66 37 ut
1595 2825 89 37 quod
1651 2825 89 37 Lev.
1706 2825 78 37 25.
1750 2825 66 37 v.
1773 2825 55 37 23.

1054 2854 177 42 praecipitur;
1198 2854 100 42 Terra
1264 2854 66 42 ne
1298 2854 133 42 venditer
1397 2854 89 42 legi
1453 2854 144 42 mancipii,
1563 2854 78 42 mea
1607 2854 89 42 enim
1663 2854 78 42 est
1707 2854 89 42 illa
1751 2854 89 42 terru:

1040 2882 80 53 nam
1085 2882 149 53 peregrini
1200 2882 57 53 &
1223 2882 161 53 inquilinst
1350 2882 80 53 vos
1396 2882 103 53 estis
1464 2882 92 53 apud
1522 2882 80 53 me.
1568 2882 92 53 Haec
1625 2882 80 53 Lex
1671 2882 172 53 simpliciter
1798 2882 34 53 S

1043 2927 130 38 secundum
1140 2927 65 38 se
1173 2927 108 38 potest
1248 2927 130 38 absolute
1345 2927 119 38 civilis
1432 2927 97 38 esse,
1496 2927 54 38 &
1518 2927 140 38 civiliter
1626 2927 97 38 ferii
1691 2927 97 38 atque
1745 2927 86 38 obser-

1052 2951 102 45 vari:
1120 2951 79 45 Sed
1165 2951 91 45 quod
1222 2951 57 45 a
1244 2951 79 45 Deo
1290 2951 136 45 imperata
1392 2951 79 45 est
1437 2951 113 45 populo
1517 2951 193 45 Israelitatum,
1675 2951 68 45 id
1709 2951 68 45 ex
1732 2951 102 45 princi-

1045 2993 84 45 pio
1093 2993 96 45 sive
1153 2993 179 45 fundamentos
1296 2993 179 45 ceremoniali
1440 2993 155 45 profectum
1559 2993 96 45 est,
1619 2993 96 45 quia
1679 2993 96 45 Deus
1738 2993 72 45 se
1762 2993 72 45 man-

1041 3020 104 48 cipem
1111 3020 115 48 illius
1192 3020 127 48 terrae,
1284 3020 58 48 &
1307 3020 127 48 terraim
1399 3020 81 48 vel
1446 3020 139 48 regionem
1549 3020 104 48 illam
1619 3020 115 48 optima
1699 3020 92 48 lege
1746 3020 92 48 munci-

1055 3060 78 41 pii
1099 3060 67 41 ad
1133 3060 67 41 se
1166 3060 155 41 pertinere,
1288 3060 78 41 nec
1332 3060 67 41 ad
1366 3060 100 41 alium
1432 3060 155 41 queinquam,
1554 3060 167 41 ceremoniali
1688 3060 167 41 observatio

1052 3093 66 36 ne
1085 3093 111 36 voluit
1163 3093 155 36 ostendere,
1284 3093 55 36 &
1307 3093 155 36 Israelitas
1428 3093 78 36 hoc
1473 3093 100 36 pacto
1539 3093 111 36 jussit
1617 3093 199 36 constantissime
1772 3093 66 36 pro-

1047 3125 130 43 fiteri
1138 3125 181 43 beneficium
1280 3125 104 43 DE::
1345 3125 194 43 quemadmodum
1500 3125 130 43 Domini
1591 3125 155 43 vasallis
1708 3125 104 43 suis
1759 3125 78 43 quos

1041 3161 128 37 vocant
1131 3161 205 37 Feudatarios,
1298 3161 90 37 aut
1349 3161 116 37 etiam
1426 3161 193 37 Emphyteutis
1580 3161 128 37 solent
1670 3161 154 37 imponere
1773 3161 64 37 le-

1048 3185 96 53 gem
1103 3185 151 53 aliquam
1213 3185 220 53 siduciariam,
1392 3185 96 53 aut
1447 3185 124 53 aliam
1529 3185 165 53 quamvis,
1652 3185 69 53 &
1680 3185 110 53 sibi
1735 3185 96 53 domi-

1040 3220 113 46 nium
1111 3220 127 46 merum
1196 3220 142 46 semper
1295 3220 198 46 vindicare.
1451 3220 85 46 Ex
1493 3220 99 46 hoc
1550 3220 198 46 fundamento
1705 3220 85 46 in
1734 3220 113 46 cundem
