2063 3492
200 163 117 58 modum
278 163 117 58 legem
356 163 78 58 de
395 163 117 58 terra
472 163 169 58 Chananaea
602 163 117 58 tulit
680 163 130 58 populo
771 163 207 58 Israelitatum
926 163 91 58 Deus;

202 208 75 45 ut
240 208 75 45 se
278 208 151 45 regionis
391 208 151 45 Dominum,
504 208 113 45 illos
580 208 201 45 Emphyteutas;
743 208 101 45 sive
806 208 138 45 colonos
894 208 101 45 perpe-

204 237 132 54 tuarios
300 237 84 54 (ut
348 237 204 54 Jurisconsulti
516 237 132 54 vocant)
611 237 72 54 ex
647 237 156 54 beneficio
767 237 84 54 Dei
815 237 60 54 &
839 237 120 54 Domini
911 237 84 54 ipso-

207 287 79 38 rum
252 287 91 38 esse
297 287 148 38 ostenderet.

243 299 100 54 Tota
305 299 87 54 Lex
355 299 137 54 Mofaica
455 299 112 54 nempe
530 299 150 54 moralis,
642 299 200 54 ceremonialis
804 299 62 54 &
829 299 162 54 forensis,
942 299 62 54 pe-

201 338 163 49 culiariter
330 338 70 49 in
365 338 117 49 Veteri
446 338 163 49 Testamento
575 338 70 49 in
610 338 82 49 hoc
657 338 140 49 valebat,
762 338 70 49 ut
797 338 93 49 pios
855 338 70 49 in
878 338 117 49 exspecta

208 378 102 40 tione
275 378 124 40 venturi
366 378 124 40 Christi
456 378 169 40 contineret,
592 378 102 40 cujus
659 378 124 40 adventu
750 378 102 40 longe
817 378 90 40 plus
874 378 102 40 lucis
930 378 68 40 spe-

205 408 118 45 randum
288 408 118 45 esset,
371 408 95 45 Hunc
430 408 107 45 finem
501 408 142 45 ostendit
608 408 154 45 Malachias
726 408 83 45 ca.
773 408 71 45 4.
809 408 71 45 2.
844 408 83 45 ubi
892 408 142 45 postquam

216 445 117 40 udaeos
298 445 70 40 ad
333 445 105 40 Legem
404 445 105 40 Mosis
474 445 117 40 jussit
556 445 152 40 attendere
673 445 59 40 &
696 445 70 40 in
731 445 94 40 ejus
790 445 117 40 studio
860 445 152 40 perseverate

216 471 93 56 quia
275 471 93 56 post
333 471 93 56 ejus
391 471 117 56 mortem
473 471 117 56 futura
555 471 93 56 erat
613 471 117 56 aliqua
695 471 128 56 muneris
788 471 163 56 Prophetici
905 471 93 56 inter-

208 505 133 49 ruptio)
305 505 181 49 denunciavit
450 505 85 49 mox
498 505 169 49 exoriturum
631 505 97 49 esse
691 505 109 49 Solem
752 505 145 49 justitiae;

372 554 177 64 Hactenus
505 554 89 64 de
550 554 118 64 Lege
623 554 118 64 Dei:
697 554 177 64 sequitur

446 658 290 72 CAPUT
607 658 161 72 XI.

459 730 88 73 In
503 730 103 73 quo
562 730 88 73 de
591 730 176 73 Evangelio.

203 801 85 63 TE
245 801 114 63 Lege
317 801 128 63 prius
402 801 156 63 agendum
515 801 128 63 fuit,
601 801 114 63 quam
672 801 85 63 de
715 801 199 63 Evangelio,
871 801 114 63 quia
928 801 85 63 Lege

212 838 119 67 prius
291 838 211 67 coarguendus,
463 838 185 67 terrendus,
608 838 225 67 prosternendus
793 838 66 67 &
820 838 185 67 occidendus
952 838 66 67 est

304 870 145 48 peccator,
415 870 67 48 ut
449 870 145 48 cognoscat
560 870 56 48 &
582 870 122 48 sentiat
671 870 67 48 se
704 870 100 48 justa
771 870 156 48 damnatione
894 870 122 48 teneri,
971 870 45 48 se

221 906 113 45 natura
300 906 90 45 esse
356 906 113 45 filium
435 906 90 45 irae
492 906 79 45 per
537 906 147 45 originale
650 906 135 45 peccatum
751 906 56 45 &
774 906 124 45 peccata
864 906 90 45 alia
921 906 90 45 quae
966 906 45 45 in

218 941 97 45 super
283 941 130 45 addidit:
380 941 65 45 se
413 941 97 45 neque
478 941 108 45 libero
553 941 130 45 arbitrio
650 941 86 45 suo,
704 941 97 45 neque
769 941 119 45 meritis
856 941 140 45 liberari,
953 941 54 45 res

212 974 102 43 dimi
276 974 63 43 &
301 974 140 43 servari
403 974 127 43 posse:
492 974 89 43 tum
542 974 114 43 demum
619 974 165 43 dulcescet
745 974 76 43 ei
784 974 178 43 Evangelium
923 974 76 43 de
949 974 63 43 le-

214 1013 70 45 su
249 1013 140 45 Christo,
354 1013 58 45 &
377 1013 140 45 credenti
482 1013 93 45 erit
540 1013 140 45 potentia
645 1013 70 45 ad
680 1013 140 45 salutem.
785 1013 70 45 De
820 1013 151 45 Evangelio
925 1013 93 45 igitur

217 1054 95 45 jam
258 1054 122 45 agamus.

252 1075 134 43 Primum
345 1075 121 43 autem
426 1075 80 43 de
466 1075 107 43 voce
533 1075 174 43 monendum:
667 1075 134 43 deinde
761 1075 80 43 de
801 1075 134 43 reipsa
881 1075 134 43 dicendum

250 1115 175 41 Evangelium
388 1115 88 41 est
438 1115 125 41 Graeca
526 1115 100 41 vox,
589 1115 150 41 secundum
702 1115 263 41 etymonsignificans
915 1115 100 41 bonum.

220 1145 85 42 hoc
268 1145 97 42 est,
329 1145 109 42 felix
402 1145 73 42 ac
438 1145 121 42 laetum
523 1145 145 42 nuncium:
632 1145 133 42 quomodo
728 1145 157 42 usurpatur
849 1145 97 42 apud
898 1145 121 42 Appiant.

219 1173 73 49 de
255 1173 98 49 nece
317 1173 171 49 Ciceronis,
488 1173 135 49 A
721 1173 171 49 .
856 1173 73 49 Et
892 1173 98 49 apud
941 1173 86 49 Luci-

222 1214 101 43 anum
285 1214 76 43 in
323 1214 138 43 encomio
424 1214 201 43 Demosthenis,
587 1214 138 43 plurali
688 1214 126 43 numero
776 1214 138 43 legitur-

279 1246 107 44 ,
354 1246 64 44 id
386 1246 86 44 est,
440 1246 107 44 gratia
515 1246 86 44 quae
569 1246 118 44 habetur
655 1246 97 44 bonis
719 1246 54 44 &
741 1246 107 44 laetis
805 1246 97 44 nunciis

262 1279 120 43 Deinde
346 1279 155 43 usurpatur
465 1279 96 43 apud
525 1279 155 43 classicos
645 1279 131 43 autores
740 1279 84 43 pro
788 1279 131 43 praemio
884 1279 96 43 quod
931 1279 84 43 datu-

228 1315 104 41 laeta
298 1315 161 41 nuncianti:
424 1315 81 41 qua
471 1315 208 41 significatione
644 1315 115 41 Cicero
724 1315 69 41 ad
759 1315 127 41 Atticum
851 1315 161 41 aliquoties
966 1315 58 41 hac

224 1348 90 38 voce
280 1348 90 38 usus
337 1348 90 38 est,
393 1348 68 38 ut
427 1348 102 38 libro
495 1348 136 38 secundo:
597 1348 57 38 O
619 1348 113 38 suaves
698 1348 147 38 epistolas
812 1348 90 38 tuas
868 1348 79 38 uno
902 1348 113 38 tempore.

222 1380 94 42 mihi
281 1380 106 42 datas
352 1380 106 42 duas:
423 1380 118 42 quibus
624 1380 94 42 quae
683 1380 118 42 reddam
765 1380 130 42 nescio,
860 1380 118 42 deberi
931 1380 94 42 quidem

230 1419 109 38 plane
303 1419 133 38 fateor.
400 1419 73 38 Et
436 1419 133 38 Homerus
533 1419 109 38 Qdyss
606 1419 73 38 8.
812 1419 133 38 ,
909 1419 97 38 quod
957 1419 61 38 Eu-

221 1444 136 45 stathius
322 1444 79 45 sic
368 1444 203 45 interpretatur,
853 1444 169 45 ,
989 1444 68 45 id

220 1479 90 50 est,
276 1479 56 50 &
298 1479 90 50 esto
354 1479 90 50 mihi
410 1479 134 50 praemium
511 1479 78 50 pro
556 1479 90 50 bono
600 1479 101 50 nuncito

267 1521 168 32 Significat
399 1521 108 32 etiam
471 1521 215 32 supplicationes
650 1521 60 32 &
674 1521 168 32 sacrificia
806 1521 72 32 ob
842 1521 84 32 rem
889 1521 96 32 bene
937 1521 108 32 gestam:

237 1545 75 44 ut
275 1545 101 44 apud
338 1545 189 44 Xenophontem
489 1545 113 44 libro
565 1545 113 44 primo
640 1545 176 44 E:
879 1545 151 44 ,

234 1588 145 32 mactabat
343 1588 145 32 victimas
451 1588 109 32 obrem
524 1588 157 32 feliciter
645 1588 133 32 gestam.
741 1588 72 32 Et
777 1588 97 32 apud
838 1588 157 32 Isocratem
959 1588 72 32 in
983 1588 48 32 A-

238 1619 99 45 reop.
753 1619 142 45 ,
863 1619 77 45 pro
906 1619 121 45 talibus
983 1619 44 45 a-

238 1652 147 37 ctionibus
350 1652 158 37 sacrificia
474 1652 79 37 bis
520 1652 79 37 jam
553 1652 147 37 mactavimus.

275 1675 101 56 Apud
338 1675 126 56 sacros
426 1675 113 56 autem
502 1675 176 56 scriptores
640 1675 189 56 Evangelium,
791 1675 138 56 dicitur

240 1709 123 52 bonum
322 1709 150 52 nuncium
432 1709 82 52 de
473 1709 178 52 Salvatore
595 1709 96 52 Mund.

277 1741 128 45 Estque
367 1741 102 45 apud
431 1741 90 45 nos
482 1741 192 45 Christianos
636 1741 115 45 nomen
713 1741 90 45 hoc
764 1741 128 45 omnium
841 1741 192 45 celeberrimum.

246 1780 63 47 &
272 1780 125 47 optimo
359 1780 100 47 jure
422 1780 113 47 nobis
497 1780 150 47 proprium
610 1780 63 47 &
623 1780 150 47 peculiare.

279 1812 73 45 Est
320 1812 84 45 vero
373 1812 63 45 in
404 1812 105 45 sacris
477 1812 115 45 triplex
561 1812 84 45 ejus
603 1812 73 45 usus:

278 1838 100 44 Primo
344 1838 144 44 accipitur
455 1838 78 44 pro
500 1838 133 44 historia
599 1838 122 44 Christi
688 1838 78 44 seu
732 1838 78 44 pro
777 1838 111 44 libris
854 1838 155 44 historicis
965 1838 89 44 dicto-

237 1880 81 41 rum
284 1880 174 41 factorumque
423 1880 139 41 Christi,
528 1880 70 41 ut
563 1880 105 41 Marc.
632 1880 70 41 1.
667 1880 70 41 v.
702 1880 70 41 1.
737 1880 163 41 Principium
865 1880 151 41 Evangelii
969 1880 70 41 Iesu

242 1912 145 37 Christi
347 1912 119 37 Filij
426 1912 105 37 DEI:
492 1912 145 37 quomodo
598 1912 185 37 communiter
743 1912 185 37 appellatur
875 1912 158 37 Evangelium

242 1945 143 43 Matthaei,
352 1945 110 43 Marci,
429 1945 99 43 Lucae
495 1945 55 43 &
517 1945 143 43 Johannis,
627 1945 77 43 qui
671 1945 88 43 inde
726 1945 176 43 Evangelistae
869 1945 110 43 dicti,
946 1945 66 43 id
968 1945 66 43 est,

240 1983 175 34 natratores
377 1983 163 34 originis,
502 1983 163 34 dictorum,
627 1983 150 34 factorum
740 1983 63 34 &
765 1983 163 34 passionum
890 1983 125 34 Domini
965 1983 63 34 no-

245 2017 87 38 stri
299 2017 87 38 Jesu
354 2017 130 38 Christi.
451 2017 65 38 Et
484 2017 76 38 hac
527 2017 195 38 significatione
690 2017 119 38 quatuor
777 2017 87 38 sunt
831 2017 141 38 Evagelia,
939 2017 76 38 nec
972 2017 65 38 plu-

239 2048 88 35 ra,
290 2048 88 35 nec
340 2048 163 35 pauciora.
466 2048 88 35 Ac.
516 2048 138 35 illorum
616 2048 126 35 quidem
704 2048 126 35 omnium
792 2048 138 35 quatuor
880 2048 151 35 Evangelio-

246 2081 85 41 rum
295 2081 183 41 substantia,
441 2081 146 41 veritas,
551 2081 122 41 gratia
636 2081 110 41 eadem
710 2081 98 41 est:
771 2081 110 41 modus
844 2081 98 41 vero
905 2081 146 41 tradendi
1002 2081 37 41 &

253 2114 169 42 applicatio
386 2114 72 42 ad
422 2114 97 42 usum
482 2114 145 42 nostrum,
591 2114 109 42 magis
663 2114 72 42 in
699 2114 157 42 Evangelio
820 2114 145 42 Johannis
928 2114 97 42 quam
977 2114 48 42 a-

243 2144 122 46 liorum
328 2144 220 46 Evangelistarum
511 2144 171 46 legentibus
646 2144 159 46 conspicua
756 2144 73 46 est;

281 2181 152 35 Secundo,
395 2181 139 35 sumitur
496 2181 88 35 vox
547 2181 164 35 Evangelii
673 2181 190 35 generaliter
825 2181 88 35 pro
875 2181 101 35 sota
926 2181 126 35 doctrina

255 2204 131 50 Christi
351 2204 60 50 &
374 2204 96 50 ejus
434 2204 191 50 Apostolorum,
589 2204 84 50 non
637 2204 119 50 tantum
721 2204 72 50 de
756 2204 167 50 remissione
876 2204 155 50 peccatorum:

250 2248 74 41 sed
293 2248 96 41 etiam
357 2248 64 41 de
389 2248 191 41 resipiscentia:
548 2248 64 41 ut
580 2248 96 41 Marci
644 2248 64 41 1.
676 2248 96 41 vers.
739 2248 74 41 14.
782 2248 96 41 Venit
846 2248 96 41 Iesus
909 2248 64 41 in
931 2248 106 41 Galilae-

244 2282 69 40 am
278 2282 161 40 praedicans
404 2282 161 40 Evangelium
531 2282 103 40 regni
600 2282 92 40 Dei:
657 2282 57 40 &
680 2282 92 40 cap.
737 2282 115 40 ultim.
818 2282 69 40 v.
852 2282 80 40 15.
887 2282 149 40 Praedicate.

247 2318 171 45 Evangelium
381 2318 98 45 omni
442 2318 171 45 creaturae,
576 2318 73 45 id
613 2318 98 45 est,
674 2318 85 45 non
723 2318 122 45 tantum
808 2318 73 45 de
845 2318 122 45 gratia
930 2318 85 45 Dei
967 2318 73 45 per-

246 2346 153 50 Christum,
364 2346 82 50 sed
411 2346 106 50 etiam
482 2346 71 50 de
517 2346 200 50 resipiscentia
682 2346 59 50 &
705 2346 106 50 bonis
776 2346 153 50 operibus,
894 2346 71 50 ut
929 2346 106 50 patet
988 2346 47 50 ex

243 2383 137 39 Matthaei
345 2383 80 39 28.
391 2383 68 39 v.
425 2383 80 39 19,
470 2383 80 39 20.
516 2383 102 39 Atque
584 2383 91 39 haec
641 2383 137 39 doctrina
743 2383 159 39 continetur
868 2383 68 39 in
902 2383 125 39 omnibus
982 2383 57 39 li-

241 2415 92 35 bris
298 2415 126 35 sacris,
389 2415 103 35 illam
458 2415 92 35 sive
515 2415 183 35 narrantibus,
664 2415 92 35 sive
721 2415 183 35 enarrantibus
870 2415 57 35 &
881 2415 149 35 accommodan-

237 2457 105 41 tibus
307 2457 116 41 piorum
389 2457 105 41 usui.
458 2457 81 41 Hac
505 2457 209 41 significatione
679 2457 105 41 plura
749 2457 93 41 sunt
807 2457 128 41 quatuor
889 2457 151 41 Evangeliis:

240 2486 87 37 nam
289 2486 62 37 &
314 2486 100 37 Acta
376 2486 174 37 Apostolica
513 2486 62 37 &
538 2486 162 37 Epistolae
663 2486 137 37 ipsorum
762 2486 100 37 sunt
812 2486 137 37 Evangelia

272 2511 123 52 Omnes
354 2511 96 52 imo
409 2511 178 52 conciones
546 2511 205 52 Prophetatum
710 2511 82 52 de
751 2511 205 52 conversione
915 2511 137 52 nostra
997 2511 55 52 ad

241 2542 92 45 Deum
298 2542 57 45 &
321 2542 206 45 resipiscentia,
493 2542 92 45 sunt
550 2542 92 45 pars
607 2542 149 45 doctrinae
710 2542 138 45 Evangelii.

278 2582 111 49 Tertio
356 2582 145 49 usurpatur
467 2582 167 49 specialiter
601 2582 67 49 ac
634 2582 122 49 stricte
723 2582 78 49 pro
768 2582 167 49 felicissimo
901 2582 100 49 atque
957 2582 78 49 opta-

243 2611 132 50 tissimo
339 2611 120 50 nuncio
423 2611 72 50 de
458 2611 168 50 redemtione
590 2611 132 50 generis
686 2611 120 50 humani
770 2611 84 50 per
818 2611 156 50 Christum,
937 2611 72 50 ut
961 2611 72 50 Jes.

247 2653 77 32 61.
291 2653 66 32 v.
324 2653 66 32 1.
357 2653 66 32 ut
390 2653 165 32 evengelixem
522 2653 154 32 pauperibus
643 2653 99 32 misit
709 2653 77 32 me;
753 2653 55 32 &
775 2653 88 32 Luc.
830 2653 66 32 2.
863 2653 66 32 v.
896 2653 77 32 10.
940 2653 88 32 Ecce
984 2653 55 32 eu-

231 2686 151 44 angelixo
344 2686 113 44 vobis
420 2686 138 44 gaudium
520 2686 138 44 magnum.
621 2686 75 44 Et
658 2686 88 44 hac
709 2686 226 44 significatione
897 2686 126 44 unicum
972 2686 63 44 est

239 2719 184 44 Evangelium,
386 2719 98 44 Gal.
447 2719 73 44 1.
484 2719 73 44 v.
520 2719 73 44 7.
557 2719 122 44 Tantum
643 2719 73 44 de
680 2719 110 44 voce:
753 2719 159 44 definitur
876 2719 110 44 autem
949 2719 73 44 in
974 2719 73 44 hunc

240 2754 125 39 modum;
327 2754 75 39 ut
364 2754 87 39 jam
414 2754 75 39 de
452 2754 125 39 reipsa
527 2754 112 39 agatur:

270 2781 167 54 Evangelium
401 2781 72 54 de
437 2781 119 54 Domino
521 2781 119 54 nostro
604 2781 96 54 Iesu
664 2781 143 54 Christo,
771 2781 84 54 est
819 2781 143 54 doctrina
927 2781 72 54 de
951 2781 96 54 gratia

246 2811 60 56 &
270 2811 228 56 reconciliatione
462 2811 120 56 nostri
546 2811 84 56 cum
594 2811 96 56 Deo,
655 2811 84 56 per
703 2811 60 56 &
727 2811 132 56 propter
823 2811 156 56 Christum,
943 2811 72 56 de
967 2811 60 56 im-

253 2855 134 48 utatione
354 2855 146 48 justitiae
466 2855 134 48 Christi,
566 2855 157 48 remissione
690 2855 168 48 peccatorum,
824 2855 157 48 glorificat
947 2855 78 48 one
981 2855 56 48 no-

243 2889 96 37 stri
303 2889 84 37 seu
351 2889 180 37 renovatione
494 2889 84 37 per
542 2889 144 37 Spiritum
650 2889 144 37 Sanctum,
758 2889 108 37 atque
830 2889 84 37 ita
877 2889 60 37 &
901 2889 72 37 de
925 2889 108 37 conver-

240 2919 106 54 sione
311 2919 71 54 ad
346 2919 94 54 Deum
405 2919 59 54 &
429 2919 201 54 resipiscentia
594 2919 71 54 ac
630 2919 94 54 vita
689 2919 130 54 aeterna
783 2919 118 54 gratis
866 2919 106 54 danda
937 2919 83 54 per
972 2919 59 54 &,p

245 2959 90 38 pter
301 2959 146 38 Christum,
413 2959 179 38 credentibus.
559 2959 112 38 Actor.
637 2959 79 38 20.
682 2959 123 38 versic.
772 2959 79 38 24.
817 2959 79 38 Sed
862 2959 123 38 nullius
951 2959 79 38 rei
985 2959 56 38 ha-

234 2993 83 36 beo
282 2993 155 36 rationem,
401 2993 107 36 neque
473 2993 95 36 vita
532 2993 83 36 mea
580 2993 95 36 mihi
640 2993 95 36 ipsi
699 2993 95 36 cara
759 2993 95 36 est,
818 2993 72 36 ut
854 2993 143 36 consumem
950 2993 95 36 cursum

232 3026 97 40 meum
293 3026 85 40 cum
341 3026 134 40 gaudio,
439 3026 61 40 &
463 3026 183 40 ministerium
610 3026 97 40 quod
670 3026 122 40 accept
756 3026 61 40 a
780 3026 122 40 Domino
865 3026 97 40 Iesu
926 3026 73 40 ad
951 3026 85 40 atto.

233 3060 124 41 standum
323 3060 158 41 Evangelium
448 3060 124 41 gratiae
538 3060 90 41 Dei.
595 3060 113 41 Jerem.
674 3060 79 41 31.
719 3060 124 41 versic.
809 3060 79 41 31,
855 3060 79 41 32.
900 3060 79 41 33.
945 3060 79 41 31.
979 3060 68 41 Ecce

238 3092 96 37 dies
298 3092 133 37 uenturi
395 3092 108 37 sunt,
467 3092 120 37 dictum
551 3092 145 37 sehovae;
660 3092 120 37 quibus
744 3092 120 37 pangam
828 3092 84 37 cum
876 3092 96 37 domo
925 3092 120 37 Israelis

242 3117 65 48 &
268 3117 91 48 cum
320 3117 105 48 domo
386 3117 131 48 Iehuda
477 3117 118 48 fedus
556 3117 131 48 uvvum:
647 3117 91 48 Non
699 3117 157 48 secundum
817 3117 118 48 illud
895 3117 118 48 sedus
961 3117 78 48 quod

232 3158 170 35 pepigeram
363 3158 92 35 cum
415 3158 170 35 majoribus
546 3158 118 35 eorum
625 3158 92 35 quo
677 3158 92 35 die
730 3158 157 35 prehendi
847 3158 118 35 manum
926 3158 131 35 eorum,
1005 3158 52 35 ut

237 3195 138 39 educerem
341 3195 81 39 eos
387 3195 58 39 e
410 3195 104 39 terra
479 3195 138 39 AEgypti,
583 3195 127 39 namipsi
675 3195 127 39 irritum
767 3195 138 39 fecerunt
870 3195 104 39 fodus
939 3195 115 39 ineum,
1008 3195 35 39 &

241 3225 81 42 ego
288 3225 139 42 coniugio
392 3225 127 42 iunctus
484 3225 150 42 mansissem
600 3225 92 42 eis?
658 3225 116 42 dictum
738 3225 92 42 Ieho
796 3225 81 42 oe.
843 3225 81 42 Nam
889 3225 81 42 hoc
935 3225 104 42 illud
993 3225 46 42 es

1046 146 104 54 fedus
1116 146 93 54 quod
1174 146 116 54 pangam
1255 146 81 54 cum
1301 146 93 54 domo
1359 146 139 54 Israelis
1463 146 93 54 post
1521 146 93 54 dies
1579 146 93 54 hos,
1637 146 116 54 dictum
1718 146 139 54 Iehovae,
1810 146 58 54 in-

1040 191 92 43 dam
1092 191 118 43 legem
1171 191 105 43 meum
1237 191 118 43 menti
1316 191 131 43 eorum,
1408 191 66 43 &
1434 191 118 43 cordi
1513 191 118 43 eorum
1592 191 171 43 inscribum
1723 191 105 43 eam;
1789 191 66 43 &
1802 191 66 43 ero

1042 228 84 41 eis
1090 228 108 41 Deus,
1162 228 60 41 &
1186 228 96 41 ipsi
1246 228 108 41 erunt
1318 228 96 41 mihi
1378 228 144 41 populus,
1486 228 84 41 Non
1534 228 108 41 autem
1606 228 108 41 solum
1678 228 144 41 docebunt
1774 228 84 41 ampli

1045 258 70 41 us
1080 258 128 41 quisque
1173 258 116 41 amicum
1255 258 93 41 suum
1313 258 58 41 &
1336 258 128 41 quisque
1429 258 128 41 fratrem
1522 258 105 41 suum,
1592 258 140 41 dicendo,
1697 258 163 41 cognoscite
1813 258 58 41 Ie-

1056 298 123 39 hovam:
1142 298 86 39 nam
1191 298 148 39 quotquot
1302 298 123 39 erunt,
1388 298 172 39 cognoscent
1523 298 74 39 me
1560 298 62 39 a
1585 298 123 39 minimo
1671 298 123 39 eorum,
1757 298 111 39 usque
1819 298 49 39 ad

1046 334 140 40 maximum
1148 334 127 40 eorum,
1237 334 127 40 dictum
1326 334 153 40 Iehovae,
1441 334 76 40 me
1479 334 165 40 condonare
1606 334 191 40 iniquitatem
1746 334 127 40 ipsorum,

1052 357 58 54 &
1076 357 128 54 peccati
1168 357 128 54 ipsorum
1261 357 81 54 non
1308 357 151 54 recordari
1412 357 116 54 amplius.

1079 397 87 43 Hoc
1128 397 112 43 ipsum
1203 397 137 43 repetit
1303 397 162 43 Apostolus
1428 397 125 43 Paulus
1515 397 162 43 Hebraeor.
1640 397 75 43 8.
1677 397 137 43 versic.
1777 397 87 43 10,
1815 397 62 43 11,

1053 437 82 37 12.
1100 437 70 37 2.
1135 437 141 37 Corinth.
1241 437 70 37 5.
1276 437 129 37 versic.
1370 437 82 37 18.
1417 437 59 37 &
1440 437 188 37 sequentibus:
1593 437 94 37 Haec
1651 437 106 37 autem
1722 437 106 37 omnia
1792 437 106 37 sunt.

1049 462 66 45 ex
1082 462 88 45 Deo,
1137 462 77 45 qui
1182 462 188 45 reconciliavit
1336 462 77 45 nos
1381 462 88 45 sibi
1436 462 77 45 per
1480 462 99 45 Iesum
1546 462 144 45 Christum,
1657 462 133 45 deditque
1756 462 99 45 nobis
1812 462 55 45 mi-

1047 499 160 46 nisterium
1170 499 259 46 reconciliationis:
1392 499 111 46 Nempe
1466 499 99 46 quia
1528 499 99 46 Deus
1589 499 99 46 erat
1651 499 74 46 in
1688 499 136 46 Christo
1774 499 99 46 mundum

1053 527 173 44 roconcilians
1194 527 87 44 sibi
1248 527 76 44 non
1291 527 141 44 imputando
1399 527 76 44 eis
1442 527 130 44 offensas
1540 527 108 44 eorum:
1615 527 141 44 posuitque
1724 527 65 44 in
1756 527 97 44 nobis
1810 527 65 44 ser-

1057 564 103 44 monem
1125 564 103 44 illum
1193 564 239 44 reconciliationis.
1398 564 114 44 Itaque
1478 564 194 44 nomineChristi
1638 564 148 44 legatione
1752 564 148 44 fungimur,

1047 607 60 36 &
1071 607 120 36 veluti
1155 607 84 36 Deo
1203 607 84 36 vos
1251 607 132 36 rogante
1348 607 84 36 per
1396 607 96 36 nos,
1456 607 120 36 oramus
1540 607 132 36 Christi
1636 607 132 36 nomine,
1721 607 156 36 reconcilia-

1057 631 93 50 mini
1116 631 93 50 Deo.
1174 631 105 50 Fecit
1244 631 93 50 enim
1302 631 70 50 ut
1337 631 82 50 qui
1384 631 82 50 non
1431 631 105 50 novit
1501 631 140 50 peccatum
1606 631 82 50 pro
1653 631 105 50 nobis
1723 631 140 50 peccatum
1828 631 82 50 os

1049 662 82 53 set,
1100 662 62 53 ut
1131 662 72 53 nos
1172 662 154 53 efficeremur
1295 662 123 53 iustitia
1388 662 72 53 Dei
1429 662 62 53 in
1450 662 51 53 eo-

1092 686 174 56 Evangelium
1228 686 248 56 reconciliationis
1439 686 62 56 &
1464 686 137 56 gratiae
1564 686 99 56 Dei,
1626 686 161 56 nominatur
1750 686 149 56 Synecdo

1057 740 100 38 chice
1123 740 144 38 sapientia
1234 740 89 38 Dei,
1290 740 67 38 1.
1323 740 133 38 Corinth.
1423 740 67 38 2.
1456 740 122 38 versic.
1545 740 67 38 6,
1578 740 67 38 7.
1612 740 155 38 Sapientiam
1734 740 89 38 vero
1789 740 100 38 loqui

1062 771 82 37 mur
1109 771 105 37 inter
1179 771 140 37 adultos,
1284 771 164 37 sapientiam
1413 771 105 37 autem
1483 771 82 37 non
1530 771 117 37 saculi
1611 771 117 37 huius,
1693 771 105 37 neque
1752 771 128 37 principum

1068 803 119 38 seculi
1152 803 107 38 huius
1223 803 83 38 qui
1271 803 167 38 abolentur.
1402 803 83 38 Sed
1450 803 143 38 loquimur
1557 803 167 38 sapientiam
1688 803 83 38 Dei
1736 803 143 38 latentem
1831 803 48 38 in

1057 842 160 38 mysterio,
1180 842 86 38 &c.
1229 842 160 38 Nominatur
1352 842 123 38 verbum
1439 842 86 38 Dei
1488 842 160 38 Deuteron.
1611 842 86 38 30.
1660 842 111 38 vers.
1734 842 86 38 14.
1771 842 111 38 Propin-

1060 870 92 46 quum
1117 870 81 46 est
1163 870 92 46 tibi
1221 870 115 46 verbum
1301 870 81 46 hoc
1347 870 115 46 valde.
1428 870 115 46 Roman.
1508 870 69 46 10
1543 870 127 46 versic.
1635 870 69 46 8.
1669 870 69 46 1.
1704 870 104 46 Petr.
1773 870 69 46 1.
1796 870 81 46 vers.

1062 909 89 38 23.
1113 909 89 38 per
1164 909 153 38 sermonem
1279 909 89 38 Dei
1330 909 115 38 vivum
1406 909 64 38 &
1431 909 153 38 manentem
1546 909 76 38 in
1584 909 165 38 aeternum.
1712 909 76 38 Et
1750 909 115 38 vers.
1813 909 64 38 25.

1067 935 124 37 Verbum
1153 935 124 37 Domini
1240 935 112 37 manet
1315 935 74 37 in
1352 935 161 37 aeternum,
1476 935 87 37 hoc
1526 935 112 37 autem
1600 935 87 37 est
1650 935 124 37 verbum
1737 935 112 37 illud
1812 935 99 37 quod

1070 974 191 42 ivangelizatum
1227 974 78 42 est
1272 974 112 42 vobis.
1350 974 112 42 Verbum
1429 974 112 42 fidei,
1507 974 112 42 Roman.
1586 974 90 42 cap.
1642 974 78 42 10.
1686 974 101 42 vers.
1754 974 67 42 8.
1787 974 78 42 Hoc
1821 974 56 42 est

1065 1005 117 38 verbum
1147 1005 105 38 illud
1217 1005 105 38 fidei
1288 1005 94 38 quod
1346 1005 187 38 praedicamus.
1498 1005 105 38 Sermo
1569 1005 246 38 reconciliationis,
1779 1005 70 38 2.
1803 1005 70 38 Cor-

1060 1037 70 53 5.
1095 1037 58 53 v
1118 1037 81 53 19.
1165 1037 104 53 sermo
1234 1037 70 53 de
1269 1037 104 53 regno
1338 1037 104 53 illo,
1408 1037 116 53 Matth.
1489 1037 81 53 13.
1535 1037 70 53 v.
1570 1037 81 53 19.
1617 1037 70 53 Et
1651 1037 185 53 Synecdochice
1790 1037 93 53 Sermo,

1060 1074 100 42 Matth.
1130 1074 70 42 13.
1170 1074 60 42 v.
1200 1074 70 42 20,
1240 1074 70 42 21,
1280 1074 70 42 22,
1310 1074 50 42 23.

1099 1101 123 45 Vocatur
1188 1101 101 45 etiam
1255 1101 101 45 illud
1323 1101 134 45 pietatis
1423 1101 157 45 mysterium,
1546 1101 67 45 1.
1580 1101 90 45 Tim.
1636 1101 67 45 3.
1669 1101 101 45 vers.
1737 1101 78 45 16.
1770 1101 112 45 testimo-

1068 1147 96 37 nium
1128 1147 120 37 Domini
1212 1147 108 37 Iesu,
1283 1147 72 37 2.
1319 1147 132 37 Timoth.
1415 1147 72 37 1.
1451 1147 72 37 v.
1487 1147 72 37 8.
1522 1147 96 37 quia
1582 1147 72 37 de
1618 1147 120 37 Domino
1702 1147 96 37 Iesu
1761 1147 155 37 testatur,

1071 1183 107 34 ipsum
1142 1183 95 34 esse
1202 1183 143 34 Christum
1309 1183 119 34 illum.
1392 1183 155 34 Consilium
1511 1183 95 34 Dei,
1571 1183 95 34 Luc.
1630 1183 71 34 7.
1666 1183 107 34 vers.
1737 1183 83 34 30.
1785 1183 95 34 quia
1832 1183 48 34 eo

1058 1208 118 35 nobis
1137 1208 105 35 Deus
1202 1208 158 35 consulit
1321 1208 92 35 quo
1373 1208 105 35 modo
1439 1208 118 35 vitam
1518 1208 158 35 aeternam
1636 1208 158 35 consequi
1741 1208 145 35 possimus.

1075 1246 144 42 Nominatur
1186 1246 144 42 spiritus,
1297 1246 67 42 2.
1330 1246 133 42 Corinth.
1430 1246 67 42 3.
1463 1246 100 42 vers.
1530 1246 67 42 6,
1563 1246 55 42 &
1585 1246 67 42 1.
1619 1246 111 42 Johan.
1696 1246 67 42 5.
1730 1246 67 42 v.
1763 1246 67 42 8.
1785 1246 100 42 propter

1066 1277 85 45 has
1102 1277 133 45 rationes:

1089 1301 76 52 I.
1127 1301 101 52 Quia
1190 1301 113 52 illud
1266 1301 151 52 Apostoli
1379 1301 88 52 non
1430 1301 76 52 in
1467 1301 139 52 tabulis
1568 1301 151 52 lapideis
1681 1301 164 52 exaratum,
1807 1301 88 52 sed
1845 1301 38 52 a

1078 1347 131 49 Spiritu
1174 1347 120 49 Sancto
1257 1347 72 49 in
1293 1347 143 49 cordibus
1401 1347 96 49 suis
1461 1347 155 49 regenitis
1580 1347 143 49 scriptum
1676 1347 155 49 acceperunt.

1094 1381 75 39 2.
1132 1381 100 39 Quia
1195 1381 163 39 praedicat
1320 1381 88 39 non
1370 1381 88 39 res
1420 1381 163 39 corporeas
1546 1381 63 39 &
1571 1381 188 39 sensibiles,
1721 1381 88 39 sed
1759 1381 125 39 Christum

1075 1411 78 51 qui
1119 1411 78 51 est
1164 1411 133 51 spiritus
1263 1411 55 51 &
1285 1411 100 51 anima
1352 1411 100 51 Legis
1418 1411 55 51 &
1429 1411 78 51 vita.

1086 1444 75 42 3.
1123 1444 100 42 Quia
1185 1444 87 42 per
1235 1444 112 42 illud
1310 1444 149 42 Spiritus
1422 1444 137 42 Sanctus
1521 1444 187 42 credentibus
1670 1444 112 42 datur
1745 1444 62 42 &
1770 1444 75 42 in
1795 1444 87 42 illis

1072 1482 86 38 opus
1126 1482 172 38 suumsalutate
1266 1482 140 38 perficit,
1373 1482 107 38 Galat.
1448 1482 64 38 3.
1481 1482 64 38 v.
1513 1482 64 38 2.
1545 1482 86 38 Eph.
1599 1482 64 38 1.
1631 1482 64 38 v.
1663 1482 75 38 13.
1706 1482 118 38 Dicitur
1792 1482 86 38 lata
1835 1482 54 38 si-

1074 1514 196 42 gnificationeP
1236 1514 92 42 PIII
1294 1514 150 42 doctrina,
1409 1514 69 42 in
1444 1514 127 42 vulgata
1536 1514 138 42 versione
1640 1514 92 42 lex,
1697 1514 115 42 veluti
1778 1514 104 42 Jesa.
1836 1514 46 42 2.

1071 1548 106 31 vers.
1142 1548 71 31 3.
1177 1548 59 31 E
1201 1548 118 31 Tzione
1283 1548 141 31 prodibit
1389 1548 141 31 doctrina
1494 1548 82 31 seu
1541 1548 94 31 Lex,
1600 1548 71 31 ut
1635 1548 129 31 vulgata
1729 1548 118 31 Latina
1800 1548 82 31 habet

1077 1580 152 38 Nominatur
1194 1580 82 38 lex
1241 1580 117 38 fidei,
1322 1580 117 38 Roman.
1404 1580 70 38 3.
1439 1580 93 38 vers
1497 1580 82 38 27.
1544 1580 93 38 quia
1602 1580 140 38 requirit
1707 1580 105 38 fidem
1777 1580 70 38 in
1800 1580 82 38 Chri-

1077 1613 106 37 stum,
1148 1613 59 37 &
1172 1613 130 37 salutem
1266 1613 142 37 aeternam
1372 1613 153 37 promittit
1490 1613 83 37 sub
1537 1613 165 37 conditione
1667 1613 118 37 fidei,
1749 1613 71 37 Si
1773 1613 118 37 credide-

1071 1649 96 45 ris,
1131 1649 84 45 &c.
1179 1649 157 45 Nominatur
1300 1649 109 45 etiam
1372 1649 84 45 vox
1421 1649 181 45 tumultuosa,
1565 1649 109 45 Jesa.
1638 1649 84 45 66.
1686 1649 133 45 versic.
1782 1649 84 45 66.
1819 1649 72 45 quia

1086 1683 75 48 ad
1123 1683 100 48 ejus
1185 1683 175 48 auditionem
1323 1683 150 48 turbatur
1435 1683 62 48 &
1460 1683 187 48 tumultuatur
1610 1683 137 48 mundus,
1710 1683 75 48 ut
1747 1683 150 48 Matthaei
1847 1683 50 48 2.

1081 1717 101 41 versic.
1145 1717 37 41 3.

1107 1741 185 45 Evangelium
1252 1741 119 45 autem
1332 1741 132 45 semper
1425 1741 106 45 fuit
1491 1741 93 45 sub
1544 1741 146 45 utroque
1650 1741 185 45 Testamento
1795 1741 66 45 &
1809 1741 79 45 tra-

1072 1776 113 37 ditum
1148 1776 100 37 inde
1210 1776 75 37 ab
1248 1776 125 37 initio
1336 1776 125 37 mundi,
1424 1776 188 37 tradeturque
1574 1776 113 37 usque
1649 1776 75 37 ad
1687 1776 113 37 finem
1762 1776 125 37 mundi,
1837 1776 63 37 Ge-

1087 1818 86 45 nes.
1141 1818 64 45 3.
1173 1818 96 45 vers.
1237 1818 75 45 15.
1280 1818 139 45 Praeterea
1387 1818 160 45 inimicitiam
1515 1818 86 45 pono
1568 1818 96 45 inter
1632 1818 64 45 te
1665 1818 53 45 &
1686 1818 128 45 mulierem
1782 1818 96 45 hanc,
1846 1818 64 45 si

1085 1852 159 44 militerque
1209 1852 102 44 inter
1277 1852 102 44 semen
1345 1852 91 44 tuum
1402 1852 57 44 &
1424 1852 102 44 semen
1492 1852 113 44 hujus:
1572 1852 79 44 hoc
1617 1852 136 44 conteret
1719 1852 91 44 tibi
1775 1852 113 44 caput,
1843 1852 57 44 tu-

1071 1884 111 32 autem
1145 1884 148 32 conteres
1256 1884 99 32 huic
1305 1884 136 32 calcaneum

1114 1916 67 42 Et
1147 1916 89 42 cap.
1203 1916 78 42 22.
1248 1916 100 42 vers.
1314 1916 78 42 18.
1359 1916 67 42 Et
1392 1916 156 42 benedictae
1515 1916 100 42 erunt
1582 1916 67 42 in
1615 1916 111 42 semine
1693 1916 78 42 tuo
1738 1916 100 42 omnes
1794 1916 100 42 gentes.

1084 1949 128 39 terrae:
1177 1949 186 39 quandoquidem
1328 1949 174 39 auscultasti
1467 1949 93 39 voci
1513 1949 70 39 meae

1119 1984 118 43 Galat.
1202 1984 71 43 3.
1237 1984 106 43 vers.
1307 1984 71 43 8.
1343 1984 94 43 Quum
1401 1984 188 43 praevidisset
1554 1984 106 43 autem
1625 1984 153 43 Scriptura
1742 1984 94 43 Deum
1801 1984 71 43 ex
1824 1984 71 43 fide

1075 2005 225 64 justificaturum
1262 2005 137 64 Gentes,
1362 2005 75 64 id
1399 2005 100 64 ante
1462 2005 212 64 evangelizavit
1637 2005 162 64 Abrahamo.
1749 2005 150 64 Benedicen-

1072 2053 88 40 tur,
1127 2053 143 40 inquiens,
1237 2053 66 40 in
1270 2053 66 40 te
1303 2053 99 40 omnes
1358 2053 99 40 Gentes.

1114 2079 70 43 Et
1149 2079 140 43 vers.16.
1255 2079 140 43 Abrahamo
1360 2079 94 43 vero
1418 2079 117 43 dictae
1500 2079 94 43 sunt
1559 2079 199 43 promissiones,
1723 2079 58 43 &
1746 2079 117 43 semini
1816 2079 82 43 ejus.

1075 2116 79 43 Non
1120 2116 113 43 dicit,
1199 2116 57 43 &
1222 2116 158 43 seminibus,
1346 2116 68 43 ut
1380 2116 68 43 de
1414 2116 125 43 multis:
1505 2116 79 43 sed
1550 2116 68 43 ut
1584 2116 68 43 de
1618 2116 91 43 uno,
1675 2116 68 43 Et
1709 2116 113 43 semini
1788 2116 91 43 tuo,
1844 2116 79 43 qui

1091 2148 63 44 st
1111 2148 115 44 Christus.

1115 2186 111 41 Johan.
1192 2186 66 41 5.
1226 2186 100 41 vers.
1292 2186 78 41 46.
1336 2186 66 41 Si
1370 2186 89 41 enim
1425 2186 155 41 crederetis
1547 2186 100 41 Mosi,
1613 2186 155 41 crederetis
1735 2186 100 41 mihi:
1801 2186 78 41 nam
1835 2186 66 41 ille

1077 2213 71 48 de
1113 2213 71 48 me
1136 2213 119 48 scripsit

1121 2252 147 46 Deuteron.
1234 2252 79 46 18.
1279 2252 102 46 vers.
1347 2252 79 46 15,
1392 2252 79 46 16,
1438 2252 79 46 17,
1483 2252 79 46 18,
1528 2252 79 46 19.
1574 2252 147 46 Prophetam
1687 2252 57 46 e
1710 2252 102 46 medio
1777 2252 79 46 tui
1823 2252 57 46 e
1834 2252 68 46 fra-

1084 2284 111 40 tribus
1161 2284 89 40 tuis
1217 2284 100 40 sicut
1283 2284 77 40 ego
1327 2284 77 40 sum
1372 2284 155 40 suscitabit
1494 2284 89 40 tibi
1549 2284 111 40 Iehova
1626 2284 89 40 Deus
1682 2284 100 40 tuus,
1748 2284 66 40 ei
1770 2284 122 40 ausculta-

1087 2323 86 42 re:
1136 2323 148 42 Secundum
1247 2323 111 42 omnia
1320 2323 98 42 quae
1382 2323 148 42 petiisti
1492 2323 61 42 a
1517 2323 123 42 Ichova
1603 2323 86 42 Deo
1652 2323 86 42 tuo
1701 2323 74 42 in
1738 2323 148 42 Chorebo;
1837 2323 61 42 die

1082 2356 231 45 congregationis,
1276 2356 146 45 dicendo;
1386 2356 73 45 ne
1422 2356 121 45 pergam
1507 2356 121 45 audire
1592 2356 109 45 vocem
1665 2356 121 45 Iehova
1750 2356 97 45 Dei,
1811 2356 61 45 &
1823 2356 85 45 ignem

1082 2389 146 32 maximum
1188 2389 120 32 istum
1268 2389 80 32 ne
1308 2389 133 32 videam
1401 2389 160 32 amplius,
1521 2389 80 32 ut
1561 2389 93 32 non
1614 2389 146 32 moriar.
1721 2389 173 32 Quamobrem
1840 2389 67 32 di-

1087 2422 80 33 xit
1132 2422 114 33 Iehova
1212 2422 103 33 mihi,
1280 2422 91 33 bene
1337 2422 114 33 locuti
1417 2422 91 33 sunt
1474 2422 91 33 quod
1531 2422 114 33 locuti
1611 2422 103 33 sunt.
1679 2422 148 33 Prophetam
1782 2422 125 33 suscitaba

1087 2455 91 42 eis,
1143 2455 57 42 e
1166 2455 102 42 medio
1234 2455 125 42 fratrum
1325 2455 136 42 ipsorum,
1427 2455 102 42 sicut
1495 2455 91 42 tues
1552 2455 57 42 &
1574 2455 102 42 indam
1642 2455 102 42 verba
1710 2455 79 42 mea
1756 2455 79 42 ori
1801 2455 102 42 eius,
1858 2455 45 42 ut

1086 2489 160 47 geloquatur
1211 2489 80 47 eis
1257 2489 137 47 quicquid
1359 2489 160 47 praecepero
1485 2489 103 47 ipsi.
1553 2489 91 47 Erit
1610 2489 103 47 autem
1679 2489 68 47 ut
1713 2489 137 47 quisquis
1816 2489 80 47 non
1850 2489 57 47 au-

1088 2523 168 40 scultaverit
1222 2523 112 40 verbis
1300 2523 89 40 meis
1356 2523 89 40 quae
1412 2523 156 40 loquuturus
1535 2523 78 40 est
1579 2523 67 40 in
1613 2523 112 40 nomine
1691 2523 89 40 meo,
1747 2523 78 40 ego
1791 2523 134 40 reposcam

1084 2558 66 37 ab
1117 2558 98 37 illo.
1182 2558 98 37 Actor
1248 2558 66 37 3.
1281 2558 66 37 v.
1313 2558 76 37 19.
1357 2558 98 37 usque
1423 2558 66 37 ad
1455 2558 98 37 finem
1521 2558 131 37 capitis:
1619 2558 164 37 Rescpiscite
1750 2558 109 37 igitur
1827 2558 55 37 &
1837 2558 66 37 con-

1081 2596 125 31 vertite
1172 2596 91 31 vos,
1229 2596 68 31 ut
1263 2596 148 31 deleantur
1377 2596 125 31 peccata
1468 2596 125 31 vestra,
1559 2596 137 31 postquam
1661 2596 137 31 venerint
1763 2596 125 31 tempora
1843 2596 57 31 re-

1088 2624 192 38 frigerationis
1246 2624 57 38 a
1269 2624 147 38 conspectu
1382 2624 124 38 Domini.
1472 2624 68 38 Et
1506 2624 124 38 miserit
1596 2624 102 38 prius
1664 2624 170 38 praedicatum
1800 2624 102 38 vobis
1856 2624 57 38 Ie-

1087 2657 85 38 sum
1135 2657 158 38 Christum:
1257 2657 97 38 Quem
1317 2657 61 38 o
1342 2657 121 38 portet
1427 2657 121 38 quidem
1512 2657 109 38 coeli
1584 2657 146 38 capiant,
1694 2657 109 38 usque
1767 2657 73 38 ad
1791 2657 109 38 tempore

1077 2693 201 38 restitutionis
1242 2693 130 38 omnium,
1337 2693 71 38 de
1372 2693 118 38 quibus
1455 2693 142 38 loquutus
1561 2693 83 38 est
1608 2693 94 38 Deus
1667 2693 59 38 a
1691 2693 118 38 seculo
1773 2693 83 38 per
1820 2693 71 38 os
1844 2693 59 38 om-

1081 2727 100 37 nium
1143 2727 162 37 sanctorum
1268 2727 125 37 suorum
1355 2727 200 37 Prophetarum.
1517 2727 112 37 Moses
1592 2727 125 37 etenim
1679 2727 75 37 ad
1717 2727 125 37 Patres
1804 2727 125 37 dixit.

1084 2761 152 37 Prophetam
1201 2761 117 37 suscit
1283 2761 94 37 abit
1342 2761 105 37 vobis
1412 2761 129 37 Dominus
1506 2761 94 37 Deus
1564 2761 117 37 vester
1646 2761 70 37 ex
1682 2761 152 37 frattihus
1787 2761 117 37 vestris,

1096 2791 93 47 icut
1155 2791 82 47 me:
1201 2791 140 47 audietis
1307 2791 82 47 eum
1353 2791 70 47 in
1388 2791 128 47 omnibus
1482 2791 93 47 quae
1540 2791 140 47 loquutus
1645 2791 117 47 fuerit
1727 2791 117 47 vobis.
1797 2791 105 47 Futurum

1084 2828 84 33 est
1132 2828 108 33 autem
1204 2828 72 33 ut
1240 2828 144 33 quisquis
1348 2828 84 33 non
1396 2828 180 33 ausculcarit
1541 2828 156 33 Prophetam
1661 2828 120 33 illum,
1733 2828 168 33 disperdatur:

1084 2866 133 40 populo.
1181 2866 85 40 Sed
1229 2866 61 40 &
1253 2866 109 40 omnes
1326 2866 157 40 Prophetae
1447 2866 61 40 a
1471 2866 133 40 Samuele
1568 2866 61 40 &
1592 2866 145 40 deinceps
1701 2866 85 40 iis
1750 2866 85 40 qui
1786 2866 121 40 fuerunt,

1087 2896 131 39 quotquot
1185 2896 120 39 loquuti
1272 2896 87 39 sunt
1327 2896 98 39 etiam
1392 2896 185 39 prenunciarunt
1545 2896 87 39 dies
1599 2896 109 39 istos.
1675 2896 76 39 Vos
1719 2896 98 39 esti:
1784 2896 98 39 filij
1839 2896 65 39 Pro-

1096 2933 142 37 phetarum
1203 2933 59 37 &
1226 2933 107 37 pucti
1297 2933 95 37 quod
1357 2933 130 37 pepigit
1451 2933 95 37 Deus
1511 2933 95 37 erga
1570 2933 118 37 patres
1653 2933 142 37 nostros,
1759 2933 118 37 dicens
1842 2933 71 37 ad
1866 2933 47 37 A-

1080 2965 161 37 brahamum.
1203 2965 74 37 Et
1241 2965 74 37 in
1278 2965 124 37 semine
1364 2965 87 37 tuo
1414 2965 211 37 benedictionem
1587 2965 198 37 consequentur
1748 2965 111 37 omnes
1810 2965 87 37 fami-

1086 2996 92 39 liae
1144 2996 127 39 terrae.
1236 2996 104 39 Vobis
1305 2996 115 39 primum
1386 2996 92 39 Deus
1444 2996 161 39 suscitutum
1570 2996 115 39 Filium
1651 2996 92 39 suum
1709 2996 104 39 Iesum
1778 2996 115 39 misit,
1858 2996 81 39 qui

1088 3031 168 37 benediceret
1222 3031 112 37 vobis,
1300 3031 145 37 unoquoque
1412 3031 89 37 sese
1468 3031 145 37 avertente
1579 3031 56 37 a
1602 3031 179 37 pravitatibus
1747 3031 134 37 vestris.
1836 3031 67 37 Etc.

1092 3068 82 33 1o.
1139 3068 82 33 43.
1186 3068 94 33 Huic
1245 3068 105 33 etiam
1315 3068 105 33 omnes
1385 3068 152 33 Prophetae
1502 3068 176 33 testimonium
1643 3068 105 33 dant,
1713 3068 176 33 remissionem
1842 3068 70 33 pec-

1087 3099 136 39 catorum
1185 3099 172 39 accepturum
1321 3099 86 39 per
1370 3099 111 39 nomen
1444 3099 99 39 eius
1506 3099 136 39 quemvis
1604 3099 86 39 qui
1653 3099 172 39 crediderit
1789 3099 74 39 in
1826 3099 99 39 eum,
1875 3099 37 39 &

1084 3130 109 39 capite
1160 3130 76 39 26.
1204 3130 141 39 versiculo
1312 3130 76 39 22,
1356 3130 76 39 23.
1399 3130 76 39 Sed
1443 3130 87 39 aux:
1497 3130 98 39 lium,
1562 3130 87 39 quod
1617 3130 76 39 est
1660 3130 54 39 a
1682 3130 87 39 Deo,
1736 3130 120 39 nactus,
1812 3130 98 39 persti-

1098 3164 55 37 i
1120 3164 66 37 in
1153 3164 88 37 hunc
1208 3164 99 37 usque
1274 3164 99 37 diem,
1340 3164 165 37 testificans
1472 3164 99 37 ista,
1539 3164 77 37 tum
1583 3164 110 37 parvis
1660 3164 77 37 tum
1704 3164 121 37 magnis,
1792 3164 77 37 nec
1836 3164 99 37 quic

1090 3202 91 41 quam
1147 3202 114 41 dicens
1227 3202 103 41 eetre
1295 3202 69 41 ea
1330 3202 91 41 quae
1387 3202 149 41 Prophetae
1501 3202 69 41 ac
1535 3202 103 41 Moses
1604 3202 114 41 futura
1684 3202 194 41 praedixerunt.
1832 3202 69 41 Nem,

1083 3228 75 55 pe
1120 3228 149 55 Christum
1232 3228 124 55 fuisse
1319 3228 162 55 passurum,
1443 3228 75 55 ac
1481 3228 124 55 primum
1568 3228 75 55 ex
1605 3228 212 55 resurrectione
1767 3228 137 55 mortuorum
