2063 3422
260 182 119 44 RESP.
339 182 119 44 Primo
418 182 145 44 negatur
524 182 119 44 minur
603 182 198 44 propositio.
762 182 92 44 Nam
814 182 132 44 Filius
907 182 106 44 Dei,
960 182 79 44 quum

221 216 157 43 Patribus
339 216 79 43 in
378 216 131 43 veteri
470 216 183 43 Testamento
613 216 170 43 apparuit,
744 216 157 43 quanquam
862 216 131 43 nondum
941 216 79 43 home

226 251 119 41 esset,
309 251 107 41 tamen
380 251 107 41 verum
452 251 95 41 sibi
511 251 142 41 formabat
618 251 119 41 corpus
701 251 71 41 in
736 251 83 41 quo
784 251 166 41 apparebat;
914 251 107 41 idque
974 251 47 41 ex

231 281 156 51 actionibus
354 281 56 51 &
376 281 156 51 attributis
499 281 134 51 corporis
600 281 89 51 veri
655 281 123 51 liquet,
745 281 89 51 quia
801 281 156 51 ambulabat,
912 281 101 51 edebat,

218 318 223 38 contrectabatur,
406 318 141 38 sedebat.
512 318 117 38 Postea
594 318 129 38 peracto
688 318 129 38 officio
782 318 106 38 cujus
852 318 106 38 causa
922 318 59 38 a
934 318 94 38 Patre.

219 346 187 44 mittebatur,
368 346 124 44 corpus
455 346 112 44 illud
530 346 174 44 deponebat:
667 346 87 44 non
716 346 100 44 ergo
779 346 75 44 in
816 346 137 44 corpore
903 346 112 44 phantat

228 384 122 36 matico
313 384 171 36 apparebat.
447 384 122 36 Deinde
533 384 110 36 dato,
606 384 85 36 sed
655 384 85 36 non
704 384 159 36 concesso,
826 384 122 36 Filium
899 384 122 36 Patribus

219 413 99 40 olim
280 413 74 40 in
317 413 136 40 corpore
416 413 210 40 phantasmatico
589 413 185 40 apparuisse,
737 413 86 40 non
786 413 111 40 tamen
861 413 185 40 sequeretur,

232 448 106 37 illum
303 448 71 37 in
338 448 118 37 simili
421 448 130 37 corpore
515 448 83 37 cum
562 448 153 37 Apostolis
680 448 141 37 versatum
786 448 106 37 esse:
857 448 94 37 quia
916 448 83 37 cum
951 448 71 37 Apo-

230 468 109 50 stolis
307 468 120 50 versans
394 468 77 50 jam
438 468 109 50 factus
515 468 88 50 erat
569 468 99 50 caro,
635 468 88 50 Joh.
690 468 66 50 1.
723 468 66 50 v.
755 468 77 50 14.
799 468 131 50 Repertus
898 468 77 50 est
941 468 66 50 ut
963 468 77 50 homo?

232 508 131 46 Philipp.
330 508 66 46 2.
363 508 66 46 v.
396 508 66 46 8.
429 508 109 46 habens
505 508 109 46 corpus
582 508 131 46 visibile
680 508 109 46 oculis
757 508 142 46 corporis,
855 508 164 46 contrectabile

227 540 132 42 manibus,
326 540 99 42 sicut
392 540 132 42 Johannes
490 540 99 42 dicit
556 540 66 42 1.
589 540 110 42 epist.
666 540 66 42 1.
699 540 66 42 v.
732 540 66 42 1.
765 540 88 42 quod
820 540 121 42 vidimus
907 540 110 42 oculis
973 540 55 42 no-

213 583 119 42 stris,
296 583 95 42 quod
356 583 190 42 spectavimus,
510 583 59 42 &
534 583 107 42 manus
605 583 131 42 nostrae
700 583 214 42 contrectarunt,
867 583 59 42 &c.

256 607 79 43 II.
301 607 136 43 Spiritus
403 607 125 43 Sanctus
494 607 136 43 apparuit
596 607 68 43 in
630 607 113 43 specie
709 607 147 43 columbae,
823 607 79 43 vel
868 607 102 43 etiam
936 607 68 43 in
959 607 68 43 cor-

212 638 97 53 pore
273 638 110 53 verae
346 638 158 53 columbae,
468 638 85 53 nec
516 638 110 53 tamen
589 638 97 53 fuit
650 638 97 53 vera
711 638 146 53 columba.
821 638 97 53 Ergo
882 638 61 53 &
894 638 134 53 Christus.

226 676 137 44 apparuit
329 676 115 44 tantum
409 676 69 44 in
443 676 115 44 specie
523 676 137 44 hominis,
627 676 80 44 vel
672 676 126 44 etiamsi
764 676 69 44 in
798 676 92 44 vero
856 676 126 44 corpore
936 676 80 44 appa-

220 708 106 40 ruit,
291 708 153 40 propterea
409 708 106 40 tamen
480 708 106 40 verus
550 708 94 40 homo
609 708 83 40 non
645 708 83 40 fuit.

252 730 121 47 RESP.
332 730 188 47 Argumentum
480 730 94 47 est
534 730 67 47 a
561 730 188 47 dissimili.
709 730 94 47 Nam
763 730 108 47 alio
830 730 108 47 modo
897 730 161 47 apparuit

232 771 138 52 Spiritus
336 771 138 52 Sanctus,
440 771 92 52 alio
497 771 115 52 Filius
578 771 92 52 Dei;
636 771 138 52 Spiritus
739 771 127 52 Sanctus
831 771 81 52 κατ
877 771 138 52 ἔμφασιν,
969 771 58 52 nam

225 805 155 44 Johannes
341 805 155 44 Baptista
458 805 116 44 vidit
536 805 91 44 eum
587 805 207 44 descendentem
755 805 116 44 quasi
833 805 155 44 columbam
949 805 116 44 super

235 849 100 33 resum
302 849 111 33 Matth.
380 849 67 33 3.
413 849 100 33 v.16.
480 849 89 33 Joh.
535 849 67 33 1.
569 849 78 33 32.
613 849 111 33 Filius
691 849 78 33 Dei
736 849 78 33 κατ
780 849 167 33 ενσαρκωσιν,
914 849 89 33 quia
958 849 67 33 caro

220 880 112 32 factus
298 880 79 32 est
343 880 112 32 Johan.
422 880 67 32 1.
456 880 67 32 v.
489 880 79 32 14.
534 880 90 32 Alio
590 880 112 32 quippe
669 880 90 32 fine
725 880 135 32 apparuit
826 880 135 32 Spiritus
916 880 112 32 Sanctus,

226 904 98 47 quam
287 904 122 47 Filius
373 904 98 47 Dei:
434 904 147 47 Spiritus
544 904 135 47 Sanctus
642 904 135 47 quidem,
740 904 73 47 ut
776 904 122 47 specie
862 904 98 47 illa
911 904 110 47 columba

224 947 167 35 aliquandiu
355 947 107 35 super
427 947 95 35 Jesu
486 947 131 35 manens,
581 947 107 35 certo
653 947 167 35 dosignaret
784 947 143 35 Johanni,
891 947 95 35 hunc
939 947 83 35 Jesum

224 976 88 37 esse
279 976 110 37 Filium
356 976 99 37 illum
422 976 77 37 Dei
466 976 55 37 &
488 976 132 37 Christum
587 976 99 37 illum
653 976 110 37 Johan.
730 976 66 37 1.
763 976 66 37 v.
796 976 77 37 31,
840 976 77 37 32,
884 976 77 37 33,
928 976 77 37 34.
961 976 55 37 non

222 1008 111 36 autem
295 1008 74 36 ut
332 1008 148 36 servaret
443 1008 160 36 columbas;
566 1008 160 36 propterea
689 1008 111 36 etiam
763 1008 148 36 Spiritus
873 1008 135 36 Sanctus
960 1008 61 36 non

222 1038 81 38 est
269 1038 115 38 factus
349 1038 92 38 vera
407 1038 138 38 columba:
511 1038 69 38 at
545 1038 115 38 Filius
626 1038 81 38 Dei
672 1038 138 38 aeternus
776 1038 69 38 eo
810 1038 92 38 fine
868 1038 150 38 apparuit,
972 1038 46 38 ut

221 1073 141 37 homines
324 1073 167 37 redimeret
452 1073 64 37 &
478 1073 90 37 tum
529 1073 141 37 Judaeos
631 1073 90 37 tum
683 1073 128 37 Gentes
772 1073 77 37 in
811 1073 90 37 uno
862 1073 141 37 corpore
952 1073 64 37 re-

219 1104 173 39 conciliaret
358 1104 81 39 Deo
404 1104 81 39 per
450 1104 127 39 crucem,
543 1104 139 39 peremtis
647 1104 173 39 inimicitiis
785 1104 81 39 per
832 1104 92 39 eam,
889 1104 69 39 ut
924 1104 127 39 dicitur

227 1136 127 36 Ephes.
316 1136 76 36 2.
355 1136 115 36 v.16.
431 1136 165 36 Propterea
558 1136 115 36 verum
635 1136 127 36 corpus
724 1136 140 36 humanum
826 1136 165 36 assumsit,
940 1136 102 36 verus-

218 1170 85 52 que
266 1170 97 52 homo
327 1170 121 52 factus
399 1170 73 52 est.

275 1192 102 51 III.
339 1192 127 51 Angeli
428 1192 191 51 apparuerunt
581 1192 127 51 tantum
670 1192 76 51 in
708 1192 166 51 putativis
836 1192 64 51 &
849 1192 178 51 imaginariis,

217 1238 197 49 corporibus:
375 1238 105 49 Ergo
440 1238 66 49 &
467 1238 131 49 Filius
559 1238 92 49 Dei
611 1238 131 49 tantum
703 1238 79 49 in
743 1238 158 49 putativo
861 1238 66 49 &
874 1238 158 49 imaginario

229 1271 129 44 corpore
323 1271 141 44 apparuit
417 1271 82 44 homo:

279 1302 121 40 RESP.
359 1302 121 40 Primo
439 1302 147 40 negatur
546 1302 201 40 antecedens;
707 1302 94 40 nam
761 1302 134 40 Angeli
854 1302 94 40 non
895 1302 121 40 apparue

229 1333 97 37 runt
289 1333 157 37 putativis
411 1333 61 37 &
435 1333 182 37 imaginariis
580 1333 170 37 corporibus
713 1333 85 37 vel
762 1333 230 37 phantasmatibus,
943 1333 85 37 quem-

232 1369 135 40 idmodum
330 1369 135 40 Marcion
428 1369 147 40 putavit:
538 1369 86 40 sed
587 1369 110 40 veris
661 1369 61 40 &
685 1369 135 40 solidis
783 1369 184 40 corporibus,
930 1369 61 40 &
942 1369 86 40 tali-

229 1401 92 41 bus,
286 1401 115 41 qualia
366 1401 69 41 ab
400 1401 149 41 hominibus
515 1401 103 41 recte
584 1401 183 41 sentientibus
733 1401 57 41 &
756 1401 183 41 judicantibus
904 1401 92 41 esse
950 1401 69 41 cre-

221 1434 147 35 debantur,
334 1434 79 35 hoc
379 1434 90 35 est,
435 1434 90 35 vere
492 1434 135 35 humanis,
593 1434 68 35 ut
627 1434 124 35 evincit
717 1434 181 35 Tertullianus
864 1434 90 35 lib.
920 1434 68 35 3.
943 1434 79 35 adver

224 1468 91 38 sus
276 1468 168 38 Marcionem
405 1468 65 38 &
431 1468 117 38 libro
509 1468 78 38 de
548 1468 117 38 carne
626 1468 142 38 Christi
729 1468 155 38 adversus
846 1468 155 38 Apellem:
962 1468 65 38 &
975 1468 65 38 Au-

216 1501 143 45 gustinus
323 1501 119 45 tertio
406 1501 107 45 tomo,
478 1501 71 45 de
514 1501 107 45 Agone
585 1501 167 45 Christiano
716 1501 95 45 cap.
764 1501 60 45 22.

272 1531 197 41 Replicabant:
432 1531 74 41 Si
469 1531 123 41 Angeli
555 1531 185 41 apparuerunt
702 1531 74 41 in
739 1531 111 41 veris
813 1531 135 41 humanis
899 1531 123 41 corpori-

220 1565 90 36 bus,
276 1565 79 36 tum
321 1565 101 36 facti
389 1565 90 36 sunt
445 1565 90 36 veri
501 1565 135 36 homines.
602 1565 68 36 At
636 1565 79 36 hoc
681 1565 79 36 non
726 1565 90 36 est:
782 1565 90 36 Ergo
839 1565 79 36 nec
884 1565 113 36 illud.
951 1565 79 36 Pari-

221 1602 142 48 ratione
324 1602 90 48 non
376 1602 167 48 sequetur,
504 1602 129 48 Filium
594 1602 90 48 Dei
646 1602 129 48 factum
736 1602 116 48 verum
813 1602 154 48 hominem,
916 1602 103 48 etiam;

218 1630 118 46 verum
296 1630 131 46 corpus
388 1630 144 46 humanum
479 1630 183 46 assumsisset.

256 1660 111 46 RESP.
330 1660 87 46 Non
379 1660 148 46 sequitur
490 1660 62 46 a
515 1660 173 46 dissimili.
651 1660 87 46 Nam
701 1660 136 46 corpora
800 1660 74 46 ab
837 1660 136 46 Angelis
923 1660 99 46 assum-

230 1700 69 33 ta
264 1700 80 33 non
310 1700 126 33 fuerunt
402 1700 126 33 ejusdem
494 1700 138 33 generis,
597 1700 103 33 cujus
666 1700 126 33 Christi
758 1700 161 33 Servatoris
884 1700 115 33 nostri
953 1700 69 33 cor-

232 1732 83 38 pus
279 1732 94 38 est;
338 1732 94 38 quia
397 1732 130 38 Christi
492 1732 118 38 corpus
574 1732 106 38 natum
645 1732 94 38 est,
704 1732 130 38 corpora
798 1732 71 38 ab
833 1732 130 38 Angelis
916 1732 106 38 assumt:

224 1770 92 35 nata
281 1770 80 35 non
327 1770 137 35 fuerunt,
430 1770 69 35 ut
464 1770 103 35 recte
533 1770 149 35 definivit
647 1770 183 35 Tertullianus
796 1770 103 35 libro
865 1770 114 35 tertio
933 1770 92 35 adver-

219 1796 92 47 sus
271 1796 183 47 Marcionem,
415 1796 65 47 &
442 1796 118 47 libro
520 1796 79 47 de
559 1796 118 47 carne
638 1796 144 47 Christi
743 1796 157 47 adversus
861 1796 157 47 Apellem.
966 1796 65 47 Non

227 1826 153 38 fuerunt,
342 1826 140 38 inquam,
444 1826 102 38 nata
508 1826 191 38 generatione
661 1826 140 38 animali
763 1826 89 38 aut
814 1826 140 38 humana:
916 1826 102 38 quia
967 1826 51 38 An

223 1858 108 43 gelis
295 1858 156 43 moriendum
415 1858 84 43 non
463 1858 108 43 erat;
535 1858 96 43 quod
595 1858 132 43 pulchre
692 1858 144 43 explicat
800 1858 192 43 Tertullianus
944 1858 84 43 libro

226 1897 72 41 de
262 1897 108 41 carne
334 1897 144 41 Christi,
442 1897 96 41 quum
502 1897 96 41 ait:
562 1897 120 41 Nullus
647 1897 120 41 unquam
731 1897 132 41 Angelus
827 1897 96 41 ideo
887 1897 168 41 descendit,

229 1929 69 41 ut
263 1929 217 41 crucifigeretur,
446 1929 69 41 ut
480 1929 114 41 mortem
560 1929 183 41 experiretur,
708 1929 69 41 ut
742 1929 57 41 a
765 1929 103 41 morte
834 1929 217 41 resuscitaretur.

227 1960 77 37 Si
266 1960 141 37 nunquam
368 1960 154 37 ejusmodi
484 1960 103 37 fuit
548 1960 115 37 causa
625 1960 167 37 Angelorum
753 1960 231 37 corporandorum,
932 1960 90 37 habes

218 1996 140 35 causam,
320 1996 89 35 cur
371 1996 89 35 non
422 1996 153 35 nascendo
537 1996 179 35 acceperint
678 1996 140 35 carnem.
780 1996 89 35 Non
831 1996 153 35 venerant
933 1996 89 35 mori,

219 2028 91 46 ideo
276 2028 80 46 nec
321 2028 114 46 nasci.
402 2028 69 46 At
436 2028 91 46 vero
493 2028 137 46 Christus
596 2028 91 46 mori
653 2028 126 46 missus,
745 2028 103 46 nasci
813 2028 114 46 quoque
882 2028 137 46 necessario

230 2054 126 48 habuit,
321 2054 69 48 ut
356 2054 92 48 mori
413 2054 126 48 posset.
505 2054 80 48 Non
551 2054 92 48 enim
609 2054 92 48 mori
666 2054 115 48 solet,
746 2054 92 48 nisi
804 2054 92 48 quod
861 2054 149 48 nascitur.
965 2054 57 48 Mu-

226 2094 96 39 tuum
286 2094 133 39 debitum
383 2094 84 39 est
431 2094 108 39 inter
503 2094 84 39 se,
551 2094 169 39 nativitati
684 2094 84 39 cum
732 2094 193 39 mortalitate.
889 2094 108 39 Forma
949 2094 60 39 me-

228 2125 134 41 riendi,
325 2125 109 41 causa
398 2125 146 41 nascendi
507 2125 97 41 est.
568 2125 73 41 Et
605 2125 109 41 libro
677 2125 73 41 3.
714 2125 146 41 adversus
823 2125 170 41 Marcionem:
945 2125 97 41 Angeli

223 2156 113 46 neque
299 2156 75 46 ad
337 2156 163 46 moriendum
462 2156 88 46 pro
513 2156 113 46 nobis
588 2156 176 46 dispositi,
726 2156 126 46 brevem
814 2156 126 46 carnis
890 2156 138 46 commeatum

232 2188 85 54 non
280 2188 158 54 debuerunt
402 2188 146 54 nascendo
511 2188 158 54 sumsisse,
632 2188 97 54 quia
693 2188 85 54 nec
742 2188 146 54 moriendo
851 2188 170 54 deposituri
972 2188 61 54 eam

200 2214 138 52 fuerant

264 2245 87 53 Sed
313 2245 136 53 fuerunt
412 2245 87 53 vel
462 2245 74 53 ex
499 2245 124 53 nihilo
585 2245 62 53 a
610 2245 87 53 Deo
659 2245 136 53 creata:
758 2245 87 53 Nam
808 2245 99 53 quum
870 2245 136 53 relatum
956 2245 62 53 non

230 2275 89 60 sit,
286 2275 89 60 unde
341 2275 111 60 Angeli
419 2275 145 60 sumserint
531 2275 123 60 carnem,
620 2275 167 60 relinquitur
754 2275 167 60 intellectui
887 2275 123 60 nostro,
965 2275 56 60 non

233 2319 143 48 dubitare,
343 2319 77 48 hoc
387 2319 88 48 esse
441 2319 132 48 proprium
540 2319 132 48 Angelica
639 2319 165 48 potestatis,
771 2319 66 48 ex
804 2319 99 48 nulla
869 2319 121 48 materia
946 2319 66 48 cor-

233 2349 79 53 pus
278 2349 90 53 sibi
334 2349 123 53 sumere,
423 2349 67 53 ut
457 2349 101 53 eodem
524 2349 101 53 libro
592 2349 112 53 tradit
670 2349 191 53 Tertullianus:
827 2349 79 53 ubi
872 2349 101 53 etiam
928 2349 90 53 pauli.

235 2387 86 39 post
289 2387 139 39 subjicit:
396 2387 86 39 Quod
449 2387 75 39 non
492 2387 86 39 est,
546 2387 86 39 quum
599 2387 86 39 fit,
653 2387 64 39 ex
685 2387 107 39 nihilo
749 2387 64 39 est.

281 2413 77 54 Vel
325 2413 66 54 si
358 2413 66 54 de
391 2413 121 54 materia
478 2413 121 54 necesse
566 2413 121 54 fuisset
654 2413 121 54 Angelos
742 2413 132 54 sumsisse
840 2413 132 54 corpora,
928 2413 88 54 credi-

240 2436 117 62 bilius
322 2436 117 62 utique
405 2436 94 62 est,
463 2436 70 62 de
498 2436 129 62 terrena
592 2436 129 62 materia
686 2436 153 62 sumsisse;
803 2436 94 62 quam
862 2436 70 62 de
897 2436 94 62 ullo
944 2436 94 62 genere

239 2477 160 57 coelestium
364 2477 205 57 substantiarum:
535 2477 91 57 quum
592 2477 91 57 adeo
649 2477 137 57 terrenae
752 2477 160 57 qualitatis
866 2477 160 57 exstiterint,

231 2509 67 65 ut
264 2509 134 65 terrenis
365 2509 123 65 pabulis
455 2509 101 65 pasta
522 2509 101 65 sint,
589 2509 67 65 ut
622 2509 123 65 manibus
712 2509 179 65 contrectata,
857 2509 67 65 ut
891 2509 101 65 aquis
947 2509 78 65 ablu-

244 2542 89 58 ta:
295 2542 190 58 quemadmodum
447 2542 114 58 eodem
523 2542 114 58 libro
599 2542 152 58 disputat
700 2542 177 58 Tertullianus

269 2571 126 62 Deinde
358 2571 139 62 corpora
458 2571 76 62 ab
496 2571 139 62 Angelis
597 2571 139 62 assumta
698 2571 189 62 substantiam
849 2571 164 62 Angelicam
962 2571 63 62 non

236 2612 211 53 constituebant.
412 2612 129 53 Constat
505 2612 105 53 enim,
576 2612 82 53 ait
622 2612 187 53 Tertullianus
774 2612 105 53 eodem
845 2612 117 53 libro,
915 2612 105 53 Angelos

231 2645 115 53 carnem
312 2645 81 53 non
358 2645 138 53 propriam
462 2645 150 53 gestasse,
577 2645 115 53 utputa
657 2645 115 53 natura
738 2645 173 53 substantiae
864 2645 150 53 spiritualis

234 2676 58 55 &
258 2676 70 55 si
293 2676 140 55 corporis
398 2676 152 55 alicujus,
514 2676 82 55 sui
561 2676 105 55 tamen
631 2676 140 55 generis,
736 2676 70 55 in
771 2676 117 55 carnem
852 2676 105 55 autem
910 2676 117 55 humanam.

235 2708 245 55 transfigurabiles
443 2708 74 55 ad
480 2708 135 55 tempus,
578 2708 74 55 ut
615 2708 123 55 videri
700 2708 61 55 &
725 2708 147 55 congredi
835 2708 86 55 cum
872 2708 147 55 hominibus.

217 2733 110 49 possenti.

270 2768 71 68 Ea
306 2768 107 68 etiam
377 2768 131 68 corpora
472 2768 119 68 Angeli
555 2768 83 68 non
603 2768 143 68 uniebant
710 2768 95 68 sibi
769 2768 190 68 hypostatice,
923 2768 95 68 ideo
971 2768 71 68 ipsi

225 2806 86 54 non
274 2806 135 54 fiebant
372 2806 148 54 homines:
483 2806 86 54 sed
532 2806 74 54 ut
569 2806 172 54 Augustinus
704 2806 98 54 ait,
766 2806 135 54 tanquam
864 2806 123 54 vestes
938 2806 86 54 sume-

231 2833 98 63 bant
292 2833 61 63 &
316 2833 183 63 deponebant,
463 2833 61 63 &
487 2833 171 63 retinebant
621 2833 159 63 tantisper
743 2833 85 63 dum
792 2833 85 63 cum
841 2833 159 63 hominibus
951 2833 61 63 fa-

236 2872 160 58 miliariter
361 2872 149 58 colloqui,
476 2872 57 58 &
499 2872 92 58 suum
556 2872 183 58 ministerium,
705 2872 69 58 ad
739 2872 92 58 quod
796 2872 103 58 missi
865 2872 103 58 erant
934 2872 57 58 a
945 2872 69 58 Deo.

229 2899 148 48 perficere
343 2899 137 48 debebant

270 2938 85 55 IV.
318 2938 145 55 Christus
427 2938 121 55 factus
512 2938 85 55 est
561 2938 121 55 tantum
645 2938 73 55 in
682 2938 194 55 similitudine
839 2938 121 55 carnis
924 2938 61 55 &
936 2938 85 55 homi-

225 2972 112 55 num:
295 2972 112 55 Ergo
365 2972 98 55 non
422 2972 169 55 assumsit
548 2972 126 55 verum
633 2972 141 55 corpus
731 2972 169 55 humanum.
843 2972 183 55 Assumtionem

225 3006 127 53 probant
318 3006 93 53 inde
376 3006 93 53 quod
434 3006 93 53 Dan.
492 3006 70 53 7.
527 3006 70 53 v.
561 3006 81 53 13.
608 3006 127 53 dicitur
701 3006 127 53 similis
793 3006 104 53 filio
863 3006 139 53 hominis.
955 3006 70 53 Rom.

226 3038 69 56 8.
260 3038 103 56 vers.
328 3038 69 56 3.
363 3038 91 56 quod
420 3038 91 56 Deus
477 3038 103 56 ipsum
545 3038 126 56 miserit
637 3038 69 56 ἐν
671 3038 148 56 αμοιώμαλι
785 3038 114 56 σαρκος
865 3038 148 56 αμαρlιας,
968 3038 57 56 in-

227 3060 176 64 similitudine
370 3060 110 64 carnis
448 3060 132 64 peccati:
547 3060 55 64 &
569 3060 132 64 Philipp.
668 3060 66 64 2.
701 3060 99 64 vers.
767 3060 66 64 7.
800 3060 99 64 ἐαυον
867 3060 121 64 εκενώσε
944 3060 77 64 μορφσ

229 3094 92 66 δολς
286 3094 115 66 λαζών,
366 3094 69 66 εν
400 3094 149 66 ὀμοιωμαιι
515 3094 138 66 ανθρωπον
618 3094 138 66 γυοομοτ,
721 3094 92 66 ipse
779 3094 92 66 sese
836 3094 149 66 inanivit,
939 3094 69 66 for-

223 3139 67 62 ma
256 3139 100 62 servi
323 3139 134 62 accepta,
423 3139 67 62 in
457 3139 178 62 similitudine
602 3139 123 62 bominum
691 3139 123 62 factus.
780 3139 67 62 Et
813 3139 123 62 Apocal.
903 3139 67 62 1.
936 3139 67 62 v.
958 3139 56 62 13:

1059 167 83 44 In
1101 167 124 44 medio
1184 167 138 44 septem
1280 167 235 44 candelabrorum
1474 167 166 44 aureorum
1598 167 111 44 vidi
1667 167 152 44 quendam
1764 167 124 44 similem

1068 204 110 49 Filio
1141 204 147 49 hominis,
1252 204 135 49 indutum
1350 204 123 49 talari
1436 204 123 49 veste,
1521 204 61 49 &
1546 204 184 49 praecinctum
1693 204 74 49 ad
1730 204 147 49 mamillas
1828 204 49 49 X,

1065 239 74 41 na
1102 239 124 41 aurea.
1188 239 74 41 Et
1226 239 99 41 cap.
1288 239 87 41 14.
1337 239 74 41 v.
1374 239 87 41 14.
1424 239 124 41 Aspexi
1510 239 124 41 autem,
1597 239 62 41 &
1622 239 99 41 ecce
1684 239 111 41 nubes
1758 239 136 41 candida
1845 239 37 41 &

1068 267 104 44 super
1138 267 104 44 nubem
1208 267 128 44 sedebat
1300 267 128 44 similis
1393 267 104 44 Filio
1463 267 128 44 hominis
1556 267 116 44 habens
1637 267 151 44 impositam
1753 267 116 44 capiti
1822 267 70 44 suo.

1062 307 146 40 coronam
1168 307 146 40 auream,
1274 307 66 40 &
1301 307 80 40 in
1341 307 106 40 manu
1407 307 93 40 sua
1461 307 133 40 falcem
1540 307 120 40 acutam.

1101 336 148 43 RESPON.
1208 336 81 43 Ad
1249 336 202 43 assumtionem
1411 336 175 43 probandam
1546 336 189 43 dissimilia
1694 336 108 43 loca
1748 336 135 43 adducun-

1065 371 100 38 tur:
1127 371 87 38 nam
1177 371 125 38 partim
1264 371 125 38 aliena
1351 371 100 38 sunt
1414 371 62 38 a
1439 371 112 38 Thesi
1514 371 100 38 quam
1576 371 175 38 tractamus,
1713 371 125 38 partim
1801 371 75 38 ex
1826 371 62 38 am-

1067 404 103 39 biguo
1135 404 137 39 struitur
1238 404 149 39 fallacia.
1353 404 126 39 Danieli
1445 404 115 39 Filius
1525 404 80 39 Dei
1571 404 137 39 apparuit
1674 404 126 39 similis
1765 404 103 39 filio
1823 404 57 39 ho-

1068 445 126 38 minis:
1157 445 101 38 quia
1220 445 126 38 nondum
1308 445 126 38 factus
1396 445 101 38 erat
1460 445 114 38 homo,
1535 445 88 38 sed
1586 445 189 38 incarnandus
1725 445 151 38 praefigura

1078 474 120 41 patur.
1162 474 96 41 Alia
1222 474 96 41 vero
1282 474 132 41 ratione
1378 474 120 41 Paulus
1462 474 120 41 Roman.
1547 474 72 41 8.
1583 474 108 41 vers.
1655 474 72 41 3.
1691 474 120 41 missum
1775 474 108 41 dicit
1835 474 48 41 in

1065 503 192 41 similitudine
1221 503 120 41 carnis
1306 503 144 41 peccati:
1414 503 96 41 quia
1474 503 132 41 tametsi
1570 503 108 41 nullo
1642 503 132 41 peccato
1727 503 156 41 contaminata

1069 538 92 43 fuit
1126 538 92 43 caro
1184 538 138 43 Christi;
1287 538 150 43 peccatrix
1402 538 104 43 tamen
1471 538 69 43 in
1506 538 127 43 speciem
1598 538 92 43 visa
1655 538 92 43 est,
1713 538 138 43 quatenus
1805 538 81 43 debi-

1060 573 82 40 tam
1107 573 164 40 sceleribus
1236 573 129 40 nostris
1329 573 117 40 poenam
1411 573 164 40 sustinuit.
1540 573 70 40 Si
1575 573 152 40 Apostolus
1692 573 140 40 dixisset
1786 573 105 40 simpli-

1075 602 118 38 citer,
1158 602 118 38 missum
1240 602 94 38 esse
1299 602 141 38 Christum
1405 602 71 38 in
1440 602 188 38 similitudine
1594 602 130 38 carnis,
1688 602 130 38 aliquid
1770 602 118 38 haberent

1076 640 126 37 coloris
1167 640 160 37 haeretici:
1293 640 92 37 nunc
1351 640 92 37 quia
1408 640 115 37 dicit,
1488 640 115 37 missum
1568 640 69 37 in
1603 640 183 37 similitudine
1752 640 115 37 carnis
1820 640 69 37 PEC-

1074 673 115 34 CATI,
1151 673 128 34 docere
1240 673 89 34 hoc
1291 673 128 34 tantum
1381 673 141 34 voluit;
1483 673 153 34 Christum
1598 673 102 34 sine
1662 673 141 34 peccato
1751 673 141 34 conceptum

1075 709 61 39 &
1099 709 123 39 natum,
1185 709 123 39 carnem
1271 709 111 39 tamen
1345 709 148 39 habuisse
1456 709 135 39 similem
1554 709 111 39 carni
1628 709 148 39 peccati,
1738 709 98 39 quia
1788 709 98 39 pecca-

1065 740 84 39 tum
1113 740 132 39 nostrum
1209 740 96 39 ipsi
1269 740 156 39 imputatum
1390 740 132 39 propter
1486 740 120 39 poenas
1570 740 132 39 peccati
1666 740 96 39 quas
1727 740 72 39 in
1763 740 72 39 se
1787 740 96 39 susce-

1078 773 90 38 pit,
1134 773 90 38 visa
1190 773 90 38 fuit
1246 773 56 38 &
1269 773 90 38 ipsa
1325 773 90 38 caro
1381 773 135 38 peccati,
1483 773 124 38 quamvis
1572 773 79 38 non
1617 773 112 38 esset:
1696 773 56 38 &
1719 773 79 38 ita
1764 773 101 38 inter
1820 773 56 38 pec

1068 814 132 36 catores
1164 814 156 36 reputatus
1284 814 84 36 est
1331 814 156 36 Christus,
1451 814 60 36 &
1475 814 132 36 victima
1571 814 84 36 pro
1619 814 132 36 peccato
1714 814 120 36 nostro
1786 814 108 36 factus.

1065 840 98 36 Idem
1126 840 111 36 docet
1200 840 123 36 Paulus
1286 840 74 36 2.
1323 840 148 36 Corinth.
1434 840 74 36 5.
1471 840 111 36 vers.
1545 840 86 36 21.
1594 840 86 36 His
1643 840 74 36 de
1680 840 123 36 causis
1766 840 98 36 vera
1815 840 74 36 caro

1074 874 127 38 Christi
1167 874 115 38 vocata
1248 874 81 38 est
1294 874 162 38 similitudo
1421 874 127 38 carnis,
1513 874 81 38 non
1559 874 185 38 simpliciter,
1709 874 81 38 sed
1755 874 115 38 carnis
1825 874 69 38 pec-

1077 906 75 41 cati.

1104 934 89 46 Hoc
1155 934 114 46 scite
1231 934 152 46 explicat
1346 934 203 46 TERTULLIANUS
1511 934 114 46 libro
1587 934 76 46 de
1625 934 114 46 carne
1701 934 152 46 Christi,
1803 934 89 46 capi-

1077 970 73 40 se
1113 970 158 40 sedecimo,
1234 970 121 40 pagina
1319 970 291 40 trecentesimaseptima,
1574 970 158 40 editionis
1683 970 206 40 Franeclteranae,

1076 1005 79 39 ibi
1121 1005 91 39 ait:
1178 1005 68 39 In
1212 1005 193 39 similitudinem
1370 1005 113 39 carnis
1449 1005 125 39 peccati
1540 1005 113 39 fuisse
1619 1005 136 39 Christum
1721 1005 113 39 Paulus
1800 1005 113 39 dicit,

1077 1040 85 41 non
1125 1040 97 41 quod
1186 1040 207 41 similitudinem
1356 1040 122 41 carnis
1441 1040 170 41 acceperit,
1575 1040 109 41 quasi
1648 1040 146 41 imaginem
1757 1040 146 41 corporis
1855 1040 36 41 &

1071 1069 85 40 non
1120 1069 170 40 veritatem,
1253 1069 85 40 sed
1302 1069 207 40 similitudinem
1472 1069 183 40 peccatricis
1618 1069 122 40 carnis
1704 1069 97 40 vult
1752 1069 134 40 intelligi

1065 1105 95 41 Quod
1124 1105 95 41 ipsa
1184 1105 83 41 non
1231 1105 154 41 peccatrix
1349 1105 95 41 caro
1409 1105 130 41 Christi
1503 1105 95 41 ejus
1562 1105 95 41 fuit
1622 1105 95 41 par,
1681 1105 107 41 cujus
1752 1105 95 41 erat
1799 1105 95 41 pecca-

1073 1142 105 43 tum,
1138 1142 131 43 genere
1230 1142 91 43 non
1282 1142 118 43 vitio
1360 1142 118 43 Adae,
1439 1142 131 43 quando
1530 1142 105 43 hinc
1596 1142 118 43 etiam
1674 1142 209 43 confirmamus,
1831 1142 65 43 eam

1069 1169 114 43 fuisse
1149 1169 69 43 in
1183 1169 137 43 Christo,
1286 1169 103 43 cujus
1354 1169 114 43 natura
1435 1169 80 43 est
1480 1169 69 43 in
1515 1169 114 43 homine
1595 1169 160 43 peccatrix.
1720 1169 69 43 Et
1755 1169 103 43 libro
1812 1169 80 43 quin-

1070 1213 80 35 to
1110 1213 159 35 adversus
1229 1213 172 35 Marcionem
1362 1213 133 35 capite
1454 1213 225 35 decimoquarto,
1640 1213 133 35 pagina
1720 1213 172 35 quadringen-

1078 1238 115 38 resima
1159 1238 196 38 septuagesima.
1321 1238 92 38 Hunc
1378 1238 69 38 si
1413 1238 104 38 Pater
1482 1238 104 38 misit
1551 1238 69 38 in
1586 1238 196 38 similitudinem
1748 1238 115 38 carnis
1817 1238 69 38 pec-

1072 1272 106 39 cati,
1143 1272 82 39 non
1190 1272 94 39 ideo
1249 1272 153 39 phantasma
1367 1272 130 39 dicetur
1461 1272 94 39 caro
1520 1272 94 39 quae
1579 1272 71 39 in
1614 1272 94 39 illo
1673 1272 165 39 videbatur.
1791 1272 94 39 Pecca-

1068 1302 81 40 tum
1115 1302 93 40 enim
1173 1302 104 40 carni
1242 1302 116 40 suprae
1323 1302 174 40 asscripsit,
1462 1302 58 40 &
1486 1302 104 40 illam
1555 1302 104 40 fecit
1625 1302 104 40 legem
1694 1302 127 40 peccati
1775 1302 116 40 habitan-

1071 1340 85 32 tem
1119 1340 73 32 in
1156 1340 134 32 membris
1253 1340 109 32 suis,
1326 1340 61 32 &
1350 1340 182 32 adversantem
1496 1340 97 32 legi
1557 1340 134 32 sensus:
1654 1340 73 32 ob
1691 1340 85 32 hoc
1739 1340 122 32 igitur
1812 1340 73 32 mis-

1080 1368 82 40 sum
1127 1368 117 40 Filium
1209 1368 70 40 in
1245 1368 200 40 similitudinem
1409 1368 117 40 carnis
1491 1368 141 40 peccati,
1597 1368 70 40 ut
1632 1368 129 40 peccati
1726 1368 117 40 carnem
1796 1368 106 40 simili-

1066 1403 155 44 substantia
1187 1403 155 44 redimeret,
1309 1403 66 44 id
1342 1403 88 44 est,
1397 1403 121 44 carnea,
1486 1403 88 44 quae
1541 1403 155 44 peccatrici
1662 1403 99 44 carni
1728 1403 121 44 similis
1806 1403 88 44 esset,

1077 1442 97 36 quum
1138 1442 158 36 peccatrix
1259 1442 97 36 ipsa
1320 1442 85 36 non
1369 1442 122 36 esset,
1454 1442 85 36 nam
1503 1442 61 36 &
1527 1442 97 36 haec
1588 1442 97 36 erit
1649 1442 85 36 Dei
1697 1442 134 36 virtus,
1795 1442 73 36 in
1819 1442 73 36 sub-

1072 1468 140 39 stantia
1174 1468 102 39 pari
1237 1468 165 39 perficere
1364 1468 152 39 salutem.
1479 1468 89 39 Non
1530 1468 102 39 enim
1593 1468 140 39 magnum,
1695 1468 76 39 si
1733 1468 152 39 Spiritus
1834 1468 64 39 Dei

1066 1510 112 33 carnem
1144 1510 167 33 remediaret,
1278 1510 78 33 sed
1323 1510 67 33 si
1356 1510 100 33 caero
1423 1510 156 33 consimilis
1546 1510 167 33 peccatrici,
1680 1510 78 33 dum
1725 1510 89 33 caro
1780 1510 89 33 est,
1836 1510 78 33 sed

1073 1535 81 41 non
1119 1535 138 41 peccati.
1222 1535 81 41 Ita
1268 1535 161 41 similitudo
1395 1535 69 41 ad
1429 1535 127 41 titulum
1521 1535 127 41 peccati
1613 1535 173 41 pertinebit,
1751 1535 81 41 non
1797 1535 69 41 ad
1820 1535 69 41 sub-

1075 1564 140 48 stantiae
1180 1564 163 48 mendacium.
1309 1564 82 48 Nam
1355 1564 82 48 nec
1402 1564 175 48 addidisset,
1542 1564 140 48 peccati,
1647 1564 70 48 si
1682 1564 175 48 substantiae
1810 1564 82 48 simi-

1074 1602 158 40 litudinem
1195 1602 121 40 vellet
1280 1602 170 40 intelligi,
1413 1602 73 40 ut
1450 1602 133 40 negaret
1547 1602 170 40 veritatem.
1680 1602 121 40 Tantum
1765 1602 97 40 enim
1813 1602 73 40 car-

1075 1643 82 34 nis
1122 1643 164 34 posuisset,
1251 1643 82 34 non
1298 1643 58 34 &
1321 1643 140 34 peccati.
1426 1643 94 34 Quum
1485 1643 94 34 vero
1543 1643 94 34 tunc
1602 1643 82 34 sic
1648 1643 140 34 struxit,
1754 1643 117 34 carnis
1824 1643 70 34 pec-

1079 1668 114 38 cati,
1155 1668 63 38 &
1181 1668 190 38 substantiam
1333 1668 203 38 confirmavit,
1498 1668 76 38 id
1536 1668 89 38 est
1587 1668 140 38 carnem,
1688 1668 63 38 &
1701 1668 190 38 similitudinem

1071 1701 72 37 ad
1107 1701 119 37 vitium
1190 1701 179 37 substantiae
1333 1701 143 37 retulit,
1441 1701 72 37 id
1477 1701 95 37 est,
1536 1701 72 37 ad
1572 1701 155 37 peccatum.
1691 1701 95 37 Puta
1751 1701 95 37 nunc
1799 1701 83 37 simi-

1071 1735 153 37 litudinem
1189 1735 177 37 substantiae
1331 1735 130 37 dictam,
1425 1735 83 37 non
1472 1735 94 37 ideo
1531 1735 153 37 negabitur
1649 1735 177 37 substantiae
1779 1735 106 37 veritas

1084 1765 84 37 Sur
1132 1765 96 37 ergo
1192 1765 132 37 similis
1287 1765 108 37 vera?
1359 1765 96 37 Quia
1419 1765 96 37 vera
1479 1765 132 37 quidem,
1574 1765 84 37 sed
1622 1765 84 37 non
1670 1765 72 37 ex
1706 1765 120 37 semine
1789 1765 72 37 de
1813 1765 84 37 statu

1065 1803 127 40 simili,
1158 1803 81 40 sed
1204 1803 92 40 vera
1262 1803 69 40 de
1297 1803 116 40 censu,
1377 1803 81 40 non
1424 1803 92 40 vero
1482 1803 173 40 dissimilis.
1620 1803 139 40 Caeterum
1724 1803 162 40 similitudo
1840 1803 46 40 in

1065 1834 169 34 contrariis
1198 1834 109 34 nulla
1270 1834 96 34 est.
1330 1834 145 34 Spiritus
1439 1834 84 34 non
1487 1834 157 34 diceretur
1608 1834 121 34 carnis
1692 1834 181 34 similitudo,
1825 1834 72 34 quia

1074 1866 82 42 nec
1121 1866 94 42 caro
1180 1866 200 42 similitudinem
1345 1866 141 42 Spiritus
1450 1866 141 42 caperet,
1556 1866 82 42 sed
1603 1866 153 42 phantasma
1721 1866 165 42 diceretur,
1838 1866 59 42 sid

1064 1898 78 42 id
1103 1898 104 42 quod
1168 1898 91 42 non
1220 1898 104 42 erat
1286 1898 182 42 videbatur.
1429 1898 182 42 Similitudo
1572 1898 117 42 autem
1650 1898 156 42 dicitur,
1768 1898 104 42 quum
1820 1898 65 42 est

1067 1940 102 41 quod
1131 1940 153 41 videtur.
1246 1940 89 41 Est
1296 1940 115 41 enim,
1373 1940 89 41 dum
1424 1940 153 41 alterius
1538 1940 89 41 par
1589 1940 102 41 est.
1653 1940 166 41 Phantasma
1780 1940 89 41 qua
1831 1940 89 41 hoc

1066 1963 114 42 tantum
1145 1963 91 42 est,
1202 1963 80 42 non
1248 1963 80 42 est
1282 1963 136 42 similitudo

1108 1991 93 44 Quod
1166 1991 93 44 vero
1224 1991 139 44 Philipp.
1329 1991 70 44 2.
1364 1991 104 44 vers.
1433 1991 70 44 7.
1468 1991 104 44 dicit
1538 1991 128 44 Paulus,
1631 1991 139 44 Christum
1735 1991 70 44 in
1758 1991 128 44 similitus

1076 2028 101 47 dine
1140 2028 139 47 hominum
1241 2028 139 47 factum,
1342 2028 177 47 intelligit
1481 2028 215 47 similitudinis
1658 2028 139 47 nomine,
1759 2028 89 47 non
1797 2028 89 47 ipsam

1073 2063 148 39 naturam
1180 2063 161 39 humanam,
1301 2063 94 39 sed
1355 2063 202 39 conditionem
1516 2063 175 39 abjectam,
1650 2063 121 39 vilem
1731 2063 67 39 &
1744 2063 148 39 infirmam,

1076 2100 89 38 qua
1127 2100 114 38 aliis
1203 2100 164 38 hominibus
1329 2100 152 38 CHRISTUS
1443 2100 139 38 similis
1544 2100 101 38 fuit
1608 2100 139 38 factus.
1709 2100 89 38 Non
1759 2100 101 38 enim
1810 2100 76 38 qua-

1071 2131 72 35 de
1107 2131 96 35 sibi
1167 2131 120 35 corpus
1251 2131 144 35 Christus
1360 2131 156 35 sumserit,
1480 2131 96 35 vult
1540 2131 132 35 docere:
1636 2131 84 35 sed
1684 2131 96 35 quum
1745 2131 96 35 jure
1793 2131 96 35 Deita-

1068 2162 81 40 tem
1115 2162 92 40 suam
1172 2162 138 40 exserere
1276 2162 127 40 posset,
1368 2162 104 40 nihil
1437 2162 92 40 prae
1494 2162 69 40 se
1529 2162 138 40 tulisse,
1632 2162 92 40 nisi
1690 2162 92 40 quod
1747 2162 92 40 erat
1793 2162 104 40 abjecti

1064 2197 199 37 contemtique
1223 2197 160 37 hominis.
1343 2197 93 37 Nam
1396 2197 80 37 ut
1436 2197 106 37 ejus
1502 2197 146 37 exemplo
1609 2197 93 37 nos
1662 2197 160 37 hortetur
1782 2197 80 37 ad
1808 2197 80 37 sub-

1077 2230 187 37 nissionem,
1224 2230 174 37 ostendit,
1357 2230 107 37 quum
1424 2230 107 37 DEUS
1491 2230 134 37 esset,
1584 2230 160 37 potuisse
1704 2230 120 37 mundo
1771 2230 120 37 gloriam

1074 2260 98 38 suam
1135 2260 171 38 conspicuam
1269 2260 122 38 statim
1355 2260 171 38 proponere:
1489 2260 147 38 cessisse
1599 2260 110 38 tamen
1672 2260 98 38 jure
1733 2260 85 38 suo
1782 2260 61 38 &
1794 2260 98 38 sponte

1074 2293 131 40 seipsum
1169 2293 178 40 exinanisse:
1312 2293 95 40 quia
1372 2293 143 40 scilicet
1479 2293 119 40 formam
1562 2293 107 40 servi
1633 2293 119 40 induit
1717 2293 59 40 &
1740 2293 71 40 ea
1764 2293 131 40 humilita-

1074 2329 75 35 te
1111 2329 174 35 contentus,
1248 2329 124 35 carnis
1335 2329 149 35 velamine
1447 2329 100 35 suam
1509 2329 149 35 Deitatem
1621 2329 149 35 abscondi
1733 2329 124 35 passus
1807 2329 75 35 est,

1061 2362 90 39 Hic
1113 2362 116 39 certe
1190 2362 90 39 non
1241 2362 128 39 docet,
1331 2362 103 39 quid
1395 2362 128 39 fuerit
1485 2362 154 39 Christus
1600 2362 116 39 quoad
1678 2362 141 39 naturam
1767 2362 116 39 hominis

1067 2395 82 40 sed
1114 2395 141 40 qualiter
1220 2395 70 40 se
1255 2395 153 40 gesserit.
1372 2395 117 40 Tantum
1455 2395 106 40 autem
1525 2395 117 40 abest,
1607 2395 70 40 ut
1642 2395 94 40 hinc
1701 2395 129 40 naturae
1783 2395 106 40 humanae

1077 2431 124 35 veritas
1167 2431 169 35 destruatur,
1302 2431 68 35 ut
1336 2431 113 35 potius
1415 2431 68 35 ex
1449 2431 146 35 similibus
1561 2431 124 35 naturae
1651 2431 124 35 nostrae
1730 2431 158 35 perpessioni-

1063 2459 97 39 bus
1119 2459 166 39 Christus
1243 2459 125 39 verus
1326 2459 111 39 homo
1395 2459 111 39 esse
1465 2459 208 39 ostendatur,
1631 2459 208 39 quemadmodum
1783 2459 97 39 JUSTI

1075 2499 91 31 IUS
1127 2499 144 31 MARTXR,
1232 2499 78 31 in
1271 2499 196 31 Expositione
1428 2499 118 31 fidei
1506 2499 78 31 de
1545 2499 118 31 recta
1624 2499 209 31 confessione,
1780 2499 105 31 pagina

1060 2529 196 39 trecentesima
1219 2529 110 39 prima
1292 2529 98 39 ait;
1353 2529 98 39 θεός
1415 2529 86 39 μόο
1464 2529 135 39 γουυδος
1562 2529 73 39 τῆ
1598 2529 86 39 τῶν
1647 2529 147 39 τερασιαν
1745 2529 147 39 ενεργειαᾳ,

1062 2562 144 35 ἄνθρωπος
1170 2562 72 35 δι
1206 2562 168 35 δεικνυυδος
1338 2562 72 35 τῆ
1374 2562 84 35 της
1422 2562 120 35 φυσεως
1507 2562 192 35 ομοιοπαθεια,
1663 2562 72 35 id
1699 2562 96 35 est,
1759 2562 96 35 Deus
1819 2562 96 35 qui¬

1059 2595 83 36 dem
1107 2595 95 36 esse
1166 2595 191 36 intelligitur
1321 2595 72 36 ex
1357 2595 179 36 prodigiorum
1500 2595 179 36 operatione:
1643 2595 95 36 homo
1703 2595 107 36 autem
1763 2595 119 36 ostendi.

1062 2626 91 40 tur
1114 2626 78 40 ex
1153 2626 182 40 aequalibus
1296 2626 143 40 naturae
1400 2626 143 40 nostrae
1503 2626 247 40 perpessionibus.
1698 2626 195 40 TERTULLIANUS,

1065 2658 114 37 libro
1142 2658 127 37 quinto
1230 2658 152 37 adversus
1345 2658 165 37 Marcionem
1472 2658 127 37 capite
1561 2658 165 37 vigesimo,
1688 2658 127 37 pagina
1764 2658 127 37 quadrin-

1066 2694 160 39 gentesima
1189 2694 283 39 septuagesimaoctava,
1435 2694 111 39 acute
1509 2694 86 39 hoc
1559 2694 173 39 dissolvit.
1694 2694 111 39 AEque
1768 2694 86 39 non
1805 2694 74 39 eri-

1062 2730 96 34 DEUS
1122 2730 144 34 Christus
1230 2730 108 34 vere,
1302 2730 72 34 si
1338 2730 84 34 nec
1386 2730 96 34 homo
1446 2730 96 34 vere
1505 2730 96 34 fuit
1565 2730 72 34 in
1601 2730 132 34 effigie
1697 2730 132 34 hominis
1781 2730 108 34 consti-

1065 2761 119 46 tutus.
1148 2761 154 46 Utrobique
1267 2761 95 46 enim
1327 2761 131 46 veritas
1422 2761 131 46 necesse
1517 2761 131 46 habebit
1612 2761 143 46 excludi,
1719 2761 71 46 si
1754 2761 143 46 effigies
1849 2761 36 46 &

1069 2791 169 36 similitudo
1202 2791 60 36 &
1226 2791 133 36 figura,
1322 2791 181 36 phantasmati
1467 2791 193 36 vindicabitur
1624 2791 84 36 (id
1672 2791 96 36 est,
1732 2791 84 36 pro
1768 2791 121 36 phantas-

1072 2829 95 37 nate
1132 2829 167 37 habebitur)
1262 2829 95 37 quod
1322 2829 71 37 si
1358 2829 71 37 in
1393 2829 131 37 effigie
1488 2829 59 37 &
1512 2829 71 37 in
1548 2829 143 37 imagine,
1655 2829 95 37 quam
1714 2829 119 37 Filius
1786 2829 95 37 Patris

1068 2862 94 44 vere
1127 2862 82 44 Dei
1174 2862 177 44 praedicatus
1315 2862 94 44 est,
1374 2862 106 44 etiam
1445 2862 71 44 in
1480 2862 129 44 effigie
1574 2862 59 44 &
1598 2862 129 44 imagine
1692 2862 141 44 hominis,
1798 2862 82 44 qua
1833 2862 59 44 fi-

1063 2893 110 39 lius
1132 2893 164 39 hominis,
1255 2893 110 39 vere
1324 2893 151 39 hominem
1433 2893 178 39 inventum,
1570 2893 96 39 nam
1625 2893 68 39 &
1652 2893 164 39 inventum
1762 2893 123 39 ratione

1059 2928 128 42 posuit,
1152 2928 70 42 id
1187 2928 93 42 est,
1246 2928 163 42 certissime
1374 2928 140 42 hominem:
1478 2928 93 42 quod
1537 2928 93 42 enim
1595 2928 151 42 invenitur
1711 2928 128 42 constat
1793 2928 81 42 esse-

1111 2957 127 40 Uterque
1204 2957 81 40 hic
1250 2957 104 40 locus
1319 2957 115 40 Roman.
1400 2957 69 40 8.
1435 2957 104 40 vers.
1504 2957 69 40 3.
1539 2957 58 40 &
1562 2957 139 40 Philipp.
1666 2957 69 40 2.
1700 2957 104 40 vers.
1770 2957 69 40 7.
1793 2957 92 40 expli-

1060 2996 105 32 catur
1130 2996 82 32 per
1177 2996 105 32 illum
1247 2996 105 32 Hebr.
1317 2996 70 32 2.
1352 2996 105 32 vers.
1422 2996 82 32 14.
1469 2996 128 32 Quoniam
1562 2996 105 32 pueri
1632 2996 163 32 participes
1760 2996 93 32 sunt
1807 2996 70 32 car-

1062 3028 82 29 nis
1109 3028 59 29 &
1133 3028 164 29 sanguinis,
1261 3028 94 29 ipse
1320 3028 117 29 quoque
1402 3028 187 29 consimiliter
1554 3028 152 29 particeps
1671 3028 117 29 factus
1753 3028 82 29 est
1788 3028 94 29 eorun-

1065 3056 94 38 dem.
1124 3056 59 38 &
1147 3056 105 38 vers.
1217 3056 82 38 17.
1264 3056 117 38 Debuit
1346 3056 82 38 per
1393 3056 105 38 omnia
1463 3056 152 38 fratribus
1580 3056 129 38 similis
1674 3056 117 38 fieri,
1756 3056 70 38 ut
1779 3056 94 38 miseri

1074 3091 92 35 cors
1132 3091 104 35 esset
1201 3091 58 35 &
1224 3091 127 35 fidelis
1317 3091 138 35 Pontifex
1421 3091 69 35 in
1455 3091 81 35 iis
1501 3091 92 35 quae
1559 3091 92 35 apud
1617 3091 92 35 Deum
1674 3091 115 35 agenda
1755 3091 127 35 forent,
1836 3091 46 35 ad

1065 3124 153 33 expianda
1180 3124 140 33 peccata
1281 3124 140 33 populi.
1383 3124 76 33 Et
1421 3124 114 33 Hebr.
1498 3124 76 33 4.
1536 3124 114 33 vers.
1612 3124 89 33 15.
1663 3124 89 33 Non
1714 3124 102 33 enim
1765 3124 114 33 habemus

1062 3151 169 43 Pontificem
1195 3151 84 43 qui
1243 3151 84 43 non
1291 3151 121 43 possit
1375 3151 121 43 affici
1460 3151 109 43 sensu
1532 3151 193 43 infirmitatum
1689 3151 169 43 nostrarum,
1822 3151 84 43 sed
