2063 3466
199 157 152 78 dentatum
313 157 76 78 in
351 157 139 78 omnibus
453 157 177 78 similiter,
592 157 127 78 absque
681 157 114 78 tamen
757 157 152 78 peccato.
871 157 101 78 Ergo
921 157 89 78 Chri-

200 220 107 40 stus
266 220 120 40 veram
346 220 133 40 carnem
439 220 173 40 assumsit,
573 220 120 40 sicut
652 220 67 40 &
679 220 93 40 nos
732 220 120 40 veram
812 220 133 40 carnem
892 220 120 40 habemus

206 255 144 45 assumsit
314 255 120 45 carnem
398 255 180 45 affectiones
543 255 144 45 habentem
651 255 132 45 similes
747 255 84 45 cum
795 255 120 45 nostra
880 255 120 45 carne:
952 255 60 45 sed

197 290 150 41 nssumsit
309 290 125 41 carnem
396 290 125 41 absque
483 290 150 41 peccato,
595 290 150 41 quanquam
707 290 137 41 similem
807 290 125 41 carnis
882 290 112 41 peccat:

268 330 85 36 coca
322 330 117 36 Apocal.
407 330 64 36 I.
439 330 96 36 vers.
503 330 75 36 14.
546 330 53 36 &
567 330 85 36 cap.
621 330 75 36 24.
664 330 96 36 vers.
728 330 75 36 14.
770 330 150 36 describunt
888 330 128 36 visiones
973 330 43 36 in

198 356 123 46 ecstasi
287 356 168 46 intellectui
421 356 56 46 &
444 356 134 46 spiritui
544 356 134 46 Johannis
645 356 134 46 oblatas,
745 356 89 46 quae
801 356 101 46 fiunt
868 356 78 46 κατ
901 356 112 46 ἔμφασιν,

200 389 83 49 non
248 389 83 49 κατ
295 389 154 49 κόρςασιν.
414 389 107 49 Visus
485 389 83 49 est
532 389 95 49 ergo
592 389 131 49 Johanni
687 389 131 49 similis
782 389 107 49 filio
853 389 142 49 hominis,
948 389 71 49 quia

200 415 76 47 in
238 415 139 47 visione
340 415 190 47 Prophetica:
492 415 89 47 nam
542 415 152 47 Christus
657 415 139 47 corpore
758 415 89 47 suo
809 415 89 47 non
859 415 76 47 in
897 415 114 47 terra
961 415 63 47 tum

205 452 108 54 erat,
277 452 84 54 sed
325 452 72 54 in
361 452 120 54 coelo,
445 452 96 54 unde
505 452 108 54 prius
577 452 84 54 non
626 452 156 54 descendet
746 452 96 54 quam
806 452 120 54 veniat
890 452 156 54 judicatum

206 482 120 35 vivos
286 482 67 35 &
299 482 120 35 mortuos

235 518 74 58 Ex
272 518 86 58 his
321 518 98 58 quae
382 518 110 58 dicta
455 518 98 58 sunt
517 518 123 58 certum
602 518 98 58 est,
664 518 110 58 verum
737 518 135 58 humanum
835 518 123 58 corpus
921 518 61 58 a
933 518 86 58 Chri-

195 541 90 45 sto
247 541 155 45 assumtum
350 541 90 45 esse.

228 577 87 51 Sed
277 577 62 51 &
302 577 99 51 vera
364 577 124 51 humana
451 577 174 51 rationalis
587 577 112 51 anima
662 577 62 51 a
687 577 136 51 Christo
786 577 136 51 assumta
885 577 99 51 est,
935 577 74 51 con-

202 610 112 49 stans
276 610 212 49 intelligentia
451 610 62 49 &
476 610 162 49 uoluntate
600 610 125 49 humana
688 610 62 49 &
712 610 137 49 diversa
812 610 75 49 ab
837 610 187 49 intelligentia

207 656 61 49 &
231 656 159 49 voluntate
353 656 134 49 divina,
451 656 73 49 ut
488 656 73 49 ex
524 656 159 49 subjectis
646 656 171 49 argumentis
769 656 85 49 patet

265 687 73 50 I.
301 687 97 50 Quia
362 687 134 50 Christo
459 687 73 50 in
496 687 158 50 Scriptura
617 687 109 50 Sacra
690 687 158 50 tribuitur
811 687 97 50 vera
872 687 109 50 anima
933 687 85 50 huma-

202 725 74 46 na,
245 725 63 46 id
276 725 84 46 est,
329 725 126 46 spiritus
424 725 74 46 seu
466 725 126 46 essentia
560 725 158 46 spiritualis
687 725 84 46 quae
739 725 74 46 est
781 725 95 46 prima
845 725 147 46 entelechia
950 725 63 46 cor-

207 764 104 36 poris
277 764 138 36 physici,
381 764 150 36 organici,
496 764 138 36 potentia
600 764 104 36 vitam
669 764 150 36 habentis,
784 764 138 36 constans
888 764 115 36 duabus
957 764 58 36 fa-

205 798 162 37 cultatibus
333 798 116 37 essent
414 798 116 37 alibus
495 798 81 37 seu
541 798 150 37 partibus,
656 798 162 37 intellectu
784 798 58 37 &
807 798 162 37 voluntate.
922 798 93 37 Matth.

207 829 83 46 26.
255 829 107 46 vers.
326 829 83 46 38.
374 829 107 46 dicit
445 829 119 46 Iesus,
528 829 167 46 Undiquaque
659 829 131 46 tristis
754 829 83 46 est
802 829 107 46 anima
873 829 83 46 mea
921 829 107 46 usque
980 829 48 46 ad

195 861 135 41 mortem.
293 861 98 41 Idem
354 861 110 41 dicit
427 861 110 41 Marc.
501 861 86 41 14.
550 861 110 41 vers.
623 861 86 41 34.
672 861 122 41 Johan.
758 861 86 41 12.
807 861 73 41 v.
843 861 86 41 27.
892 861 98 41 Nunc
941 861 86 41 anima

198 896 87 46 mea
247 896 137 46 turbata
347 896 100 46 est.
409 896 124 46 Matth.
496 896 87 46 27.
546 896 112 46 vers.
621 896 87 46 50.
671 896 112 46 Iesus
745 896 100 46 quum
807 896 124 46 rursum
882 896 137 46 clamasses

207 930 96 39 voce
267 930 121 39 magna,
352 930 121 39 emisit
436 930 157 39 spiritum.
557 930 96 39 Luc.
617 930 84 39 23.
665 930 109 39 vers.
738 930 84 39 46.
786 930 96 39 Quum
846 930 157 39 clamasset
955 930 72 39 voce

208 964 111 37 magna
281 964 123 37 Iesus,
368 964 98 37 ait;
429 964 123 37 Pater,
515 964 74 37 in
552 964 111 37 manus
626 964 98 37 tuas
687 964 123 37 depono
773 964 148 37 spiritum
884 964 111 37 meum.
945 964 74 37 Joh.

204 992 77 46 19.
248 992 99 46 vers.
314 992 77 46 30,
359 992 55 46 &
381 992 144 46 inclinato
491 992 111 46 capite
569 992 133 46 tradidit
668 992 144 46 spiritum.
779 992 88 46 Luc.
834 992 66 46 2.
867 992 99 46 vers.
934 992 77 46 52.
967 992 55 46 Ie-

204 1028 85 39 sus
252 1028 181 39 proficiebat
397 1028 169 39 sapientia:
530 1028 97 39 Ergo
590 1028 145 39 assumsit
699 1028 121 39 animam
784 1028 109 39 cujus
844 1028 181 39 intelligentia

211 1061 125 36 diversa
301 1061 79 36 est
347 1061 57 36 a
369 1061 113 36 divina
449 1061 91 36 quae
505 1061 79 36 non
551 1061 136 36 proficit
652 1061 113 36 utpote
732 1061 147 36 increata:
845 1061 147 36 proficere
947 1061 68 36 enim

208 1095 148 44 sapientia
322 1095 80 44 est
367 1095 137 44 proprium
470 1095 125 44 creatae
561 1095 216 44 intelligentiae.
743 1095 114 44 Matth.
823 1095 80 44 26.
868 1095 103 44 vers.
937 1095 80 44 39.
971 1095 57 44 ait

206 1130 149 34 Christus,
320 1130 103 34 Pater
389 1130 80 34 mi,
435 1130 69 34 si
470 1130 149 34 possibile
585 1130 92 34 est,
642 1130 103 34 abeat
711 1130 57 34 a
734 1130 69 34 me
769 1130 126 34 poculum
861 1130 115 34 istude
930 1130 80 34 verum

213 1163 107 39 tamen
284 1163 83 39 non
332 1163 71 39 ut
368 1163 83 39 ego
415 1163 107 39 volo,
486 1163 83 39 sed
534 1163 71 39 ut
570 1163 83 39 tu:
617 1163 95 39 Ergo
676 1163 143 39 assumsit
783 1163 143 39 Christus
890 1163 119 39 animam
962 1163 59 39 ha-

202 1192 129 41 bentem
293 1192 181 41 voluntatem
435 1192 103 41 vere
499 1192 142 41 humanam
603 1192 65 41 &
628 1192 155 41 diversam
745 1192 65 41 a
770 1192 168 41 voluntate
887 1192 116 41 divina-

240 1228 95 39 II.
295 1228 108 39 Quia
362 1228 162 39 Christus
484 1228 122 39 habet
565 1228 122 39 veram
646 1228 149 39 humanam
754 1228 162 39 naturam:
876 1228 108 39 ergo
930 1228 95 39 etiam

206 1267 126 40 animam
295 1267 190 40 rationalem,
447 1267 101 40 sine
510 1267 88 40 qua
560 1267 139 40 veritas
661 1267 139 40 naturae
763 1267 139 40 humanae
864 1267 88 40 non
902 1267 126 40 constat:

208 1296 108 42 quia
276 1296 95 42 per
330 1296 135 42 animam
425 1296 189 42 rationalem
574 1296 95 42 est
628 1296 135 42 humana
723 1296 68 42 &
750 1296 81 42 ab
790 1296 149 42 aliorum
885 1296 149 42 animalium

202 1334 123 41 naturis
291 1334 189 41 essentialiter
447 1334 189 41 distinguitur.

263 1363 106 38 III.
329 1363 106 38 Quia
396 1363 159 38 Christus
515 1363 93 38 est
568 1363 133 38 factus
661 1363 173 38 fratribus
794 1363 146 38 similis
887 1363 133 38 PEROMNIA

208 1388 108 46 Hebr.
280 1388 72 46 2.
316 1388 108 46 vers.
388 1388 84 46 17.
435 1388 72 46 id
471 1388 96 46 est,
531 1388 84 46 tum
579 1388 96 46 quod
639 1388 72 46 ad
675 1388 144 46 naturam;
783 1388 84 46 tum
831 1388 96 46 quod
890 1388 72 46 ad
914 1388 120 46 qualita-

209 1428 74 40 tes
241 1428 95 40 attiner

260 1457 92 41 IV.
313 1457 106 41 Quia
379 1457 158 41 Christus
497 1457 119 41 venit
576 1457 79 41 ut
616 1457 119 41 etiam
695 1457 132 41 animam
788 1457 145 41 nostram
880 1457 145 41 redimeret

208 1495 61 41 &
232 1495 158 41 servaret;
354 1495 61 41 &
378 1495 122 41 revera
463 1495 85 41 eam
512 1495 134 41 redemit
609 1495 61 41 &
633 1495 158 41 servavit:
755 1495 97 41 Ergo
815 1495 85 41 eam
864 1495 109 41 etiam
925 1495 97 41 assum-

207 1528 95 35 sit.
267 1528 83 35 Hoc
314 1528 95 35 enim
373 1528 71 35 in
409 1528 107 35 nobis
480 1528 154 35 salvavit,
599 1528 95 35 quod
659 1528 83 35 pro
706 1528 107 35 nobis
777 1528 143 35 accepit:
884 1528 107 35 illam
944 1528 71 35 natu

202 1564 83 35 tam
250 1564 107 35 fecit
321 1564 167 35 participem
452 1564 131 35 salutis
548 1564 143 35 aeternae
655 1564 95 35 quam
714 1564 95 35 sibi
774 1564 155 35 conjunxit
893 1564 71 35 in
917 1564 107 35 unitate

204 1599 159 37 personae.
326 1599 85 37 Nam
375 1599 85 37 nec
423 1599 98 37 caro
484 1599 98 37 ipsa
545 1599 98 37 fuit
606 1599 61 37 a
631 1599 110 37 Filio
704 1599 85 37 Dei
753 1599 171 37 assumenda,
887 1599 98 37 nisi
935 1599 98 37 divina

205 1632 130 43 fuisset
299 1632 165 43 assumtione
429 1632 153 43 salvanda.
547 1632 94 43 Quod
606 1632 71 43 si
641 1632 118 43 Filius
724 1632 82 43 Dei
771 1632 106 43 carne
841 1632 82 43 non
889 1632 118 43 eguit,
971 1632 82 43 sed

198 1662 70 40 ut
233 1662 81 40 eam
280 1662 139 40 salvaret
384 1662 139 40 accepit:
489 1662 81 40 ita
535 1662 81 40 nec
581 1662 104 40 anima
651 1662 151 40 rationali
767 1662 116 40 eguit;
848 1662 81 40 sed
895 1662 81 40 eam
930 1662 104 40 salvan-

194 1695 90 45 dam
246 1695 90 45 cum
297 1695 116 45 carne
361 1695 142 45 suscepit.

257 1716 79 56 V.
296 1716 105 56 Quia
362 1716 157 56 Christus
480 1716 118 56 etiam
559 1716 92 56 cum
611 1716 118 56 anima
690 1716 171 56 adscendit
821 1716 79 56 in
860 1716 144 56 coelum:
952 1716 79 56 quia

201 1763 85 43 non
249 1763 109 43 aliud
322 1763 85 43 est
371 1763 73 43 in
408 1763 134 43 corpore
505 1763 182 43 regnantium,
651 1763 97 43 quam
712 1763 97 43 quod
773 1763 73 43 in
809 1763 122 43 Capite
882 1763 146 43 praecessit

205 1794 69 34 in
239 1794 126 34 coelum.
330 1794 91 34 Ideo
387 1794 103 34 etiam
456 1794 171 34 conversatio
593 1794 114 34 nostra
673 1794 69 34 in
707 1794 114 34 coelis
787 1794 80 34 est
833 1794 137 34 Philipp.
936 1794 69 34 3.
959 1794 57 34 Co-

201 1825 107 37 loss.
273 1825 72 37 3.
309 1825 107 37 licet
380 1825 107 37 adhuc
452 1825 72 37 in
488 1825 107 37 terra
559 1825 131 37 corpore
655 1825 119 37 simus.
738 1825 84 37 Ibi
786 1825 131 37 fidelis
882 1825 119 37 animam
953 1825 84 37 suam,

203 1863 185 43 conversari
348 1863 93 43 non
401 1863 159 43 ambigit,
521 1863 93 43 ubi
574 1863 146 43 humanam
680 1863 132 43 animam
772 1863 79 43 in
812 1863 146 43 Christo
905 1863 119 43 regnati

200 1893 108 43 confidit.

249 1929 86 36 VI.
298 1929 99 36 Quia
360 1929 148 36 Christus
470 1929 86 36 est
520 1929 148 36 animarum
631 1929 160 36 nostrarum
754 1929 123 36 pastor
840 1929 74 36 1.
877 1929 111 36 Petr.
951 1929 74 36 2.
975 1929 62 36 non

212 1958 100 44 esset
279 1958 111 44 autem,
357 1958 89 44 nisi
412 1958 111 44 animam
490 1958 89 44 ipse
535 1958 156 44 suscepisset,

242 1982 104 43 VII.
307 1982 104 43 Quia
372 1982 78 43 in
411 1982 117 43 anima
489 1982 156 43 tentatus
606 1982 91 43 est
657 1982 169 43 Christus:
787 1982 104 43 ergo
852 1982 130 43 animam
930 1982 91 43 huma-

208 2023 86 38 nam
257 2023 160 38 assumsit.
380 2023 147 38 Tentatus
490 2023 110 38 autem
564 2023 98 38 ideo
625 2023 86 38 est
674 2023 74 38 in
711 2023 123 38 anima:
797 2023 74 38 ut
834 2023 61 38 &
858 2023 135 38 nostris
944 2023 74 38 ani-

210 2056 113 44 mabus
286 2056 88 44 cum
336 2056 163 44 tantantur
461 2056 200 44 succurreret.
624 2056 75 44 Si
661 2056 100 44 enim
724 2056 75 44 in
762 2056 75 44 eo
799 2056 88 44 quo
849 2056 150 44 tentatus
949 2056 63 44 est

208 2088 143 47 tentatis
315 2088 143 47 auxilium
423 2088 119 47 donat:
506 2088 143 47 profecto
614 2088 72 47 in
649 2088 83 47 quo
697 2088 143 47 tentatus
804 2088 83 47 non
852 2088 95 47 est,
900 2088 119 47 tentatis

208 2121 146 41 auxilium
317 2121 85 41 non
366 2121 146 41 exhibet.
475 2121 85 41 Quo
524 2121 182 41 conficitur,
670 2121 73 41 ut
706 2121 73 41 hi
743 2121 85 41 qui
791 2121 134 41 Christo
888 2121 109 41 solam
949 2121 73 41 car-

215 2158 91 40 nem
267 2158 144 40 humanam
372 2158 183 40 assignant,
515 2158 65 40 &
541 2158 130 40 animam
633 2158 170 40 denegant,
763 2158 78 40 in
802 2158 104 40 sola
867 2158 117 40 carne
933 2158 91 40 quae-

211 2191 92 36 rant
269 2191 138 36 auxilium
373 2191 138 36 Christi,
477 2191 69 36 in
511 2191 104 36 anima
581 2191 92 36 vero
638 2191 150 36 remaneant
754 2191 92 36 illo
811 2191 162 36 destituti.
927 2191 92 36 Filius

214 2219 87 46 Dei
263 2219 124 46 namque
350 2219 87 46 hoc
399 2219 136 46 adjuvat
498 2219 74 46 in
536 2219 136 46 homine,
635 2219 99 46 quod
697 2219 149 46 suscepit
808 2219 87 46 pro
858 2219 136 46 homine.
957 2219 99 46 Quod

219 2260 70 38 si
254 2260 58 38 &
277 2260 70 38 in
312 2260 105 38 anima
382 2260 58 38 &
405 2260 70 38 in
440 2260 105 38 carne
510 2260 139 38 consequi
614 2260 128 38 Christi
707 2260 139 38 expetunt
812 2260 151 38 auxilium,
916 2260 105 38 fatean-

210 2292 78 40 tur
254 2292 122 40 necesse
343 2292 78 40 est
388 2292 111 40 (sicut
465 2292 122 40 veritas
554 2292 111 40 habet)
632 2292 56 40 &
654 2292 67 40 in
688 2292 100 40 anima
754 2292 122 40 pariter
843 2292 56 40 &
865 2292 67 40 in
899 2292 100 40 carne
954 2292 67 40 ten-

208 2324 123 38 ratum.
294 2324 74 38 Et
331 2324 111 38 anima
405 2324 123 38 igitur
491 2324 123 38 humana
578 2324 62 38 &
602 2324 99 38 caro
664 2324 111 38 simul
738 2324 86 38 est
787 2324 74 38 in
824 2324 136 38 Christo
911 2324 123 38 tentata:

213 2356 94 40 Quod
272 2356 71 40 si
308 2356 106 40 simul
379 2356 83 40 est
426 2356 71 40 in
461 2356 130 40 Christo
556 2356 59 40 &
579 2356 106 40 anima
650 2356 59 40 &
674 2356 94 40 caro
733 2356 142 40 tentata,
839 2356 106 40 simul
910 2356 83 40 est
957 2356 71 40 ab
981 2356 47 40 eo

209 2393 129 40 utraque
303 2393 152 40 suscepta.
420 2393 70 40 Et
455 2393 70 40 si
491 2393 141 40 utramque
596 2393 141 40 dignatus
702 2393 82 40 est
749 2393 164 40 suscipere,
878 2393 141 40 utramque
971 2393 59 40 di-

217 2416 119 62 gnatus
300 2416 83 62 est
348 2416 95 62 sine
407 2416 178 62 dubitatione
550 2416 143 62 salvare.
657 2416 119 62 Dignum
741 2416 119 62 namque
824 2416 107 62 fuit,
883 2416 143 62 nostraeque

207 2459 119 39 faluti
290 2459 178 39 conveniens,
433 2459 71 39 ut
469 2459 95 39 Deus
528 2459 107 39 verus
599 2459 71 39 ex
635 2459 95 39 vero
694 2459 107 39 Patre
766 2459 107 39 solus
825 2459 202 39 substantialiter

206 2485 127 43 natus,
295 2485 114 43 veram
371 2485 152 43 hominis,
486 2485 102 43 quam
549 2485 102 43 ipse
613 2485 127 43 fecit,
702 2485 127 43 animam
791 2485 165 43 carnemque
905 2485 127 43 suscipe-

211 2523 94 39 ret,
270 2523 71 39 in
305 2523 129 39 utraque
399 2523 82 39 cum
446 2523 153 39 tentatore
564 2523 153 39 pugnaret,
681 2523 71 39 in
717 2523 129 39 utraque
811 2523 153 39 vinceret,
928 2523 71 39 ac
952 2523 71 39 dein

214 2552 94 43 ceps
273 2552 71 43 in
309 2552 130 43 utraque
403 2552 142 43 tentatis
509 2552 212 43 subministraret
686 2552 153 43 auxilium,
804 2552 83 43 cum
851 2552 71 43 in
886 2552 130 43 utraque
969 2552 59 43 in-

207 2590 123 44 firmis
293 2590 74 44 ac
329 2590 159 44 morituris
452 2590 159 44 victoriae
574 2590 159 44 praeberet
685 2590 123 44 exemplum

259 2619 159 55 Doctrinam
381 2619 98 55 hanc
442 2619 134 55 prolixe
539 2619 134 55 tractat
637 2619 171 55 Fulgentius
771 2619 73 55 de
808 2619 146 55 mysterio
905 2619 122 55 Mediato.

214 2663 88 53 ris
265 2663 76 53 ad
303 2663 189 53 Trasimundum
454 2663 126 53 Regem,
543 2663 114 53 libro
606 2663 101 53 primo,

245 2691 117 48 Contra
327 2691 175 48 Apollinaris
467 2691 58 48 &
490 2691 105 48 Arius
560 2691 152 48 objiciunt
677 2691 93 48 quod
735 2691 128 48 dicitur
829 2691 117 48 Johan.
910 2691 70 48 1.
945 2691 70 48 v.
969 2691 58 48 14.

213 2725 129 46 Verbum
303 2725 103 46 caro
368 2725 129 46 factum
458 2725 103 46 est:
522 2725 103 46 Hinc
586 2725 167 46 colligunt
715 2725 129 46 carnem
805 2725 90 46 sed
857 2725 116 46 vivam
934 2725 64 46 a
947 2725 90 46 Chri-

218 2760 90 51 sto
270 2760 168 51 assumtam,
399 2760 90 51 non
451 2760 116 51 autem
528 2760 129 51 animam
619 2760 181 51 rationalem
761 2760 90 51 seu
812 2760 142 51 mentem,
916 2760 103 51 quae
967 2760 65 51 no-

213 2798 92 45 mine
271 2798 115 45 carnis
352 2798 81 45 non
398 2798 184 45 significatur

250 2820 106 54 RESP.
321 2820 71 54 In
357 2820 106 54 dicto
428 2820 142 54 Johannis
534 2820 83 54 est
581 2820 166 54 synecdoche
712 2820 71 54 in
747 2820 166 54 Scripturis
865 2820 166 54 usitatissima

219 2863 68 43 ut
253 2863 91 43 caro
310 2863 80 43 pro
355 2863 91 43 toto
412 2863 114 43 homine
492 2863 171 43 accipiatur;
629 2863 102 43 sicut
697 2863 91 43 Gen.
754 2863 68 43 6.
788 2863 68 43 v.
822 2863 80 43 12.
868 2863 159 43 Corruperat
981 2863 46 43 o-

213 2895 93 47 mnis
271 2895 93 47 caro
329 2895 93 47 viam
387 2895 104 47 suam,
457 2895 70 47 id
492 2895 93 47 est,
550 2895 104 47 omnis
619 2895 104 47 homo.
689 2895 81 47 Sic
735 2895 104 47 Psal.
805 2895 81 47 65.
851 2895 70 47 v.
886 2895 70 47 3.
921 2895 58 47 O
944 2895 81 47 qui
979 2895 46 47 ex

216 2925 105 50 audis
286 2925 164 50 orationem,
415 2925 70 50 ad
450 2925 70 50 te
485 2925 105 50 usque
555 2925 105 50 omnis
625 2925 93 50 caro
684 2925 128 50 ventura
777 2925 93 50 est.
835 2925 58 50 &
859 2925 93 50 145.
917 2925 82 50 21.
952 2925 82 50 bene-

220 2958 102 47 dicat
288 2958 102 47 omnis
356 2958 91 47 caro
413 2958 114 47 nomini
492 2958 114 47 sancto
572 2958 102 47 ejus.
640 2958 102 47 Jesa.
708 2958 79 47 40.
753 2958 68 47 v.
787 2958 68 47 5.
821 2958 125 47 Videant
912 2958 102 47 omnis
969 2958 68 47 caro

226 2993 145 49 pariter,
334 2993 72 49 os
370 2993 132 49 Iehovae
467 2993 145 49 loquutum
575 2993 108 49 esse:
648 2993 60 49 &
672 2993 96 49 cap.
732 2993 84 49 49.
780 2993 84 49 26.
828 2993 72 49 ut
864 2993 145 49 agnoscat
961 2993 84 49 omnis

216 3027 107 47 caro,
287 3027 71 47 me
323 3027 130 47 Iehovam
417 3027 95 47 esse
477 3027 166 47 servatorem
607 3027 107 47 tuum.
678 3027 95 47 Luc.
737 3027 71 47 3.
773 3027 95 47 ver.
832 3027 71 47 6.
867 3027 130 47 Videbit
950 3027 83 47 omni-

221 3061 98 42 caro
282 3061 135 42 salutem
380 3061 98 42 Dei:
442 3061 61 42 &
466 3061 123 42 passim
552 3061 74 42 in
589 3061 172 42 Scriptura.
724 3061 110 42 Sicut
798 3061 61 42 &
822 3061 110 42 anima
896 3061 86 42 per
933 3061 98 42 Synec-

223 3093 118 49 dochen
306 3093 82 49 pro
353 3093 94 49 toto
411 3093 118 49 homine
494 3093 141 49 ponitur,
599 3093 71 49 ut
635 3093 118 49 Ezech.
717 3093 82 49 18.
764 3093 71 49 v.
799 3093 82 49 20.
846 3093 106 49 anima
917 3093 94 49 quae
964 3093 71 49 pec-

213 3124 155 50 caverit,
330 3124 104 50 ipsa
394 3124 168 50 morietur.
524 3124 104 50 Esse
589 3124 117 50 autem
666 3124 194 50 Synecdochen
822 3124 117 50 patet
899 3124 117 50 inde,
964 3124 65 50 quo

215 3169 140 42 Christus
320 3169 105 42 alibi
390 3169 70 42 in
425 3169 151 42 Scriptura
542 3169 93 42 homo
600 3169 93 42 esse
658 3169 128 42 dicatur

221 3204 94 55 Sic
274 3204 162 55 probatum
396 3204 108 55 est,
463 3204 108 55 quod
530 3204 135 55 Filius
625 3204 94 55 Dei
678 3204 121 55 tetam
759 3204 202 55 substantiam
907 3204 135 55 naturae,

1114 188 159 66 humanae,
1233 188 159 66 omnesque
1353 188 133 66 partes
1445 188 106 66 ejus
1512 188 186 66 esentiales
1645 188 173 66 assumserit.

1097 244 112 55 Verum
1171 244 87 55 non
1221 244 112 55 solam
1295 244 186 55 substantiam
1444 244 136 55 naturae
1543 244 136 55 humanae
1642 244 161 55 assumsit,
1766 244 87 55 sed
1803 244 62 55 et-

1063 276 87 60 iam
1112 276 175 60 accidentia
1250 276 112 60 ejus,
1324 276 112 60 nempe
1399 276 87 60 tum
1449 276 112 60 omnes
1524 276 200 60 proprietates
1686 276 62 60 &
1698 276 175 60 affectiones.

1069 322 82 41 tum
1116 322 140 41 defectus
1221 322 58 41 &
1245 322 187 41 infirmirates
1397 322 117 41 animae
1478 322 58 41 &
1502 322 152 41 corporis,
1619 322 129 41 excepto
1712 322 140 41 peccato,
1806 322 58 41 una

1064 346 165 52 assumsit:
1191 346 102 52 quia
1255 346 165 52 perfectam
1382 346 140 52 naturam
1484 346 140 52 humanam
1585 346 64 52 &
1611 346 127 52 formam
1700 346 114 52 servi
1763 346 102 52 assum-

1068 381 93 55 sit.
1127 381 152 55 Differunt
1243 381 117 55 quippe
1325 381 105 55 θτια,
1395 381 105 55 φυσις
1465 381 70 55 κι
1500 381 105 55 μρφη,
1570 381 175 55 substantia,
1711 381 117 55 natura
1792 381 58 55 &
1804 381 70 55 for-

1074 421 81 44 ma,
1121 421 69 44 ut
1155 421 161 44 declaratum
1282 421 127 44 secundo
1374 421 115 44 libro,
1455 421 115 44 capite
1536 421 127 44 quinto.
1628 421 161 44 Substantia
1755 421 81 44 est
1789 421 81 44 nuda,

1070 446 153 51 essentia,
1188 446 141 51 constans
1294 446 71 51 in
1329 446 106 51 rebus
1400 446 165 51 compositis
1529 446 130 51 materia
1624 446 59 51 &
1647 446 118 51 forma.
1730 446 118 51 Natura
1800 446 71 51 pre-

1075 485 79 40 per
1120 485 147 40 essentiam
1233 485 181 40 complectitur
1381 485 181 40 proprietates
1528 485 170 40 essentiales
1664 485 57 40 &
1687 485 159 40 naturales.
1800 485 68 40 For-

1065 517 73 46 ma
1101 517 194 46 complectitur
1259 517 133 46 praeter
1356 517 158 46 essentiam
1477 517 61 46 &
1501 517 194 46 proprietates
1659 517 109 46 etiam
1732 517 97 46 alia
1780 517 85 46 acci-

1064 547 120 47 dentia
1148 547 96 47 quae
1208 547 132 47 naturam
1305 547 156 47 sequuntur
1425 547 60 47 &
1449 547 120 47 quibus
1533 547 168 47 substantia
1665 547 60 47 &
1690 547 120 47 natura
1762 547 108 47 veluti,

1071 579 193 40 lineamentis
1213 579 167 40 conformatur

1100 605 190 58 Proprietates
1254 605 130 58 humanae
1349 605 95 58 quas
1408 605 119 58 filius
1492 605 83 58 Dei
1539 605 154 58 assumsit,
1658 605 130 58 quaedam
1752 605 95 58 sunt
1800 605 71 58 com-

1066 649 105 44 munes
1137 649 129 44 naturae
1230 649 129 44 totius,
1324 649 129 44 quaedam
1417 649 140 44 propriae
1523 649 176 44 alterutrius
1663 649 129 44 partis.
1745 649 129 44 Communes.

1063 679 95 51 sunt,
1127 679 84 51 esse
1179 679 126 51 creatum,
1274 679 84 51 esse
1327 679 126 51 finitum,
1422 679 74 51 &c.
1464 679 126 51 Propriae
1559 679 158 51 alterutrius
1685 679 84 51 sunt
1738 679 84 51 quae
1790 679 74 51 vel
1822 679 42 51 ad

1068 717 103 41 nimae
1136 717 80 41 vel
1182 717 126 41 corpori
1274 717 92 41 soli
1319 717 149 41 conveniunt.

1096 748 111 46 Rursus
1173 748 177 46 proprietates
1317 748 77 46 vel
1361 748 166 46 essentiales
1494 748 88 46 sunt
1549 748 77 46 vel
1582 748 177 46 accidentariae.

1114 784 163 45 Essentiales
1245 784 185 45 proprietates,
1397 784 87 45 sunt
1452 784 87 45 sine
1506 784 109 45 quibus
1582 784 131 45 essentia
1680 784 87 45 esse
1735 784 109 45 nequit
1800 784 76 45 citra

1057 829 93 35 ejus
1115 829 209 35 destructionem,
1290 829 70 35 ut
1325 829 70 35 in
1360 829 105 35 anima
1429 829 93 35 sunt
1487 829 174 35 facultates,
1627 829 198 35 intelligendi,
1778 829 93 35 volen-

1074 857 83 43 di,
1121 857 130 43 amandi,
1216 857 83 43 &c.
1263 857 83 43 nam
1310 857 94 43 sine
1369 857 106 43 istis
1440 857 106 43 anima
1511 857 118 43 humana
1594 857 106 43 nullo
1664 857 94 43 modo
1724 857 94 43 esse
1771 857 106 43 potest.

1074 885 72 47 In
1110 885 131 47 corpore
1205 885 96 47 vero
1265 885 107 47 sunt,
1337 885 96 47 esse
1396 885 167 47 organicum:
1528 885 119 47 habere
1611 885 155 47 distincta
1731 885 131 47 membra,
1814 885 60 47 ca-

1068 925 93 37 put,
1127 925 140 37 brachia,
1231 925 128 37 pectus,
1324 925 116 37 pedes:
1406 925 116 37 habere
1487 925 116 37 partem
1569 925 105 37 extra
1638 925 128 37 partem,
1731 925 105 37 caput
1790 925 81 37 extra

1075 958 113 32 pedes,
1154 958 101 32 pedes
1221 958 101 32 extra
1289 958 113 32 caput:
1368 958 90 32 esse
1424 958 158 32 quantitate
1548 958 158 32 definitum,
1672 958 90 32 loco
1717 958 147 32 citcumscri-

1071 996 105 36 ptum,
1141 996 152 36 visibile,
1258 996 210 36 contrectabile:
1433 996 82 36 his
1480 996 93 36 enim
1538 996 210 36 proprietatibus
1713 996 117 36 corpus
1783 996 82 36 huma-

1066 1026 86 35 num
1115 1026 123 35 carere
1201 1026 136 35 nunquam
1300 1026 136 35 potuit,
1399 1026 86 35 aut
1448 1026 136 35 poterit
1547 1026 148 35 unquanm;
1658 1026 148 35 siquidem
1769 1026 111 35 etiam
1831 1026 49 35 in

1076 1056 188 42 corporibus,
1227 1056 201 42 glorificatis
1390 1056 151 42 beatorum
1503 1056 163 42 manebunt,
1629 1056 75 42 ut
1667 1056 126 42 planum
1754 1056 88 42 est
1805 1056 75 42 ex
1830 1056 50 42 1.

1075 1083 138 40 Corinth.
1167 1083 58 40 15.

1101 1101 180 55 Essentiales
1245 1101 192 55 proprietates
1401 1101 132 55 humanae
1497 1101 72 55 ab
1532 1101 144 55 essentia
1640 1101 132 55 naturae
1736 1101 132 55 humanae
1820 1101 60 55 ne-

1086 1154 116 36 queunt
1167 1154 116 36 reipsa
1248 1154 150 36 separari:
1364 1154 81 36 nam
1410 1154 93 36 sine
1468 1154 104 36 illis
1538 1154 116 36 natura
1619 1154 116 36 humana
1699 1154 150 36 desineret
1804 1154 69 36 esse

1075 1185 125 38 humana,
1166 1185 102 38 sicut
1234 1185 102 38 recte
1302 1185 136 38 dicitur,
1404 1185 125 38 Negatis
1495 1185 193 38 essentialibus
1654 1185 216 38 proprietatibus,
1825 1185 45 38 ne

1073 1214 116 52 gantur
1154 1214 116 52 natur.

1104 1244 173 52 QIICITURI.
1240 1244 74 52 Si
1277 1244 74 52 ab
1314 1244 99 52 igne
1375 1244 74 52 in
1413 1244 136 52 fornace
1511 1244 173 52 Babylonica
1647 1244 124 52 potuit
1734 1244 124 52 abesse
1808 1244 74 52 pro-

1069 1277 124 45 prietas
1159 1277 181 45 essentialis,
1306 1277 102 45 salva
1374 1277 102 45 ignis
1442 1277 147 45 essentia:
1555 1277 79 45 tum
1600 1277 102 45 etiam
1668 1277 57 45 a
1691 1277 124 45 corpore
1770 1277 113 45 Christi.

1074 1322 122 43 possunt
1163 1322 111 43 abesse
1241 1322 178 43 proprietates
1385 1322 178 43 essentiales,
1530 1322 100 43 salva
1597 1322 122 43 manente
1686 1322 145 43 essentia.
1797 1322 67 43 At
1819 1322 67 43 pri-

1077 1348 90 39 mum
1129 1348 90 39 est
1180 1348 128 39 verum:
1270 1348 116 39 Verum
1347 1348 141 39 idcirco
1450 1348 90 39 est
1501 1348 64 39 &
1514 1348 141 39 extremum.

1100 1376 117 39 RESP.
1178 1376 156 39 Assumtum
1295 1376 91 39 est
1347 1376 143 39 falsum,
1451 1376 169 39 nequaquam
1580 1376 104 39 enim
1645 1376 78 39 ab
1684 1376 104 39 igne
1749 1376 78 39 in
1775 1376 104 39 forna-

1077 1414 72 46 ce
1113 1414 168 46 Babylonica
1245 1414 144 46 separata
1352 1414 96 46 fuit
1412 1414 168 46 proprietas
1544 1414 96 46 ejus
1604 1414 192 46 essentialis.
1759 1414 96 46 Ruit
1807 1414 72 46 ergo

1068 1447 134 40 conclusio-

1111 1467 123 53 Assumti
1201 1467 146 53 probatio:
1313 1467 101 53 Vstio
1380 1467 135 53 separata
1481 1467 90 53 fuit
1537 1467 67 53 ab
1571 1467 101 53 igne:
1638 1467 101 53 Vstio
1706 1467 79 53 est
1739 1467 135 53 proprieta.

1081 1509 159 53 essentialis
1208 1509 106 53 ignis:
1282 1509 85 53 Ergo
1335 1509 148 53 proprietas
1451 1509 159 53 essentialis
1578 1509 95 53 ignis
1642 1509 85 53 fuit
1694 1509 127 53 separata
1789 1509 63 53 ab
1811 1509 63 53 igne

1119 1546 107 40 RESP.
1191 1546 107 40 Primo
1262 1546 107 40 falsa
1334 1546 84 40 est
1382 1546 119 40 Major.
1465 1546 107 40 Ustio
1537 1546 95 40 enim
1597 1546 84 40 non
1644 1546 95 40 fuit
1704 1546 155 40 separata,
1823 1546 84 40 sed

1071 1580 147 38 duntaxat
1181 1580 147 38 potentia
1291 1580 122 38 ditina
1376 1580 110 38 intra
1449 1580 110 38 ignem
1523 1580 147 38 cohibita
1633 1580 73 38 ac
1669 1580 147 38 repressa
1779 1580 61 38 &
1791 1580 98 38 quidem

1074 1610 81 37 non
1121 1610 198 37 universaliter
1284 1610 140 37 cohibita
1389 1610 140 37 respectu
1493 1610 140 37 cujusvis
1598 1610 151 37 subjecti,
1714 1610 81 37 sed
1761 1610 116 37 tantum
1831 1610 58 37 re-

1077 1647 119 38 spectu
1160 1647 142 38 sociorum
1267 1647 154 38 Danielis,
1385 1647 71 38 ne
1421 1647 71 38 in
1456 1647 130 38 ipsorum
1551 1647 130 38 corpora
1646 1647 83 38 vel
1693 1647 166 38 vestimenta
1812 1647 71 38 sae-

1080 1677 111 38 viret.
1158 1677 78 38 Nec
1202 1677 89 38 enim
1258 1677 100 38 ignis
1324 1677 89 38 ille
1380 1677 156 38 destitutus
1502 1677 89 38 fuit
1558 1677 67 38 vi
1591 1677 122 38 καυτκις
1680 1677 56 38 &
1702 1677 122 38 urendi:
1791 1677 78 38 imo
1835 1677 78 38 eo¬

1080 1711 80 47 dem
1125 1711 91 47 illo
1182 1711 137 47 momento,
1285 1711 80 47 quo
1331 1711 126 47 sanctis
1422 1711 103 47 viris
1491 1711 149 47 pepercit,
1605 1711 91 47 egit
1662 1711 69 47 in
1697 1711 103 47 ligna
1765 1711 103 47 eaque
1822 1711 69 47 com-

1078 1744 132 43 bussit,
1174 1744 60 43 &
1198 1744 144 43 cremavit
1306 1744 120 43 regios
1390 1744 180 43 satellites,
1533 1744 84 43 qui
1581 1744 132 43 sanctos
1677 1744 108 43 viros
1749 1744 72 43 in
1773 1744 120 43 fornacem

1077 1777 155 42 projiciebant

1132 1803 129 46 Secundo
1226 1803 106 46 falsa
1297 1803 82 46 est
1344 1803 106 46 etiam
1414 1803 117 46 Minor:
1496 1803 82 46 nam
1543 1803 106 46 ustio
1614 1803 82 46 non
1661 1803 82 46 est
1708 1803 164 46 proprietas
1825 1803 59 46 es-

1083 1840 143 41 entialis
1190 1840 119 41 ignis;
1273 1840 83 41 sed
1321 1840 143 41 duntaxat
1428 1840 143 41 effectum
1535 1840 119 41 ignis.
1618 1840 178 41 Essentialis
1760 1840 107 41 autem
1820 1840 71 41 pro-

1087 1875 118 39 prietas
1173 1875 97 39 ignis
1237 1875 75 39 est
1280 1875 118 39 δυναμις
1366 1875 129 39 καυσικη,
1463 1875 129 39 facultas
1559 1875 118 39 urendi.
1645 1875 86 39 Haec
1699 1875 107 39 igitur
1774 1875 75 39 vis
1806 1875 75 39 uren-

1069 1906 68 40 di
1103 1906 68 40 ab
1137 1906 91 40 igne
1194 1906 137 40 separari
1297 1906 80 40 non
1343 1906 114 40 potuit
1422 1906 103 40 salva
1491 1906 137 40 essentia
1594 1906 114 40 ignis.
1674 1906 91 40 Quin
1731 1906 137 40 eνiργεια
1822 1906 57 40 et-

1071 1941 81 42 iam
1118 1941 81 42 seu
1164 1941 104 42 actus
1233 1941 116 42 urendi
1314 1941 139 42 impediri
1418 1941 127 42 potuit,
1510 1941 139 42 reprimi,
1614 1941 150 42 cohiberi,
1730 1941 139 42 coerceri
1822 1941 58 42 po-

1073 1970 99 48 tuit;
1139 1970 132 48 separati
1238 1970 55 48 &
1260 1970 99 48 tolli
1327 1970 77 48 non
1360 1970 88 48 potuie

1103 1984 161 74 Instantia:
1229 1984 103 74 Ignis
1298 1984 184 74 mansitignis,
1447 1984 92 74 etsi
1504 1984 80 74 non
1550 1984 103 74 esset
1619 1984 138 74 calidus:
1722 1984 92 74 Ergo
1768 1984 115 74 proprie-

1074 2037 73 44 tas
1115 2037 157 44 essentialis
1241 2037 94 44 ignis
1304 2037 105 44 abesse
1378 2037 105 44 potest
1451 2037 94 44 salva
1504 2037 136 44 substantia.

1125 2061 107 53 RESP.
1196 2061 166 53 Antecedens
1327 2061 83 53 est
1375 2061 131 53 falsum:
1470 2061 83 53 Nam
1517 2061 107 53 ignis
1589 2061 71 53 si
1624 2061 83 53 non
1672 2061 83 53 sit
1720 2061 143 53 calidus,
1827 2061 83 53 sed

1109 2105 102 37 vidus
1177 2105 79 37 non
1222 2105 79 37 est
1267 2105 113 37 ignis:
1346 2105 102 37 sicut
1414 2105 79 37 Sol
1459 2105 68 37 si
1493 2105 102 37 lucem
1561 2105 79 37 non
1606 2105 113 37 habet,
1685 2105 79 37 non
1731 2105 79 37 est
1764 2105 57 37 Sol

1055 2097 62 58 fris

1096 2131 140 45 Exceptio:
1204 2131 64 45 Si
1236 2131 97 45 ignis
1300 2131 75 45 non
1343 2131 86 45 erit
1397 2131 107 45 ignis,
1472 2131 86 45 nisi
1526 2131 75 45 sit
1569 2131 129 45 calidus,
1665 2131 75 45 tum
1708 2131 97 45 calor
1773 2131 86 45 erit
1816 2131 64 45 for-

1071 2167 71 44 ma
1107 2167 119 44 ignis:
1190 2167 71 44 At
1225 2167 154 44 posterius
1344 2167 83 44 est
1391 2167 154 44 absurdum.
1510 2167 95 44 Ergo
1569 2167 59 44 &
1581 2167 95 44 prius.

1101 2194 111 52 RESP.
1175 2194 124 52 Fallax
1261 2194 87 52 est
1311 2194 161 52 connexum:
1434 2194 99 52 Etsi
1496 2194 99 52 enim
1558 2194 111 52 calor
1632 2194 87 52 non
1682 2194 87 52 sit
1731 2194 111 52 forma
1793 2194 99 52 ignis:

1078 2236 109 36 tamen
1151 2236 109 36 forma
1223 2236 109 36 ignis
1296 2236 133 36 nunquam
1393 2236 85 36 est
1442 2236 97 36 sola
1502 2236 145 36 nudaque,
1611 2236 85 36 sed
1660 2236 121 36 semper
1745 2236 121 36 armata
1817 2236 61 36 ca-

1074 2265 94 40 lore
1133 2265 130 40 tanquam
1228 2265 153 40 qualitate
1345 2265 83 40 per
1393 2265 94 40 quam
1452 2265 106 40 agit.
1522 2265 83 40 Imo
1570 2265 71 40 si
1605 2265 94 40 Deus
1664 2265 189 40 subtraxisset
1805 2265 83 40 illis

1070 2302 104 43 igni
1135 2302 143 43 calorem
1239 2302 117 43 suum,
1317 2302 130 43 nullum
1408 2302 156 43 profecto
1525 2302 117 43 esset
1603 2302 182 43 miraculum,
1746 2302 130 43 corpus
1824 2302 65 43 non

1070 2332 143 41 calidum
1174 2332 91 41 non
1226 2332 143 41 adurere
1329 2332 169 41 objectum:
1459 2332 78 41 ac
1498 2332 195 41 statuendum,
1654 2332 117 41 ignem
1718 2332 156 41 ardentissi

1080 2371 72 37 me
1116 2371 132 37 calidum
1212 2371 156 37 mansisse,
1332 2371 156 37 eνεργειαν
1452 2371 108 37 autem
1523 2371 120 37 urendi
1607 2371 168 37 exseruisse
1739 2371 72 37 in
1775 2371 72 37 ea
1799 2371 84 37 obje-

1078 2395 104 45 jecta
1148 2395 92 45 quae
1205 2395 81 45 uri
1252 2395 92 45 Deus
1309 2395 138 45 volebat,
1413 2395 69 45 ut
1448 2395 127 45 vincula
1540 2395 115 45 quibus
1621 2395 150 45 colligati
1736 2395 104 45 socij
1794 2395 92 45 Danie-

1087 2432 68 43 is
1121 2432 136 43 fuerant,
1223 2432 68 43 ut
1257 2432 114 43 ligna,
1337 2432 68 43 ut
1371 2432 170 43 satellites:
1507 2432 136 43 martyrum
1609 2432 91 43 vero
1666 2432 57 43 &
1689 2432 125 43 corpora
1780 2432 57 43 &
1791 2432 91 43 vesti-

1060 2468 105 39 menta
1130 2468 152 39 aσριστινα
1247 2468 175 39 reddidisse.
1387 2468 70 39 Ex
1422 2468 82 39 his
1469 2468 175 39 colligitur,
1609 2468 93 39 quia
1667 2468 70 39 ab
1702 2468 93 39 igne
1749 2468 140 39 proprietas

1085 2497 91 47 ejus
1141 2497 170 47 essentialis
1278 2497 68 47 in
1312 2497 125 47 fornace
1403 2497 159 47 Babylonica
1528 2497 125 47 sublata
1619 2497 80 47 non
1664 2497 102 47 fuit:
1732 2497 80 47 nec
1778 2497 57 47 a
1789 2497 91 47 corpo-

1084 2525 65 48 re
1117 2525 118 48 Christi
1203 2525 172 48 proprietates
1343 2525 86 48 ejus
1397 2525 162 48 essentiales
1515 2525 97 48 auferri

1108 2546 162 56 Oujrerrus
1232 2546 87 56 II.
1282 2546 149 56 Quicquid
1394 2546 87 56 non
1444 2546 174 56 constituit
1580 2546 174 56 essentiam,
1717 2546 75 56 id
1755 2546 124 56 potest
1829 2546 50 56 ab

1118 2600 139 37 separari:
1226 2600 172 37 Proprietates
1365 2600 161 37 essentiales
1494 2600 75 37 non
1537 2600 161 37 constituunt
1665 2600 139 37 essentia.
1773 2600 97 37 Ergo:
1826 2600 54 37 &c.

1073 2602 57 48 ta.

1114 2633 106 36 RESP.
1185 2633 141 36 Quicquid
1290 2633 82 36 non
1337 2633 164 36 constituit
1466 2633 164 36 essentiam,
1595 2633 70 36 id
1631 2633 117 36 potest
1713 2633 70 36 ab
1748 2633 70 36 ea
1771 2633 106 36 sepaera

1078 2666 76 40 ri,
1122 2666 131 40 scilicet
1220 2666 152 40 intellectu
1339 2666 120 40 tantum.
1426 2666 65 40 Si
1459 2666 98 40 autem
1524 2666 87 40 quis
1578 2666 131 40 statuat,
1676 2666 98 40 posse
1742 2666 109 40 reipsa
1807 2666 76 40 sepa-

1087 2694 112 41 tari,
1161 2694 87 41 tum
1211 2694 112 41 major
1286 2694 150 41 negatur.
1398 2694 87 41 Nam
1448 2694 150 41 accidens
1561 2694 125 41 quidem
1648 2694 175 41 separabile
1773 2694 112 41 potest.

1087 2725 138 47 abstrahi
1190 2725 57 47 &
1213 2725 115 47 reipsa
1293 2725 57 47 &
1316 2725 80 47 per
1362 2725 184 47 intellectum,
1511 2725 195 47 linseparabile
1672 2725 57 47 &
1695 2725 138 47 accidens
1787 2725 92 47 potest

1079 2756 111 48 tantum
1157 2756 133 48 abstrahi
1257 2756 167 48 intellectu,
1390 2756 111 48 reipsa
1468 2756 67 48 ab
1501 2756 133 48 essentia
1601 2756 122 48 divelli
1690 2756 78 48 non
1735 2756 122 48 potest:
1812 2756 67 48 muli

1070 2790 67 47 to
1103 2790 100 47 minus
1170 2790 111 47 potest
1248 2790 156 47 proprietas
1370 2790 167 47 essentialis
1504 2790 111 47 reipsa
1582 2790 67 47 ab
1615 2790 134 47 essentia
1705 2790 122 47 separati.

1129 2829 209 46 Accidentariae
1301 2829 197 46 proprietates
1461 2829 148 46 humanae,
1572 2829 98 46 sunt
1633 2829 98 46 quae
1695 2829 135 46 naturam
1781 2829 98 46 quidem

1092 2871 195 40 consequuntur,
1252 2871 80 40 sed
1298 2871 80 40 non
1344 2871 229 40 inseparabiliter;
1539 2871 92 40 ideo
1596 2871 126 40 remotis
1688 2871 103 40 ipsis
1757 2871 115 40 natura
1826 2871 57 40 non

1096 2903 177 37 lestruitur.
1238 2903 188 37 Proprietates
1391 2903 106 37 illae
1461 2903 188 37 Synecdochice
1614 2903 177 37 appellantur
1744 2903 141 37 naturales;

1103 2939 86 40 quia
1157 2939 161 40 essentiales
1285 2939 86 40 sunt
1339 2939 96 40 etiam
1403 2939 150 40 naturales:
1521 2939 75 40 sed
1564 2939 171 40 accidetatiae
1703 2939 86 40 sunt
1746 2939 139 40 simpliciter

1090 2963 159 50 naturales,
1214 2963 170 50 essentiales
1350 2963 102 50 autem
1419 2963 79 50 non
1464 2963 91 50 sunt
1521 2963 136 50 tantuinm
1611 2963 125 50 naturales

1120 2996 198 46 Accidentariae
1284 2996 187 46 proprietates
1435 2996 128 46 humanae
1529 2996 93 46 sunt
1587 2996 152 46 duplices:
1704 2996 105 46 aliae
1762 2996 117 46 conveni-

1084 3026 104 52 entes
1154 3026 116 52 tantum
1235 3026 116 52 statui
1316 3026 185 52 humilitatis,
1466 3026 69 52 ut
1501 3026 139 52 corporis
1605 3026 150 52 gravitas,
1721 3026 150 52 opacitas,
1825 3026 58 52 &c.

1078 3077 101 32 aliae
1145 3077 169 32 permanentes
1281 3077 101 32 etiam
1348 3077 68 32 in
1382 3077 124 32 gloria,
1472 3077 68 32 ut
1506 3077 124 32 notitia
1596 3077 124 32 innata,
1686 3077 158 32 sapientia,
1799 3077 90 32 scien-

1087 3093 96 47 tia,
1147 3093 120 47 virtus
1231 3093 108 47 omnis
1302 3093 120 47 innata
1386 3093 156 47 voluntati
1506 3093 144 47 CHRISTI,
1614 3093 144 47 laetitia
1721 3093 60 47 &
1745 3093 144 47 quicquid
1841 3093 48 47 ad

1085 3129 199 41 perfectionem
1247 3129 62 41 &
1271 3129 199 41 beatitudinem
1433 3129 162 41 naturalem
1558 3129 137 41 naturae
1658 3129 137 41 humanae
1745 3129 137 41 pertinet.

1086 3166 139 41 Notandum
1191 3166 93 41 enim
1248 3166 93 41 est,
1306 3166 81 41 nos
1353 3166 81 41 hic
1399 3166 81 41 non
1445 3166 104 41 loqui
1515 3166 93 41 nisi
1573 3166 69 41 de
1607 3166 93 41 iis,
1665 3166 93 41 quae
1723 3166 69 41 in
1758 3166 116 41 nostra
1827 3166 58 41 na-

1081 3190 99 55 tura
1142 3190 62 55 &
1167 3190 74 55 ex
1204 3190 123 55 nostra
1291 3190 136 55 natura,
1389 3190 99 55 quam
1451 3190 160 55 Apostolus
1574 3190 111 55 vocat
1648 3190 123 55 formam
1735 3190 111 55 servi
1797 3190 86 55 Chri
