2063 3380
228 161 181 72 phisticatur
373 161 84 72 qui
421 161 109 72 horum
493 161 84 72 uno
542 161 157 72 affirmato
662 161 133 72 alterum
759 161 121 72 negat:
843 161 72 72 ut
879 161 109 72 nihil
940 161 84 72 addam

237 220 74 46 de
274 220 186 46 mutilatione
410 220 198 46 testimoniorum.

249 229 85 58 IV.
297 229 134 58 Sianima
395 229 134 58 Christi
492 229 85 58 est
541 229 109 58 anima
614 229 134 58 propria
711 229 85 58 Dei
760 229 85 58 per
808 229 134 58 unionem
893 229 122 58 persona.

234 272 99 51 lem,
296 272 87 51 tum
345 272 199 51 simuleffudit
507 272 75 51 in
544 272 112 51 illam
619 272 112 51 omnia
693 272 99 51 dona
755 272 124 51 quorum
842 272 112 51 capax
917 272 112 51 erat.
979 272 37 51 A

232 315 100 48 prius
299 315 89 48 est:
354 315 89 48 Ergo
410 315 56 48 &
421 315 133 48 posterius.

266 324 119 62 RESP.
345 324 185 62 Conceditur
491 324 119 62 totum
570 324 119 62 recte
650 324 212 62 intellectum.
822 324 93 62 Nam
874 324 119 62 omnia
941 324 79 62 dona

230 371 118 52 quorum
313 371 106 52 capax
383 371 94 52 erat
442 371 106 52 anima
512 371 141 52 Christi,
618 371 71 52 in
654 371 118 52 quibus
736 371 141 52 scientia
842 371 106 52 beata
912 371 59 52 &
924 371 94 52 infus-

226 402 170 49 continetur,
362 402 102 49 simul
430 402 125 49 effudit
521 402 68 49 in
555 402 113 49 illam;
634 402 113 49 Deitas
713 402 79 49 cui
759 402 102 49 unita
827 402 91 49 est:
884 402 79 49 sed
918 402 113 49 scientia

231 433 145 49 acquisita
343 433 78 49 non
387 433 78 49 est
432 433 123 49 proprie
522 433 101 49 donum
589 433 134 49 gratiae,
690 433 90 49 quia
745 433 112 49 natura
824 433 168 49 acquititur.
947 433 67 49 Pro-

235 467 103 49 fecit
303 467 91 49 ergo
360 467 103 49 Jesus
428 467 80 49 non
474 467 148 49 scientiae
588 467 148 49 donativae
702 467 171 49 incremento,
839 467 91 49 nisi
896 467 57 49 κ
907 467 114 49 φανιρωσι

241 496 69 56 ut
275 496 114 56 Patres
355 496 149 56 orthodoxi
469 496 149 56 statuunt;
584 496 80 56 sed
630 496 126 56 bonorum
721 496 172 56 naturalium,
858 496 69 56 in
893 496 114 56 quibus
961 496 69 56 est,

226 540 135 46 scientia
327 540 146 46 acquisita
440 540 79 46 seu
474 540 191 46 experimentalis.

268 553 123 64 Instat:
358 553 79 64 Sed
402 553 79 64 ita
447 553 101 64 anima
515 553 123 64 Christi
604 553 146 64 aliquando
717 553 146 64 insipiens
829 553 135 64 fuisset,
930 553 90 64 quod
975 553 56 64 est

210 596 164 55 absurdum.

258 621 107 54 RESP.
330 621 131 54 Negatur
425 621 203 54 consequentia:
592 621 83 54 nam
640 621 83 54 qui
687 621 155 54 sapientia
806 621 95 54 illa
866 621 143 54 privatus
961 621 60 54 est

226 661 80 53 qua
271 661 69 53 ex
306 661 126 53 officio
397 661 126 53 debebat
489 661 57 53 &
512 661 80 53 per
558 661 126 53 naturam
650 661 92 53 esse
707 661 126 53 poterat
799 661 160 53 praeditus,
925 661 57 53 &
948 661 69 53 in
971 661 57 53 quo

234 695 145 44 positivum
345 695 78 44 est
390 695 145 44 contrarij
501 695 122 44 habitus
590 695 100 44 nempe
657 695 189 44 insipientiae,
813 695 67 44 is
846 695 122 44 proprie
924 695 89 44 loquen

228 725 70 50 do
263 725 82 50 est
310 725 164 50 insipiens.
439 725 82 50 Sed
486 725 70 50 in
521 725 105 50 anima
591 725 129 50 Christi
685 725 129 50 nunquam
778 725 94 50 fuit
837 725 164 50 ignorantia
954 725 70 50 pri-

228 761 130 52 vativa:
323 761 95 52 ergo
382 761 83 52 nec
430 761 190 52 insipientia.
584 761 118 52 Posita
667 761 107 52 autem
738 761 166 52 ignorantia
868 761 142 52 negativa
963 761 59 52 non

227 802 131 48 sequitur
314 802 153 48 insipientia;

280 830 120 42 Rursus
364 830 132 42 instat:
460 830 168 42 Damascenus
592 830 96 42 ait,
652 830 84 42 eos
700 830 84 42 non
748 830 132 42 credere
832 830 192 42 incarnationem,

237 859 82 55 qui
284 859 141 55 credunt,
390 859 118 55 animam
473 859 129 55 Christi
567 859 141 55 paulatim
661 859 141 55 profecisse

279 889 114 50 RESP.
355 889 177 50 Conceditur
494 889 114 50 recte
570 889 202 50 intellectum,
734 889 114 50 nempe
810 889 88 50 qui
861 889 139 50 credunt
949 889 76 50 ani-

235 923 80 46 mam
280 923 126 46 Christi
372 923 161 46 profecisse
499 923 138 46 scientia
602 923 149 46 donativa,
717 923 103 46 nempe
786 923 103 46 beata
855 923 57 46 &
878 923 126 46 infusa:
959 923 57 46 no-

238 962 106 40 autem
309 962 83 40 hoc
356 962 83 40 non
404 962 154 40 credimus:
522 962 83 40 nec
569 962 83 40 jam
616 962 189 40 controversia
770 962 83 40 est
817 962 106 40 inter
888 962 83 40 nos
935 962 71 40 de
959 962 59 40 do-

225 995 85 48 nata
278 995 138 48 scientia,
384 995 74 48 sed
427 995 64 48 de
448 995 127 48 acquisita.

265 1013 66 56 V.
298 1013 66 56 Si
331 1013 142 56 sapientia
440 1013 55 56 &
462 1013 109 56 gratia
539 1013 120 56 Christo
626 1013 109 56 homini
703 1013 88 56 fuit
757 1013 153 56 naturalis,
878 1013 66 56 id
911 1013 88 56 est,
954 1013 66 56 quae

225 1060 84 39 non
273 1060 108 39 demum
345 1060 96 39 post
404 1060 203 39 incarnationem
572 1060 155 39 accessit,
691 1060 84 39 sed
739 1060 120 39 statim
823 1060 72 39 in
859 1060 96 39 ipsa
906 1060 120 39 incarna-

231 1090 113 44 tione
307 1090 75 44 ex
344 1090 88 44 una
394 1090 138 44 Christi
494 1090 125 44 natura
582 1090 75 44 in
619 1090 138 44 alteram
719 1090 225 44 abundantissime
894 1090 113 44 manavi.

234 1121 84 45 tum
282 1121 72 45 ea
318 1121 84 45 non
366 1121 143 45 profecit
473 1121 155 45 Christus.
593 1121 167 45 Antecedens
724 1121 108 45 verum
796 1121 96 45 est:
856 1121 108 45 teste
915 1121 120 45 Augusti-

224 1158 71 42 no
260 1158 71 42 in
295 1158 154 42 Enchirid.
414 1158 95 42 cap.
473 1158 83 42 40.
520 1158 95 42 Ergo
579 1158 59 42 &
591 1158 154 42 consequens.

264 1181 107 50 RESP.
336 1181 107 50 Primo
407 1181 131 50 fallere
503 1181 131 50 conatur
598 1181 179 50 Bellarminus
741 1181 84 50 aut
789 1181 131 50 seipsum
885 1181 119 50 fallit
956 1181 60 50 hoc

228 1222 149 41 monymia.
339 1222 87 41 Nam
389 1222 149 41 naturale
500 1222 87 41 aut
550 1222 174 41 communiter
686 1222 149 41 dicitur,
798 1222 87 41 aut
835 1222 186 41 singulariter:

226 1252 103 43 sicut
294 1252 114 43 natura
374 1252 92 43 alia
431 1252 137 43 communis
534 1252 92 43 est,
592 1252 92 43 alia
649 1252 172 43 singularis.
786 1252 126 43 Naturae
878 1252 137 43 communis
969 1252 46 43 i1

235 1285 130 41 Christo
330 1285 95 41 est,
389 1285 95 41 quod
448 1285 95 41 homo
508 1285 95 41 est;
567 1285 178 41 singularis,
709 1285 95 41 quod
768 1285 178 41 θεαγορωπος,
911 1285 107 41 Deus-
970 1285 59 41 ho-

226 1324 82 38 mo.
273 1324 152 38 Sapientia
390 1324 58 38 &
413 1324 117 38 gratia
494 1324 117 38 homini
576 1324 128 38 Christo
669 1324 152 38 naturalis
786 1324 82 38 est
832 1324 117 38 natura
902 1324 117 38 singula-

239 1354 77 40 ri:
283 1354 77 40 sed
327 1354 66 40 ex
360 1354 110 40 natura
437 1354 121 40 communi
524 1354 99 40 illud
590 1354 88 40 est,
645 1354 88 40 quod
700 1354 132 40 Christus
799 1354 132 40 profecit
897 1354 143 40 acquisit:

234 1388 84 35 seu
282 1388 203 35 experimentali
449 1388 156 35 scientia.
569 1388 132 35 Secundo
665 1388 72 35 ad
701 1388 156 35 probandam
821 1388 180 35 assumtionem
952 1388 60 35 te-

224 1421 158 36 stimonium
345 1421 158 36 Augustini
467 1421 206 36 impertinenter
637 1421 170 36 allegatur:
770 1421 85 36 non
819 1421 97 36 enim
879 1421 85 36 aut
928 1421 73 36 de
952 1421 61 36 to-

234 1454 66 36 ta
267 1454 121 36 gratia,
355 1454 77 36 aut
399 1454 66 36 de
432 1454 77 36 hac
476 1454 88 36 ipsa
531 1454 132 36 loquitur
630 1454 165 36 Augustinus;
763 1454 77 36 sed
807 1454 66 36 de
840 1454 110 36 gratia
906 1454 121 36 sanctifi-

234 1488 144 43 cationis
342 1488 72 43 ex
378 1488 72 43 eo
414 1488 180 43 consequente
557 1488 96 43 quod
617 1488 156 43 conceptus
737 1488 84 43 est
785 1488 144 43 Christus
892 1488 72 43 de
916 1488 108 43 Spiriti

214 1517 130 48 Sancto.

274 1548 78 39 VI.
319 1548 134 39 Christus
419 1548 89 39 homo
475 1548 67 39 in
508 1548 179 39 incarnatione
654 1548 112 39 coepit
732 1548 89 39 esse
788 1548 112 39 Filius
866 1548 89 39 Dei,
922 1548 89 39 ergo
966 1548 56 39 tum

246 1578 120 40 debuit
330 1578 132 40 repleri
426 1578 132 40 omnibus
523 1578 120 40 donis.
607 1578 108 40 RESP.
679 1578 168 40 Conceditur
811 1578 120 40 totum:
896 1578 84 40 sed
932 1578 96 40 scien-

238 1610 80 41 tia
283 1610 148 41 acquisita
397 1610 80 41 non
442 1610 80 41 est
488 1610 102 41 donum
556 1610 136 41 gratiae,
658 1610 80 41 sed
704 1610 102 41 bonum
761 1610 102 41 naturae

298 1643 88 44 VII.
353 1643 131 44 Christus
451 1643 88 44 homo
506 1643 66 44 in
539 1643 88 44 irsa
594 1643 175 44 incarnatione
736 1643 110 44 factus
813 1643 77 44 est
857 1643 110 44 caput,
933 1643 77 44 non
966 1643 55 44 so-

247 1676 87 39 lum
296 1676 149 39 hominum,
408 1676 87 39 sed
457 1676 112 39 etiam
532 1676 174 39 Angelorum,
668 1676 74 39 ut
706 1676 112 39 omnes
780 1676 174 39 concedunt:
916 1676 99 39 Ergo
966 1676 62 39 de-

238 1710 94 33 buit
297 1710 94 33 tunc
355 1710 129 33 repleri
449 1710 164 33 sapientia,
578 1710 129 33 gratia,
671 1710 58 33 &
694 1710 94 33 ipsa
753 1710 105 33 etiam
823 1710 187 33 beatitudine.
964 1710 58 33 Ne-

247 1741 97 45 enim
307 1741 193 45 conveniebat,
464 1741 72 45 ut
500 1741 109 45 caput
573 1741 109 45 esset
645 1741 109 45 minus
717 1741 145 45 ornatum,
826 1741 60 45 &
850 1741 109 45 minus
910 1741 121 45 sapiens,

226 1772 113 47 quam
297 1772 113 47 sint
353 1772 113 47 membra

285 1797 113 50 RESP.
361 1797 176 50 Conceditur
499 1797 125 50 totum:
587 1797 88 50 nam
637 1797 88 50 nos
687 1797 88 50 hoc
737 1797 113 50 ipsum
812 1797 113 50 etiam
875 1797 138 50 credimus.

232 1836 146 38 Scientia
341 1836 109 38 autem
414 1836 158 38 acquisita
535 1836 61 38 &
560 1836 219 38 experimentalis
742 1836 73 38 de
778 1836 85 38 qua
827 1836 134 38 proprie
912 1836 109 38 contro-

229 1876 109 39 versia
305 1876 87 39 est,
359 1876 76 39 non
403 1876 76 39 est
446 1876 65 39 in
479 1876 98 39 illis
544 1876 98 39 donis
609 1876 109 39 quibus
685 1876 98 39 anima
750 1876 119 39 Christi
837 1876 65 39 in
870 1876 87 39 ipsa
913 1876 109 39 incarna-

234 1901 91 42 tione
295 1901 111 42 repleta
375 1901 91 42 fuit.

283 1929 101 51 VIII.
350 1929 90 51 Adam
406 1929 124 51 creatus
496 1929 79 51 est
541 1929 214 51 sapientissimus,
721 1929 67 51 ut
755 1929 67 51 ex
789 1929 67 51 eo
823 1929 169 51 colligitur,
958 1929 90 51 quod

230 1972 83 33 mox
277 1972 59 33 a
301 1972 154 33 creatione
419 1972 142 33 imposuit
526 1972 118 33 nomina
608 1972 130 33 omnibus
703 1972 189 33 animantibus,
856 1972 95 33 Gen.
915 1972 71 33 2.
951 1972 83 33 Er¬

222 2003 71 45 go
258 2003 107 45 multo
329 2003 107 45 magis
400 2003 142 45 secundus
506 2003 95 45 Adam
565 2003 118 45 debuit
648 2003 71 45 in
684 2003 95 45 ipsa
743 2003 178 45 conceptione
873 2003 142 45 sapientis-

222 2028 101 54 simus
278 2028 89 54 fieri.

259 2059 119 47 RESP.
338 2059 185 47 Conceditur
483 2059 119 47 totum
563 2059 119 47 recte
642 2059 211 47 intellectum.
814 2059 93 47 Nam
867 2059 132 47 omnino
946 2059 66 47 se-

232 2099 121 36 cundus
317 2099 121 36 Adamus
401 2099 73 36 in
438 2099 97 36 ipsa
498 2099 181 36 conceptione
643 2099 218 36 sapientissimus
825 2099 121 36 factus
909 2099 97 36 est:
958 2099 60 36 nam

230 2130 148 36 sapientia
344 2130 103 36 beata
412 2130 57 36 &
435 2130 114 36 infusa
515 2130 114 36 statim
594 2130 160 36 plenissime
720 2130 137 36 repletus
822 2130 103 36 fuit.
891 2130 68 36 At
925 2130 91 36 nunc
970 2130 46 36 de

226 2162 144 46 scientia
334 2162 156 46 acquisita
453 2162 60 46 &
477 2162 203 46 experimentali
645 2162 132 46 agimus,
741 2162 96 46 quam
801 2162 84 46 qui
848 2162 132 46 Christo
932 2162 84 46 homi-

225 2197 71 37 ni
261 2197 154 37 detrahit,
380 2197 71 37 is
415 2197 107 37 negat
486 2197 107 37 illum
558 2197 83 37 per
605 2197 107 37 omnia
676 2197 154 37 fratribus
795 2197 131 37 fimilem
890 2197 119 37 factum
961 2197 48 37 in

209 2228 98 38 natura.

251 2260 88 40 IX.
302 2260 101 40 Fuit
365 2260 151 40 haeresis
478 2260 139 40 antiqua
579 2260 189 40 ACNOITARUM,
730 2260 101 40 qui,
793 2260 126 40 autore
868 2260 139 40 Themistio

218 2292 147 39 Diaecono,
331 2292 68 39 ut
365 2292 136 39 referunt
467 2292 68 39 B.
501 2292 147 39 Liberatus
615 2292 68 39 in
649 2292 136 39 Brevario
751 2292 68 39 c.
785 2292 79 39 19.
830 2292 57 39 &
853 2292 68 39 B.
875 2292 125 39 Gregorius

219 2325 85 39 lib.
273 2325 64 39 8.
305 2325 107 39 epist.
379 2325 75 39 42.
422 2325 139 39 docebant,
529 2325 128 39 Christum
625 2325 139 39 ignorasse
732 2325 85 39 diem
785 2325 139 39 judiciij,
892 2325 96 39 neque
945 2325 64 39 vero

223 2357 162 40 divinitati
350 2357 139 40 Christi,
454 2357 81 40 sed
501 2357 115 40 animae
581 2357 81 40 eam
628 2357 173 40 ignorantiam
766 2357 173 40 tribuebant,
905 2357 69 40 ut
928 2357 69 40 pla-

214 2395 86 39 num
263 2395 86 39 est
312 2395 74 39 ex
349 2395 111 39 eorum
423 2395 172 39 argumento.
558 2395 86 39 Sic
607 2395 98 39 enim
668 2395 197 39 colligebant,
828 2395 123 39 Verbum
902 2395 98 39 accepi

223 2425 180 38 corruptibile
369 2425 124 38 corpus,
459 2425 68 38 ut
493 2425 135 38 moriendo
595 2425 79 38 pro
640 2425 113 38 nobis,
719 2425 79 38 nos
764 2425 56 38 a
786 2425 101 38 morte
854 2425 158 38 liberaret,
967 2425 56 38 Er-

213 2458 71 40 go
249 2458 94 40 acce
308 2458 71 40 it
343 2458 106 40 etiam
414 2458 130 40 nostram
508 2458 189 40 ignorantiam,
662 2458 71 40 ut
697 2458 83 40 nos
744 2458 71 40 ab
780 2458 165 40 ignorantia
898 2458 106 40 libera-

219 2494 98 48 ret.
280 2494 98 48 Hanc
341 2494 146 48 haeresin
450 2494 158 48 sequuntur
572 2494 122 48 omnes,
658 2494 85 48 qui
706 2494 146 48 asserunt
816 2494 134 48 Christi
901 2494 98 48 animam

215 2523 134 42 paulatim
316 2523 157 42 didicisse,
439 2523 90 42 quae
495 2523 90 42 vere
551 2523 157 42 innorabat,
663 2523 56 42 &c.

244 2554 111 45 RESP.
318 2554 111 45 Primo
392 2554 124 45 melius
479 2554 148 45 dixisset
590 2554 186 45 Bellarminus
738 2554 186 45 Agnoetarum,
887 2554 74 45 ut
911 2554 87 45 Grae-

212 2581 68 56 ci
246 2581 135 56 dixerunt
347 2581 147 56 αγιοητίν.
460 2581 113 56 Deinde
539 2581 169 56 Bellarminus
674 2581 79 56 vel
719 2581 68 56 ex
753 2581 124 56 malitia
843 2581 79 56 vel
888 2581 68 56 ex
911 2581 79 56 impe-

201 2620 109 50 ritia
274 2620 146 50 haeresin
383 2620 170 50 Agnoetarum
517 2620 109 50 nobis
589 2620 158 50 impingit.
711 2620 85 50 Nam
759 2620 158 50 Agnoetae,
881 2620 73 50 ut
905 2620 85 50 refe-

213 2654 91 52 runt
270 2654 160 52 Damascenus
395 2654 57 52 &
418 2654 137 52 Isidorus
521 2654 69 52 de
555 2654 160 52 haereticis
681 2654 57 52 &
704 2654 160 52 Nicephorus
829 2654 91 52 lib.
886 2654 80 52 12.
920 2654 69 52 cap.

197 2690 66 37 30
230 2690 55 37 &
252 2690 89 37 lib.
308 2690 77 37 19.
352 2690 77 37 ca.
396 2690 77 37 49.
440 2690 55 37 &
463 2690 77 37 50.
507 2690 144 37 Gregorius
618 2690 89 37 lib.
673 2690 66 37 2.
706 2690 133 37 epistola
806 2690 77 37 42.
850 2690 144 37 Liberatus
950 2690 44 37 in

203 2720 159 42 Breviario
325 2720 98 42 cap.
386 2720 86 42 19.
435 2720 134 42 fuerunt
533 2720 183 42 Eutychiani,
679 2720 86 42 qui
728 2720 147 42 Christum
838 2720 73 42 ex
875 2720 86 42 Deo
911 2720 86 42 homi-

203 2755 101 40 nem,
267 2755 164 40 mutatione
393 2755 152 40 Deitatis
507 2755 101 40 suae
570 2755 76 40 in
608 2755 202 40 humanitatem,
772 2755 63 40 &
797 2755 126 40 rursus
886 2755 76 40 ex
911 2755 101 40 homine

198 2780 100 49 Deum
261 2780 125 49 factum
349 2780 100 49 esse
411 2780 175 49 fingebant,
549 2780 175 49 reversione
687 2780 188 49 humanitatis
837 2780 75 49 in
862 2780 138 49 Deitatem.

194 2820 113 42 Atque
270 2820 100 42 hanc
333 2820 201 42 humanitatem,
496 2820 75 42 id
533 2820 100 42 est,
596 2820 151 42 Deitatem
709 2820 126 42 Verbi,
797 2820 138 42 mutatam
898 2820 75 42 in
923 2820 75 42 car-

198 2853 92 42 nem,
256 2853 139 42 volebant
360 2853 150 42 ignorasse
476 2853 92 42 diem
533 2853 127 42 judicij
626 2853 127 42 tempore
718 2853 115 42 carnis
799 2853 81 42 seu
833 2853 162 42 humilitatis,

195 2882 59 44 &
219 2882 94 44 alia
277 2882 117 44 multa,
360 2882 70 44 ac
395 2882 82 44 non
442 2882 117 44 tantum
524 2882 188 44 ignorantiae,
677 2882 82 44 sed
724 2882 129 44 omnibus
818 2882 106 44 etiam
877 2882 117 44 infirmi-

195 2920 148 47 tatibis,
306 2920 62 47 &
331 2920 185 47 passionibus
479 2920 136 47 humanis
578 2920 148 47 obnoxiam
689 2920 136 47 fuisse.
788 2920 124 47 Adhaec
862 2920 124 47 Agnoeta-

199 2948 82 44 rum
246 2948 140 44 haeresis
351 2948 187 44 dissimiliter
503 2948 70 44 ab
539 2948 152 44 autoribus
655 2948 152 44 refertur:
772 2948 175 44 confusionem
901 2948 82 44 illam

203 2981 203 45 Bellarminus
366 2981 176 45 sequitur.
502 2981 95 45 Nam
556 2981 163 45 Eutyches
678 2981 136 45 primum
773 2981 149 45 naturam
882 2981 108 45 unam
936 2981 54 45 in

199 3014 130 45 Christo
294 3014 165 45 affirmavit
424 3014 71 45 ex
459 3014 118 45 duabus
542 3014 142 45 confusis
648 3014 106 45 esse:
719 3014 71 45 ab
755 3014 71 45 eo
790 3014 177 45 Eutychiani.
920 3014 71 45 Hunc

193 3041 153 56 sequutus
308 3041 178 56 Theodosius
448 3041 140 56 naturam
549 3041 102 56 esse
613 3041 165 56 corruptam
740 3041 64 56 &
766 3041 216 56 corruptibilem
931 3041 51 56 i1

203 3075 121 55 Christo
291 3075 110 55 dixit:
369 3075 66 55 ab
402 3075 66 55 eo
435 3075 99 55 dicti
501 3075 177 55 Theodosiani,
645 3075 55 55 &
667 3075 210 55 Phthartolatrae,
843 3075 88 55 sive
899 3075 77 55 (ut
932 3075 55 55 Li-

195 3109 135 45 beratus
293 3109 123 45 vocat)
379 3109 221 45 Corrupticolae.
562 3109 98 45 Hunc
624 3109 98 45 vero
685 3109 172 45 Themistius
820 3109 147 45 Diaconus
918 3109 61 45 ex-

186 3149 122 45 copit,
271 3149 122 45 dicens
356 3149 97 45 ergo
417 3149 61 45 &
441 3149 122 45 animam
527 3149 134 45 Christi
624 3149 170 45 ignorantem
758 3149 110 45 esse:
831 3149 73 45 ab
867 3149 73 45 eo
892 3149 97 45 Themi

1052 157 119 53 stiani
1135 157 83 53 seu
1183 157 142 53 Agnoetae
1289 157 142 53 priores.
1396 157 83 53 His
1443 157 130 53 denique
1538 157 142 53 Agnoetae
1645 157 178 53 posteriores
1775 157 95 53 succet

1065 196 133 43 serunt,
1162 196 85 43 qui
1210 196 61 43 &
1235 196 145 43 Agnoetae
1344 196 182 43 simpliciter
1489 196 121 43 dicti,
1574 196 109 43 etiam
1647 196 145 43 secundum
1744 196 133 43 divinita;

1078 241 73 28 em
1114 241 184 28 ignorantiam
1261 241 171 28 tribuentes
1396 241 147 28 Christo.
1506 241 135 28 Rabanus
1604 241 86 28 lib
1653 241 73 28 1.
1690 241 73 28 de
1715 241 171 28 institutione

1067 261 125 42 cleric.
1158 261 80 42 cap
1203 261 125 42 ultimo,
1294 261 137 42 Agnoetae
1397 261 57 42 &
1420 261 171 42 Tritheitae,
1557 261 125 42 inquit,
1648 261 57 42 a
1671 261 182 42 Theodosianis
1807 261 80 42 exor-

1077 294 58 46 i
1101 294 105 46 sunt:
1171 294 70 46 ex
1206 294 117 46 quibus
1287 294 140 46 Agnoeiae
1392 294 70 46 ab
1427 294 163 46 ignorantia
1555 294 117 46 dicti,
1637 294 93 46 quia
1695 294 187 46 perversitati
1835 294 47 46 a-

1077 329 82 46 qua
1124 329 116 46 exorti
1205 329 93 46 sunt
1264 329 70 46 id
1299 329 151 46 adjiciunt
1415 329 93 46 quod
1473 329 128 46 Christi
1567 329 163 46 diuvinitas
1695 329 128 46 ignoret
1776 329 105 46 futura.

1068 365 94 44 quae
1127 365 94 44 sunt
1186 365 130 44 scriota
1281 365 71 44 de
1316 365 83 44 die
1363 365 59 44 &
1387 365 94 44 hora
1446 365 165 44 novissima,
1576 365 83 44 &c.
1623 365 118 44 Contra
1706 365 94 44 vero
1765 365 83 44 nos
1800 365 83 44 dici-

1068 400 98 31 mus;
1129 400 147 31 Christum
1239 400 134 31 hominem
1337 400 110 31 omnia
1410 400 147 31 scivisse
1520 400 61 31 &
1544 400 110 31 scire
1617 400 122 31 semper
1703 400 98 31 sine
1764 400 98 31 ulla
1813 400 61 31 mu-

1071 426 150 38 tatione,
1183 426 150 38 secundum
1296 426 150 38 Deitatem
1408 426 113 38 suam:
1483 426 138 38 tempore
1583 426 113 38 autem
1658 426 188 38 humilitatis
1796 426 88 38 suae,

1077 466 154 33 secundum
1193 466 193 33 humanitatem
1347 466 116 33 suam,
1424 466 116 33 multa
1501 466 167 33 ignorasse
1630 466 141 33 propter
1733 466 103 33 nos,
1784 466 103 33 quorum

1064 498 68 46 in
1098 498 113 46 gloria
1177 498 79 46 sua
1222 498 102 46 nihil
1289 498 90 46 ipsi
1346 498 79 46 est
1380 498 102 46 ignotum

1111 522 71 46 Ex
1147 522 82 46 his
1194 522 94 46 quae
1253 522 106 46 dicta
1323 522 106 46 sunt,
1394 522 118 46 planum
1476 522 94 46 est,
1535 522 141 46 Christum
1641 522 141 46 defectus
1747 522 59 46 &
1759 522 118 46 infirmi-

1069 557 103 49 tates
1137 557 126 49 nostras
1229 557 149 49 naturales
1344 557 92 49 quae
1402 557 92 49 sunt
1459 557 115 49 absque
1539 557 126 49 peccato
1620 557 149 49 assumsisse.

1099 597 85 41 Sed
1147 597 134 41 insuper
1245 597 109 41 etiam
1317 597 146 41 affectus
1427 597 109 41 animi
1499 597 158 41 naturales
1621 597 109 41 omnes
1694 597 146 41 assumsit
1791 597 109 41 absque:

1061 621 118 41 tamen
1140 621 157 41 peccato,
1258 621 118 41 nempe
1336 621 170 41 laetitiam
1467 621 66 41 &
1494 621 197 41 tristitiam,
1651 621 223 41 admirationem,
1821 621 79 41 com-

1077 657 215 47 niserationem,
1255 657 114 47 iram,
1330 657 127 47 gelum,
1419 657 127 47 metum,
1508 657 89 47 &c.
1558 657 76 47 ut
1596 657 177 47 testimonia
1735 657 165 47 sequentia
1849 657 51 47 o-

1070 689 146 40 stendunt:
1182 689 90 40 Joh.
1238 689 79 40 11.
1283 689 67 40 v.
1317 689 67 40 15
1350 689 67 40 Et
1384 689 112 40 gaudeo
1462 689 123 40 propter
1552 689 79 40 vos
1597 689 79 40 (ut
1642 689 146 40 credatis)
1754 689 67 40 me
1788 689 101 40 illic
1844 689 56 40 non

1079 719 125 46 suisse:
1170 719 80 46 sed
1215 719 102 46 eamus
1283 719 68 46 ad
1317 719 91 46 eum.
1374 719 114 46 Matth.
1454 719 80 46 26.
1499 719 91 46 v.:8
1556 719 57 46 &
1579 719 102 46 Marc.
1647 719 80 46 14.
1692 719 68 46 v.
1726 719 80 46 54.
1772 719 102 46 Dicit
1829 719 45 46 ex

1072 754 113 41 lesus:
1151 754 158 41 undiquaque
1275 754 124 41 tristis
1366 754 79 41 est
1411 754 102 41 anima
1479 754 79 41 mea
1524 754 102 41 usque
1592 754 68 41 ad
1626 754 124 41 mortem,
1716 754 90 41 Joh.
1773 754 79 41 11.
1818 754 68 41 v:
1841 754 45 41 3.

1068 796 159 31 Infremuit
1190 796 135 31 spiritu
1288 796 61 31 &
1313 796 147 31 turbauit
1423 796 147 31 seipsum.
1533 796 122 31 Matth.
1619 796 73 31 2.
1656 796 86 31 10.
1705 796 98 31 Haec
1766 796 98 31 quum
1815 796 61 31 au-

1064 828 140 32 divisset
1169 828 117 32 Iejus,
1251 828 128 32 miratus
1345 828 93 32 est:
1403 828 58 32 &
1426 828 105 32 dixit
1497 828 93 32 iis,
1555 828 82 32 qui
1602 828 187 32 sequebantur,
1754 828 93 32 Amen
1800 828 82 32 dicet

1074 859 118 34 vobis,
1157 859 71 34 ne
1192 859 71 34 in
1227 859 130 34 Israele
1322 859 118 34 quidem
1404 859 106 34 tatam
1475 859 106 34 fidem
1546 859 130 34 inveni:
1640 859 153 34 Admiratus
1758 859 83 34 est
1793 859 83 34 Chri-

1063 889 102 35 stus
1127 889 152 35 secundum
1241 889 127 35 animam
1330 889 140 35 humanam
1432 889 76 35 in
1470 889 102 35 sese
1533 889 216 35 consideratam,
1711 889 89 35 cui
1762 889 89 35 res
1800 889 76 35 nova

1071 924 108 34 fuit,
1143 924 96 34 quod
1203 924 120 34 tantam
1287 924 108 34 sidem
1359 924 72 34 in
1395 924 120 34 homine
1479 924 132 34 Gentili
1574 924 60 34 &
1598 924 120 34 milite
1682 924 144 34 videret.
1778 924 96 34 Secun-

1068 954 88 39 dum
1119 954 151 39 Deitatem
1232 954 113 39 certe
1307 954 75 39 id
1345 954 75 39 ei
1383 954 138 39 ignotum
1484 954 63 39 &
1509 954 113 39 novum
1584 954 88 39 non
1634 954 113 39 erat:
1710 954 88 39 sed
1760 954 113 39 anima
1823 954 63 39 per

1076 989 67 35 se
1109 989 56 35 &
1132 989 79 35 sua
1177 989 112 35 natura
1256 989 101 35 illud
1323 989 101 35 antea
1391 989 157 35 ignorabat:
1514 989 90 35 inde
1570 989 146 35 admiratio
1683 989 90 35 Luc.
1739 989 67 35 7.
1773 989 101 35 vers.
1829 989 45 35 o.

1064 1022 129 36 Matth.
1154 1022 77 36 9.
1193 1022 77 36 36
1231 1022 103 36 Quum
1296 1022 116 36 autem
1373 1022 154 36 vidisset
1489 1022 142 36 turbum,
1592 1022 232 36 commiseratione
1772 1022 103 36 intime

1076 1053 132 41 commotus
1175 1053 77 41 est
1219 1053 55 41 ,
1241 1053 88 41 uper
1296 1053 88 41 eis,
1351 1053 88 41 quod
1406 1053 110 41 essent
1484 1053 143 41 dissipati
1594 1053 55 41 &
1616 1053 132 41 disjecti
1715 1053 99 41 quasi
1781 1053 88 41 oves
1825 1053 55 41 non

1069 1087 135 35 habentes
1170 1087 146 35 pastorem.
1282 1087 67 35 Et
1316 1087 90 35 cap.
1372 1087 79 35 15.
1417 1087 67 35 v.
1450 1087 79 35 32.
1495 1087 101 35 Iejus
1563 1087 101 35 autem
1630 1087 146 35 advocatis
1731 1087 146 35 discipulis,

1067 1120 98 42 suis,
1132 1120 109 42 dixit,
1208 1120 119 42 Miseret
1295 1120 65 42 me
1328 1120 98 42 hujus
1393 1120 119 42 turbae,
1480 1120 87 42 quia
1534 1120 87 42 ecce
1588 1120 87 42 tres
1642 1120 87 42 dies
1686 1120 195 42 perseveraverunt.

1063 1159 91 35 apud
1120 1159 68 35 me
1154 1159 57 35 &
1177 1159 80 35 non
1222 1159 80 35 est
1268 1159 103 35 illis
1336 1159 91 35 quod
1393 1159 114 35 edant.
1473 1159 103 35 Hebr.
1541 1159 68 35 2.
1575 1159 68 35 v.
1610 1159 80 35 17.
1655 1159 68 35 Vt
1689 1159 160 35 misericors
1803 1159 80 35 esset

1067 1185 56 38 &
1089 1185 124 38 fidelis
1180 1185 147 38 Pontifex.
1293 1185 102 38 Marc.
1360 1185 68 38 3.
1394 1185 56 38 v
1417 1185 68 38 5.
1451 1185 68 38 Et
1485 1185 136 38 intuitus
1586 1185 79 38 est
1631 1185 79 38 eos
1677 1185 79 38 cum
1722 1185 90 38 ira,
1778 1185 90 38 quum
1824 1185 56 38 do-

1066 1220 103 35 leret
1134 1220 69 35 ei
1169 1220 126 35 propter
1260 1220 137 35 duritiem
1363 1220 115 35 cordis
1444 1220 115 35 eorum,
1524 1220 57 35 &
1547 1220 103 35 dixit
1615 1220 92 35 illi
1673 1220 103 35 viro,
1742 1220 126 35 Extende
1822 1220 57 35 ma-

1059 1256 82 37 num
1106 1256 106 37 tuam.
1177 1256 82 37 Joh
1224 1256 71 37 2.
1259 1256 71 37 v.
1295 1256 82 37 10.
1342 1256 153 37 Recordati
1459 1256 94 37 sunt
1518 1256 106 37 autem
1589 1256 94 37 ejus
1648 1256 165 37 discipuli,
1765 1256 118 37 scriptum

1065 1286 106 39 esse:
1136 1286 106 39 Lelus
1206 1286 106 39 domus
1277 1286 94 39 tuae
1336 1286 118 39 exedit
1418 1286 82 39 me.
1465 1286 106 39 Marc.
1536 1286 82 39 14.
1583 1286 82 39 35.
1630 1286 118 39 coepit
1712 1286 176 39 expavescere
1842 1286 35 39 &

1075 1317 158 40 gravissime
1199 1317 102 40 angi.
1267 1317 68 40 Et
1301 1317 102 40 Hebr.
1369 1317 68 40 5.
1403 1317 68 40 v.
1437 1317 68 40 7.
1471 1317 79 40 Qui
1516 1317 68 40 in
1550 1317 113 40 diebus
1629 1317 113 40 carnis
1708 1317 102 40 suae,
1765 1317 113 40 depreca-

1069 1355 148 38 tionibus
1180 1355 62 38 &
1204 1355 247 38 supplicationibus
1414 1355 136 38 oblatis
1513 1355 86 38 cum
1562 1355 136 38 clamore
1661 1355 123 38 valido
1747 1355 62 38 &
1760 1355 123 38 lacrymis

1074 1389 98 37 apud
1135 1389 86 37 eum
1184 1389 86 37 qui
1233 1389 135 37 poterat
1331 1389 110 37 ipsum
1404 1389 135 37 servare
1502 1389 61 37 a
1526 1389 122 37 morte,
1612 1389 61 37 &
1637 1389 159 37 exauditis
1747 1389 122 37 precibus

1071 1417 151 35 liberatus
1188 1417 70 35 ex
1222 1417 105 35 metu.
1292 1417 70 35 Ex
1327 1417 81 35 his
1373 1417 163 35 manifestum
1501 1417 93 35 est,
1559 1417 139 35 affectus
1664 1417 105 35 animi
1734 1417 116 35 veluti
1803 1417 70 35 gau-

1068 1447 115 40 dium,
1145 1447 192 40 tristitiam,
1298 1447 90 40 &c.
1350 1447 64 40 a
1375 1447 141 40 Christo
1478 1447 90 40 una
1529 1447 90 40 cum
1580 1447 128 40 natura
1669 1447 128 40 humana
1746 1447 128 40 assumcos

1061 1481 60 40 esse.

1107 1508 139 47 Affectus
1212 1508 104 47 autem
1281 1508 104 47 illos
1351 1508 127 47 animae,
1443 1508 81 47 qui
1489 1508 69 47 in
1524 1508 104 47 nobis
1594 1508 93 47 sunt
1651 1508 162 47 naturales,
1767 1508 116 47 assumsit

1081 1545 136 41 Christus
1183 1545 125 41 propter
1274 1545 80 41 has
1319 1545 125 41 causas:
1410 1545 68 41 I.
1444 1545 68 41 Ut
1478 1545 68 41 ex
1512 1545 102 41 illis
1581 1545 102 41 etiam
1649 1545 193 41 innotesceret,
1796 1545 80 41 ipsum

1078 1581 99 36 esse
1140 1581 112 36 verum
1214 1581 149 36 hominem,
1326 1581 112 36 nobis
1401 1581 87 36 per
1450 1581 112 36 omnia
1525 1581 137 36 similem
1624 1581 112 36 demto
1699 1581 149 36 peccato.
1798 1581 75 36 Hanc

1069 1615 115 42 causam
1150 1615 127 42 indicat
1242 1615 115 42 Paulus
1323 1615 150 42 Apostolus
1438 1615 92 42 quum
1496 1615 81 42 ait
1542 1615 138 42 Philipp.
1646 1615 69 42 2.
1680 1615 104 42 vers.
1749 1615 58 42 ,
1772 1615 69 42 8.
1807 1615 92 42 quod

1081 1647 144 35 Christus
1189 1647 120 35 factus
1273 1647 84 35 sit
1321 1647 156 35 hominibus
1441 1647 144 35 similis:
1549 1647 60 35 &
1573 1647 120 35 habitu
1657 1647 144 35 inventus
1765 1647 72 35 ut
1789 1647 84 35 homo.

1073 1676 68 40 Et
1107 1676 102 40 Hebr.
1175 1676 68 40 2.
1209 1676 80 40 15.
1254 1676 114 40 Debuit
1334 1676 80 40 per
1379 1676 102 40 omnia
1448 1676 148 40 fratribus
1561 1676 125 40 similis
1641 1676 68 40 fier

1101 1708 82 38 II.
1148 1708 71 38 Ut
1184 1708 82 38 non
1231 1708 118 38 tantum
1313 1708 71 38 in
1348 1708 141 38 corpore,
1454 1708 82 38 sed
1501 1708 106 38 etiam
1571 1708 71 38 in
1607 1708 106 38 anima
1677 1708 82 38 pro
1724 1708 106 38 nobis
1783 1708 82 38 pater

1069 1743 113 37 retur,
1148 1743 57 37 &
1171 1743 136 37 patiendo
1273 1743 113 37 nostra
1352 1743 125 37 peccata
1443 1743 147 37 expiaret:
1556 1743 102 37 sicut
1624 1743 159 37 praedictum
1749 1743 91 37 fuit
1795 1743 79 37 Jesa.

1072 1780 75 39 53.
1115 1780 64 39 v.
1147 1780 64 39 4,
1179 1780 64 39 5.
1211 1780 107 39 Morbos
1286 1780 118 39 nostros
1372 1780 86 39 ipse
1425 1780 139 39 pertulit,
1532 1780 53 39 &
1553 1780 118 39 dolores
1639 1780 96 39 ipsos
1703 1780 118 39 nostres
1788 1780 64 39 ba
1810 1780 64 39 ula-

1071 1809 96 42 vit:
1131 1809 132 42 quamvis
1227 1809 84 42 nos
1275 1809 168 42 aestimemus
1407 1809 84 42 eum
1455 1809 108 42 plaga
1528 1809 156 42 affectum,
1648 1809 156 42 percussum
1768 1809 60 42 a
1792 1809 96 42 Deo,
1840 1809 36 42 &

1075 1846 156 34 afflictum.
1197 1846 78 34 Nam
1242 1846 89 34 ipse
1298 1846 111 34 dolore
1376 1846 145 34 afficitur
1487 1846 56 34 a
1509 1846 189 34 defectionibus
1665 1846 134 34 nostris,
1754 1846 123 34 atteritur

1072 1881 68 34 ab
1106 1881 193 34 iniquitatibus
1264 1881 136 34 nostris,
1367 1881 159 34 castigatio
1491 1881 102 34 pacis
1559 1881 125 34 nostrae
1650 1881 147 34 imponitur
1764 1881 79 34 ei,
1809 1881 57 34 &
1820 1881 57 34 tu-

1077 1904 83 43 nice
1128 1904 83 43 ejus
1180 1904 72 43 sit
1221 1904 114 43 curatio
1293 1904 83 43 nobis.

1116 1930 108 45 III.
1183 1930 81 45 Ut
1223 1930 108 45 inde
1291 1930 162 45 fiduciam
1412 1930 229 45 conciperemus,
1601 1930 148 45 Dominum
1709 1930 121 45 Jesum
1777 1930 94 45 nobis

1063 1973 193 33 compassurum
1217 1973 64 33 &
1243 1973 206 33 succursurum,
1410 1973 90 33 cum
1462 1973 129 33 variis
1552 1973 219 33 calamitatibus
1732 1973 154 33 tentamur
1834 1973 39 33 &

1062 2004 160 40 turbamur;
1185 2004 74 40 ac
1222 2004 135 40 proinde
1320 2004 74 40 ad
1357 2004 135 40 thronum
1455 2004 135 40 gratiae
1554 2004 86 40 cum
1603 2004 135 40 fiducia
1689 2004 172 40 accederemus.

1065 2035 94 38 Hanc
1124 2035 117 38 causam
1206 2035 117 38 tradit
1288 2035 117 38 Paulus
1370 2035 117 38 dicens
1452 2035 70 38 ad
1487 2035 141 38 Hebraeos
1593 2035 70 38 2.
1628 2035 105 38 vers.
1698 2035 82 38 17.
1745 2035 70 38 8.
1769 2035 105 38 Debuit,

1072 2071 75 34 per
1115 2071 96 34 omnia
1179 2071 139 34 fratribus
1286 2071 118 34 similis
1372 2071 107 34 fieri,
1447 2071 64 34 ut
1479 2071 150 34 misericors
1597 2071 96 34 esset
1661 2071 53 34 &
1682 2071 118 34 fidelis
1757 2071 107 34 Pontifes

1058 2104 73 37 in
1094 2104 86 37 iis
1143 2104 98 37 quae
1205 2104 98 37 apud
1266 2104 98 37 Deum
1327 2104 122 37 agenda
1412 2104 135 37 forent,
1510 2104 73 37 ad
1547 2104 159 37 expiandum
1669 2104 135 37 peccata
1755 2104 110 37 populi.

1058 2134 79 37 Nam
1103 2134 68 37 ex
1137 2134 68 37 eo
1171 2134 91 37 quod
1227 2134 147 37 perpessus
1341 2134 91 37 fuit
1397 2134 91 37 quum
1454 2134 136 37 tentatus
1556 2134 91 37 est,
1612 2134 113 37 potest
1691 2134 57 37 &
1714 2134 79 37 iis
1759 2134 79 37 qui
1793 2134 68 37 ten-

1065 2170 117 34 tantur
1147 2170 175 34 succurrere.
1287 2170 70 34 Et
1322 2170 93 34 cap.
1381 2170 70 34 4.
1416 2170 105 34 vers.
1486 2170 82 34 15,
1532 2170 70 34 16
1567 2170 82 34 Non
1614 2170 93 34 enim
1673 2170 128 34 nabemus
1754 2170 117 34 Pontifi-

1063 2202 81 37 cem
1110 2202 81 37 qui
1156 2202 81 37 non
1203 2202 116 37 possit
1284 2202 116 37 affici
1365 2202 105 37 sensu
1435 2202 186 37 infirmitatum
1586 2202 163 37 nostrarum,
1714 2202 81 37 sed
1749 2202 116 37 tentatum

1065 2234 74 36 in
1102 2234 136 36 omnibus
1200 2234 173 36 similiter,
1336 2234 123 36 absque
1423 2234 111 36 tamen
1497 2234 148 36 peccato.
1608 2234 160 36 Accedamus
1731 2234 123 36 igitur
1805 2234 62 36 cum

1057 2264 146 51 loquendi
1166 2264 158 51 libertate
1288 2264 73 51 ad
1324 2264 134 51 thronum
1421 2264 146 51 gratiae,
1531 2264 73 51 ut
1567 2264 182 51 consequamur
1701 2264 170 51 misericordi-

1058 2303 95 32 am,
1113 2303 68 32 &
1140 2303 150 32 gratiam
1249 2303 191 32 inveniamus
1399 2303 82 32 ad
1440 2303 191 32 opportunum
1576 2303 136 32 auxitium

1090 2328 86 40 IV.
1139 2328 74 40 Ut
1176 2328 148 40 exemplum
1287 2328 111 40 nobis
1360 2328 160 40 praeberet
1484 2328 172 40 patientiae
1619 2328 74 40 in
1656 2328 172 40 tolerandis
1779 2328 86 40 malis

1049 2368 143 35 omnibus
1153 2368 143 35 propter
1257 2368 143 35 gloriam
1361 2368 91 35 Dei
1413 2368 65 35 &
1439 2368 143 35 proximi
1542 2368 156 35 salutem.
1659 2368 91 35 Huc
1711 2368 117 35 facit
1789 2368 104 35 quod

1052 2397 121 36 legitur
1140 2397 66 36 1.
1173 2397 88 36 Pet.
1228 2397 66 36 2.
1261 2397 66 36 v.
1294 2397 77 36 2..
1338 2397 121 36 quoniam
1426 2397 55 36 &
1448 2397 132 36 Christus
1546 2397 110 36 passus
1623 2397 77 36 est
1667 2397 77 36 pro
1711 2397 110 36 nobis,
1777 2397 88 36 relin-

1048 2433 109 38 quens
1121 2433 109 38 nobis
1194 2433 158 38 exemplar,
1315 2433 73 38 ut
1351 2433 218 38 subsequeremini
1533 2433 146 38 vestigia
1643 2433 134 38 ipsius.
1740 2433 109 38 Hebr.
1800 2433 61 38 12.

1057 2468 111 43 vpers.
1135 2468 67 43 3.
1168 2468 111 43 Etenim
1246 2468 134 43 reputate
1347 2468 89 43 quis
1402 2468 89 43 ille
1458 2468 78 43 sit
1502 2468 78 43 qui
1547 2468 100 43 talem
1614 2468 134 43 jusunuit
1714 2468 56 43 a
1725 2468 134 43 peccatori-

1050 2496 83 39 bus
1098 2496 142 39 adversus
1204 2496 95 39 sese
1263 2496 237 39 contradictionem,
1465 2496 71 39 ne
1500 2496 130 39 vestris
1595 2496 142 39 animabus
1701 2496 118 39 fracti
1772 2496 95 39 fatis

1044 2531 64 38 catis

1085 2557 74 50 V.
1122 2557 74 50 Ut
1158 2557 147 50 exemplum
1269 2557 110 50 nobis
1342 2557 160 50 praeberet
1465 2557 110 50 recte
1539 2557 123 50 utendi
1625 2557 172 50 affectibus
1748 2557 110 50 animae;

1047 2589 144 43 illosque
1155 2589 156 43 moderandi
1275 2589 72 43 ne
1311 2589 72 43 ab
1347 2589 120 43 ordine
1431 2589 156 43 justitiae
1552 2589 84 43 div
1600 2589 108 43 nitus
1672 2589 180 43 praescripto
1804 2589 60 43 nos

1045 2632 158 35 transversos
1172 2632 105 35 agant:
1245 2632 63 35 ut
1277 2632 105 35 Paulus
1351 2632 74 35 ait
1393 2632 126 35 Philipp.
1488 2632 63 35 2.
1519 2632 95 35 vers.
1582 2632 63 35 5.
1614 2632 63 35 is
1645 2632 74 35 sit
1688 2632 126 35 assectus
1782 2632 63 35 in
1803 2632 53 35 vo-

1041 2659 96 40 bis,
1101 2659 84 40 qui
1149 2659 96 40 fuit
1209 2659 60 40 &
1233 2659 72 40 in
1269 2659 132 40 Christo
1365 2659 108 40 Iesu.
1437 2659 180 40 Conspiciens
1582 2659 144 40 Christus
1678 2659 180 40 perversitatem

1035 2695 68 39 &
1063 2695 162 39 malitiam
1184 2695 162 39 hominum,
1306 2695 203 39 irascebatur
1469 2695 68 39 &
1496 2695 108 39 gelo
1563 2695 230 39 commovebatur,
1739 2695 122 39 cupiens

1044 2732 105 32 mala
1110 2732 171 32 emendare:
1241 2732 171 32 faciendum
1372 2732 105 32 idem
1438 2732 118 32 nobis
1517 2732 144 32 quoque.
1622 2732 92 32 Sic
1674 2732 144 32 dicitur
1779 2732 79 32 de
1805 2732 53 32 eo

1051 2766 115 34 Johan.
1131 2766 80 34 11.
1177 2766 69 34 v.
1211 2766 80 34 38.
1257 2766 103 34 Iesus
1326 2766 92 34 ergo
1384 2766 115 34 rursum
1464 2766 126 34 fremens
1556 2766 92 34 apud
1614 2766 172 34 semetipsum,
1752 2766 103 34 venit
1809 2766 46 34 ad

1041 2798 196 35 monumentum.
1198 2798 209 35 Misericordia
1368 2798 105 35 erga
1433 2798 118 35 alios
1511 2798 157 35 commotus
1629 2798 105 35 est:
1694 2798 118 35 decet
1773 2798 65 35 &
1786 2798 65 35 nos

1035 2826 97 36 idem
1096 2826 134 36 facere.
1193 2826 97 36 Idem
1254 2826 73 36 de
1290 2826 109 36 aliis
1363 2826 170 36 affectibus
1497 2826 182 36 statuendum,
1642 2826 73 36 ut
1679 2826 73 36 in
1715 2826 109 36 illis
1776 2826 85 36 etiam

1050 2861 136 33 Christo
1148 2861 123 33 capiti
1235 2861 123 33 nostro
1321 2861 160 33 conformes
1445 2861 136 33 fiamus,
1543 2861 123 33 quorum
1630 2861 148 33 alioquin
1729 2861 123 33 affectus

1034 2897 76 36 ab
1072 2897 178 36 affectibus
1213 2897 140 36 Christi
1315 2897 76 36 ob
1353 2897 140 36 nativam
1455 2897 140 36 nostram
1557 2897 204 36 vitiositatem
1723 2897 89 36 non
1761 2897 89 36 parum

1037 2922 158 48 discrepant

1078 2949 124 45 Triplex
1168 2949 90 45 enim
1224 2949 79 45 est
1269 2949 147 45 praecipue
1382 2949 180 45 differentia,
1529 2949 90 45 quam
1585 2949 135 45 affectus
1687 2949 68 45 in
1721 2949 102 45 nobis
1788 2949 56 45 &
1800 2949 56 45 in-

1049 2986 124 40 Christo
1128 2986 135 40 differunt:

1083 3014 75 45 I.
1120 3014 137 45 Sumitur
1219 3014 62 45 a
1244 3014 162 45 principio
1368 3014 137 45 diverso
1468 3014 99 45 unde
1530 3014 162 45 oriuntur.
1654 3014 124 45 Nostri
1729 3014 124 45 affectus

1029 3062 174 34 proveniunt
1165 3062 62 34 a
1190 3062 112 34 carne
1264 3062 149 34 corrupta
1376 3062 62 34 &
1401 3062 186 34 praeveniunt
1549 3062 149 34 judicium
1661 3062 149 34 rationis
1773 3062 62 34 &
1785 3062 62 34 ra-

1028 3092 118 42 tioni
1106 3092 92 42 non
1159 3092 131 42 semper
1251 3092 210 42 obtemperant:
1421 3092 79 42 in
1460 3092 144 42 Christo
1565 3092 118 42 autem
1643 3092 118 42 erant
1722 3092 131 42 quidem
1801 3092 52 42 in

1029 3124 141 37 appetitu
1135 3124 165 37 sensitivo,
1264 3124 82 37 sed
1311 3124 94 37 quia
1370 3124 94 37 sine
1429 3124 129 37 peccato
1523 3124 94 37 erat
1582 3124 59 37 &
1605 3124 118 37 semper
1676 3124 165 37 obtemperaba-

1023 3156 115 39 rectae
1104 3156 139 39 rationi,
1208 3156 92 39 ideo
1266 3156 58 39 a
1289 3156 104 39 recta
1358 3156 115 39 potius
1439 3156 127 39 ratione
1531 3156 92 39 quam
1589 3156 69 39 ab
1624 3156 139 39 appetitu
1716 3156 127 39 sensitivo
