2063 3439
1013 200 139 56 mediate
1114 200 76 56 in
1152 200 164 56 principio
1278 200 88 56 suo
1329 200 88 56 per
1379 200 139 56 unionem
1480 200 215 56 hypostaticam:
1657 200 101 56 quam
1720 200 88 56 qui
1758 200 63 56 non

179 234 136 40 aliquid
277 234 148 40 accedere
388 234 74 40 in
425 234 185 40 communionem
573 234 99 40 esse
635 234 148 40 completi
746 234 123 40 illius
832 234 62 40 &
857 234 74 40 ad
881 234 99 40 perfe-

188 257 135 41 ctionem
286 257 123 41 finis.
372 257 86 41 Nam
421 257 111 41 anima
495 257 123 41 nostra
581 257 160 41 subsistit
704 257 86 41 per
753 257 86 41 se,
802 257 135 41 quamvis
888 257 98 41 soluta

193 296 139 34 corpore:
297 296 58 34 &
321 296 116 34 corpus
401 296 104 34 tamen
471 296 150 34 receptura
586 296 81 34 est
632 296 69 34 in
667 296 81 34 die
713 296 219 34 resurrectionis.
887 296 92 34 Assum.

188 325 77 50 tio
232 325 164 50 probationis
363 325 77 50 est
407 325 87 50 ambi
461 325 87 50 gua;
516 325 77 50 nam
560 325 66 50 si
593 325 131 50 perfecta
691 325 153 50 substantia
811 325 153 50 accipiatur
920 325 66 50 pro-

184 360 84 38 esse
237 360 127 38 completo
332 360 74 38 (ut
374 360 137 38 loquuntur
480 360 179 38 Scliolastici)
628 360 127 38 personae
723 360 106 38 illius
797 360 127 38 divinae,
881 360 95 38 accipi-

189 392 82 36 mus
236 392 187 36 assumtionem:
388 392 94 36 quid
447 392 94 36 enim
505 392 140 36 personae
611 392 94 36 illi
669 392 105 36 desit
739 392 82 36 aut
786 392 117 36 defuit
868 392 70 36 ad
891 392 94 36 perfe-

197 424 122 37 ctionem
286 424 89 37 sui?
341 424 78 37 Sin
386 424 100 37 autem
452 424 133 37 perfecta
552 424 155 37 substantia
674 424 178 37 intelligatur
819 424 78 37 cui
863 424 100 37 nihil
918 424 67 37 add-

193 459 149 35 potuerit
305 459 75 35 ad
342 459 199 35 perfectionem
504 459 124 35 finis,
591 459 149 35 negatur.
703 459 87 35 Cum
753 459 100 35 enim
815 459 100 35 haec
865 459 124 35 persona.

186 494 118 38 fuerit
269 494 141 38 ordinata
374 494 71 38 ad
410 494 188 38 perfectionem
563 494 118 38 finis,
645 494 82 38 qui
692 494 82 38 est
739 494 129 38 servare
833 494 153 38 Ecclesiam
939 494 59 38 Dei

189 527 71 33 ad
225 527 130 33 gloriam
319 527 106 33 ejus,
390 527 141 33 Sermonem
496 527 106 33 certe
567 527 118 33 carnem
649 527 106 33 fieri
720 527 83 33 seu
767 527 141 33 assumere
861 527 130 33 oportuit:

207 563 185 37 quemadmodum
355 563 74 37 ad
392 563 197 37 perfectionem
552 563 111 37 finis
626 563 111 37 anima
700 563 136 37 Christi
799 563 136 37 recepit
885 563 111 37 tertio-

190 588 83 35 die
237 588 118 35 carnem
320 588 106 35 suam,
391 588 59 35 &
414 588 71 35 in
450 588 200 35 resurrectione
615 588 118 35 quoque
697 588 177 35 universali,
839 588 130 35 nostrae
921 588 71 35 ani-

204 626 83 40 nae
251 626 71 40 re
287 626 130 40 epturae
381 626 95 40 sunt
441 626 118 40 carnem
523 626 83 40 seu
571 626 142 40 corpora.
677 626 118 40 Eversa
760 626 106 40 autem
831 626 130 40 majore,
913 626 83 40 plane

192 656 161 41 conclusio
315 656 124 41 jacet,
402 656 99 41 quam
464 656 124 41 audent
550 656 111 41 impii
624 656 148 41 asserere
735 656 74 41 ad
773 656 210 41 labefactandum
933 656 62 41 my-

196 683 118 46 sterium
282 683 118 46 salutis
357 683 107 46 nostrae.

228 715 155 47 INSTANT
341 715 70 47 &
369 715 211 47 assumtionem
538 715 183 47 argumenti
679 715 211 47 principalis
848 715 113 47 alio
904 715 85 47 modo

193 741 126 52 probant:
288 741 63 52 Si
320 741 84 52 quid
372 741 126 52 personae
467 741 105 52 aterni
541 741 95 52 Filii
604 741 74 52 Dei
646 741 126 52 accedere
741 741 116 52 potuit,
825 741 63 52 id
857 741 74 52 aut
899 741 74 52 est
930 741 53 52 evu

195 786 122 36 ποτάτον,
286 786 61 36 id
317 786 81 36 est,
368 786 173 36 inexsistentia
511 786 112 36 tanquam
592 786 81 36 pars
643 786 112 36 illius,
724 786 71 36 aut
765 786 71 36 est
806 786 163 36 inhaerentia,
928 786 51 36 tan

202 823 91 38 quam
259 823 148 38 accidens.
373 823 126 38 Neutrum
464 823 103 38 autem
533 823 137 38 convenit
635 823 137 38 personae
738 823 114 38 aterni
818 823 103 38 Filii
886 823 91 38 Dei.
932 823 57 38 Ni-

196 848 63 46 hil
232 848 72 46 ergo
277 848 72 46 illi
322 848 126 46 accessisse
420 848 99 46 necesse
483 848 54 46 est.

218 871 117 50 RESP.
296 871 144 50 Majotem
401 871 131 50 facise
492 871 196 50 concedimus,
649 871 78 50 si
688 871 104 50 bene
753 871 222 50 intelligatur:
923 871 65 50 nem

193 917 63 39 pe
225 917 63 39 si
257 917 85 39 quid
310 917 127 39 accessit
405 917 127 39 personae
500 917 116 39 aeterni
584 917 95 39 Filii
648 917 85 39 Dei,
701 917 63 39 id
732 917 74 39 aut
775 917 85 39 esse
817 917 169 39 inexsistentiam

209 952 69 42 ut
243 952 80 42 est
289 952 92 42 caro
346 952 138 42 Christi)
450 952 80 42 aut
495 952 195 42 inhaerentiam.
656 952 80 42 Sed
702 952 195 42 additamentum,
863 952 92 42 quum
909 952 80 42 ajunt

192 982 209 36 inexsistentiam
366 982 93 36 esse
424 982 116 36 partem
505 982 116 36 illius
586 982 151 36 personae,
702 982 70 36 id
737 982 81 36 non
783 982 162 36 accipimus.
911 982 81 36 Non
946 982 46 36 e-

196 1015 80 35 nim
241 1015 137 35 quicquid
344 1015 80 35 est
389 1015 171 35 ενυπόςάτον,
526 1015 68 35 id
561 1015 91 35 pars
618 1015 80 35 est
663 1015 182 35 hypostaseos,
812 1015 171 35 constituens
937 1015 57 35 mu-

192 1056 87 33 tua
241 1056 224 33 coagmentatione
428 1056 187 33 hypostasin:
577 1056 87 33 hoc
627 1056 149 33 Physicum
739 1056 87 33 est
789 1056 124 33 solum:
876 1056 112 33 verum
938 1056 50 33 et

208 1083 67 41 am
241 1083 134 41 quicquid
342 1083 78 41 est
387 1083 168 41 essentiale,
521 1083 67 41 ut
554 1083 67 41 in
588 1083 145 41 principio
699 1083 78 41 suo
744 1083 56 41 &
766 1083 101 41 causa
833 1083 112 41 prima,
912 1083 67 41 ut
934 1083 67 41 est;

196 1111 165 43 intellectus
328 1111 66 43 in
361 1111 165 43 substantiis
494 1111 221 43 intelligentibus.
681 1111 77 43 Est
725 1111 99 43 autem
792 1111 88 43 caro
847 1111 121 43 Christi
924 1111 55 43 evi

197 1148 149 42 ποστατις,
311 1148 161 42 subsistens
438 1148 69 42 in
472 1148 126 42 persona
564 1148 103 42 ejus,
633 1148 80 42 non
679 1148 126 42 tanquam
771 1148 92 42 pars
828 1148 149 42 adaequata
932 1148 57 42 au-

197 1179 172 43 analogica
329 1179 79 43 ad
369 1179 172 43 personam,
501 1179 93 43 sed
554 1179 145 43 tanquam
659 1179 211 43 instrumentum
831 1179 172 43 pertinens
950 1179 53 43 ad

206 1212 149 35 unitatem
317 1212 199 35 hypostaseos:
479 1212 87 35 vel
528 1212 137 35 tanquam
628 1212 87 35 res
678 1212 137 35 quaedam
777 1212 75 35 in
814 1212 161 35 principio
926 1212 62 35 sua

196 1244 180 36 subsistens,
340 1244 60 36 &
364 1244 72 36 ad
400 1244 108 36 finem
472 1244 96 36 suum
532 1244 204 36 perprincipium
701 1244 108 36 illud
773 1244 96 36 suum
833 1244 156 36 otdinata.
941 1244 48 36 II

197 1276 68 39 la
231 1276 113 39 itaque
309 1276 158 39 compositio
433 1276 135 39 personae
535 1276 68 39 ex
569 1276 124 39 naturis
659 1276 79 39 non
704 1276 79 39 est
749 1276 124 39 ratione
839 1276 135 39 partium,
941 1276 79 39 sed

212 1312 115 41 potius
292 1312 126 41 ratione
384 1312 126 41 numeri,
476 1312 92 41 quia
533 1312 115 41 natura
613 1312 115 41 humana
694 1312 149 41 subsistit
809 1312 69 41 in
843 1312 126 41 persona
924 1312 80 41 Chri-

204 1342 101 39 sti.
268 1342 89 39 Sic
318 1342 101 39 ergo
381 1342 63 39 &
407 1342 139 39 minorem
508 1342 177 39 constituto
647 1342 126 39 priore
735 1342 215 39 disjunctionis
900 1342 101 39 membre

180 1377 160 44 evertimus.

236 1410 161 39 SECUNDUM
356 1410 201 39 argumentum:
517 1410 80 39 Si
557 1410 134 39 humana
650 1410 134 39 natura
744 1410 94 39 est
797 1410 161 39 personae
904 1410 94 39 ater.

205 1438 64 40 ni
237 1438 95 40 Filii
301 1438 74 40 Dei
343 1438 106 40 unita,
417 1438 74 40 tum
459 1438 116 40 naturae
544 1438 85 40 illi
597 1438 116 40 humanae
682 1438 116 40 propria
767 1438 116 40 hypost,
851 1438 74 40 sis
883 1438 127 40 detrahitur

205 1472 75 47 sic
248 1472 64 47 ut
280 1472 75 47 sit
322 1472 85 47 sine
376 1472 117 47 propria
461 1472 181 47 subsistentia.
610 1472 64 47 At
642 1472 149 47 consequens
759 1472 96 47 aeque
823 1472 128 47 absurdum
919 1472 75 47 est
951 1472 53 47 aut

201 1509 105 31 etiam
271 1509 163 31 absurdius,
399 1509 93 31 quam
457 1509 163 31 accidentia
585 1509 105 31 panis
655 1509 58 31 &
678 1509 93 31 vini
736 1509 70 31 in
771 1509 174 31 Eucharistia
899 1509 105 31 remane-

208 1543 65 38 re
241 1543 87 38 sine
295 1543 119 38 proprio
382 1543 130 38 subiecto
480 1543 119 38 propria
567 1543 76 38 que
610 1543 174 38 inhaerentia.
751 1543 87 38 Ergo
806 1543 130 38 absurdum
903 1543 76 38 est
936 1543 76 38 etiam

206 1578 172 40 antecedens.
343 1578 138 40 Absurdum
447 1578 92 40 esse
504 1578 161 40 consequens
631 1578 138 40 probant,
734 1578 92 40 quia
792 1578 138 40 essentia
895 1578 92 40 sine
941 1578 69 40 pro-

214 1614 85 36 pria
268 1614 128 36 exsiste,
364 1614 75 36 tia
406 1614 85 36 idem
460 1614 75 36 sit
502 1614 85 36 quod
556 1614 85 36 homo
609 1614 85 36 sine
663 1614 107 36 humana
727 1614 117 36 essentia.

238 1629 124 49 RESP.
321 1629 124 49 Primo
403 1629 151 49 negatur
513 1629 124 49 sumti
596 1629 234 49 consequentia.
788 1629 96 49 Nam
843 1629 110 49 etsi
898 1629 124 49 humana-

203 1675 115 31 natura
283 1675 80 31 sit
329 1675 138 31 personae
432 1675 126 31 aeterni
524 1675 103 31 Filii
593 1675 80 31 Dei
639 1675 172 31 hypostatice
777 1675 115 31 unita:
858 1675 103 31 tamen
915 1675 92 31 natura

205 1698 90 42 illi
261 1698 124 42 humanae
352 1698 124 42 propria
442 1698 158 42 hypostasis
567 1698 79 42 seu
612 1698 181 42 subsistentia
759 1698 79 42 non
804 1698 170 42 detrahitur.
929 1698 90 42 Deinde

208 1732 162 39 homonymos
332 1732 162 39 usurpatur
457 1732 112 39 nomen
532 1732 187 39 hypostaseos
682 1732 62 39 &
707 1732 225 39 subsistentiae.
882 1732 125 39 Hyposta-

213 1765 79 41 sis
258 1765 91 41 enim
315 1765 79 41 seu
360 1765 181 41 subsistentia
507 1765 125 41 proprie
598 1765 79 41 duo
643 1765 193 41 complectitur:
802 1765 113 41 partes
870 1765 147 41 essentiales

211 1839 85 36 tes
260 1839 183 36 essentiales
406 1839 134 36 naturae
503 1839 134 36 humanae
601 1839 98 36 sunt
662 1839 122 36 corpus
747 1839 61 36 &
771 1839 122 36 anima,
857 1839 134 36 tanquam
942 1839 61 36 ma-

95 1865 116 42 patur
160 1865 64 42 ho-

218 1902 117 33 partes
300 1902 164 33 subsistunt
430 1902 70 33 in
465 1902 141 33 persona.
571 1902 82 33 Nos
618 1902 94 33 haec
676 1902 94 33 ambo
735 1902 164 33 agnoscimus
864 1902 70 33 in
888 1902 117 33 Christo-

222 1930 88 41 nam
272 1930 125 41 partes
359 1930 138 41 naturae
459 1930 138 41 humanae
559 1930 113 41 nempe
634 1930 125 41 corpus
722 1930 63 41 &
747 1930 138 41 animam,
847 1930 125 41 habere
922 1930 88 41 illum

229 1965 146 37 redimus:
339 1965 61 37 &
363 1965 110 37 modum
436 1965 171 37 exsistendi
570 1965 73 37 in
607 1965 134 37 persona
704 1965 183 37 agnoscimus.
838 1965 171 37 Samosatenia-

209 1991 73 47 ni
245 1991 97 47 vero
306 1991 207 47 subsistentiae
477 1991 122 47 nomine
562 1991 110 47 solum
635 1991 110 47 modum
708 1991 171 47 exsistendi
842 1991 195 47 intelligunt,

224 2029 97 46 quum
285 2029 134 46 dicunt,
382 2029 85 46 nos
431 2029 146 46 propriam
540 2029 207 46 subsistentiam
711 2029 158 46 detrahere
833 2029 134 46 humanae
918 2029 85 46 natu-

219 2058 83 43 rae
267 2058 143 43 Christi;
374 2058 71 43 eo
409 2058 95 43 quod
469 2058 143 43 negemus,
576 2058 107 43 illam
647 2058 71 43 in
683 2058 71 43 se
719 2058 178 43 subsistere.
861 2058 107 43 Atqui
921 2058 83 43 modus

215 2093 165 44 subsistendi
347 2093 77 44 est
391 2093 66 44 in
424 2093 132 44 persona,
523 2093 77 44 non
567 2093 99 44 autem
632 2093 66 44 in
665 2093 121 44 natura.
753 2093 110 44 Inique
830 2093 110 44 igitur
907 2093 121 44 faciunt

222 2121 86 51 qui
271 2121 136 51 naturam
370 2121 136 51 humanam
469 2121 148 51 cujusvis
580 2121 136 51 hominis
679 2121 86 51 non
728 2121 74 51 in
765 2121 124 51 anima,
852 2121 86 51 aut
901 2121 74 51 in
926 2121 74 51 cor-

220 2158 91 48 pore
276 2158 91 48 solo
333 2158 114 48 volunt
413 2158 159 48 subsistere
538 2158 79 48 sed
583 2158 68 48 in
617 2158 136 48 persona:
719 2158 125 48 humanam
810 2158 91 48 vero
867 2158 125 48 Christi
946 2158 57 48 na-

218 2186 101 45 turam
285 2186 79 45 non
330 2186 67 45 in
364 2186 180 45 personasquod
510 2186 112 45 saluti
589 2186 101 45 nobis
656 2186 101 45 est,)
724 2186 79 45 sed
769 2186 67 45 in
802 2186 124 45 seipsa.
892 2186 112 45 Tertio
960 2186 56 45 est

62 2227 171 40 natura

95 2268 113 38 caret
158 2268 76 38 pro-

100 2297 107 42 pria
153 2297 80 42 sub

95 2328 139 41 sistentia

99 2361 74 42 in
123 2361 112 42 seipsa:

109 2395 89 40 sed
147 2395 89 40 habet

80 2430 158 40 propriam

95 2461 142 43 subsisten-

96 2494 143 36 tiam
168 2494 71 36 in

116 2521 123 45 persona
194 2521 45 45 d8

98 2558 125 40 λόγs
161 2558 78 40 cui

88 2591 152 44 personali-

114 2625 81 42 ter
161 2625 81 42 est
196 2625 46 42 u-

259 2636 164 55 INSTANT;
383 2636 96 55 Qui
437 2636 137 55 negant
533 2636 151 55 humanam
643 2636 151 55 Christi
753 2636 151 55 naturam
862 2636 82 55 in
903 2636 137 55 seipso

231 2681 163 49 subsistere:
361 2681 87 49 illi
416 2681 141 49 detrahunt
524 2681 65 49 ei
557 2681 130 49 propriam
655 2681 195 49 subsistentiam.
818 2681 65 49 At
850 2681 76 49 vos
894 2681 141 49 (inquiunt

224 2717 121 45 negatis
312 2717 121 45 humanam
400 2717 121 45 Christi
488 2717 121 45 naturam
576 2717 66 45 in
609 2717 110 45 seipsa
686 2717 176 45 subsistere;.
818 2717 77 45 Ergo.

262 2744 114 52 RESP.
338 2744 114 52 Major
414 2744 152 52 negatur:
528 2744 89 52 non
578 2744 101 52 enim
642 2744 164 52 detrahunt
768 2744 152 52 propriam
869 2744 152 52 subsisten-

229 2778 90 45 tiam
285 2778 124 45 humanae
375 2778 124 45 Christi
466 2778 135 45 naturae,
567 2778 79 45 qui
612 2778 79 45 eam
657 2778 79 45 non
702 2778 68 45 in
736 2778 124 45 seipsa,
826 2778 79 45 sed
871 2778 68 45 in
894 2778 124 45 principic

228 2844 171 48 vegetatrici
364 2844 148 48 facultati
478 2844 80 48 non
524 2844 171 48 detrahitur,
660 2844 91 48 quum
717 2844 159 48 sensitivae
842 2844 171 48 perfectiori
967 2844 46 48 ad

228 2875 138 55 jungitur,
334 2875 74 55 sed
377 2875 85 55 tota
430 2875 74 55 sit
472 2875 180 55 perfectioris:
620 2875 116 55 itemque
705 2875 148 55 sensitivae
821 2875 138 55 facultati
927 2875 74 55 non
959 2875 53 55 de-

226 2907 138 53 tranitur
329 2907 149 53 accedente
443 2907 206 53 intelligentia,
615 2907 80 53 sed
661 2907 92 53 tota
718 2907 80 53 sit
764 2907 115 53 animae
845 2907 172 53 rationalis;
971 2907 57 53 vel

182 3024 69 38 t

234 3041 178 50 detractione
376 3041 130 50 minuta,
471 3041 83 50 sed
519 3041 201 50 perfectissimo
684 3041 190 50 exsistentiae
838 3041 95 50 modo
898 3041 71 50 in
921 3041 107 50 unitate

237 3071 134 47 personae
337 3071 78 47 τοῦ
382 3071 89 47 λόγε
437 3071 111 47 donata
515 3071 89 47 est.
571 3071 89 47 Quae
627 3071 78 47 res
671 3071 100 47 neque
738 3071 123 47 absurda
827 3071 89 47 esse
883 3071 123 47 potest,
972 3071 78 47 sed

205 3185 48 41 a

177 189 126 54 potest
266 189 164 54 accedere,
392 189 139 54 nimirum
493 189 76 54 ad
531 189 101 54 esse
595 189 164 54 completum
721 189 139 54 illius:
822 189 88 54 sed
873 189 126 54 potest
961 189 76 54 ei
986 189 51 54 A-

1022 243 138 43 tenent,
1123 243 75 43 ii
1161 243 88 43 non
1211 243 126 43 tenent
1299 243 189 43 fundamentum
1450 243 138 43 salutis
1551 243 151 43 immobile
1664 243 63 43 &
1677 243 138 43 invictum,

1035 269 154 55 Prophetis
1153 269 59 55 &
1177 269 154 55 Apostolis
1295 269 71 55 in
1331 269 142 55 Ecclesia
1437 269 165 55 expositum.
1567 269 106 55 Neque
1638 269 106 55 sapit
1709 269 95 55 haec
1756 269 59 55 res

1025 307 151 48 ejusmodi
1139 307 164 48 quicquam,
1265 307 101 48 quod
1328 307 214 48 Samosateniani
1504 307 139 48 dicunt,
1605 307 139 48 humanam
1693 307 126 48 Christi-

1022 342 137 44 naturam
1121 342 100 44 sine
1184 342 137 44 propria
1284 342 200 44 subsistentia
1446 342 62 44 a
1471 342 112 44 nobis
1546 342 150 44 supponi.
1658 342 100 44 Quod
1720 342 87 44 cum
1758 342 62 44 di-

1030 373 106 45 cunt,
1101 373 141 45 injuriam
1206 373 129 45 faciunt
1300 373 82 45 tum
1347 373 117 45 Capiti
1429 373 129 45 nostro,
1523 373 82 45 tum
1570 373 106 45 etiam
1640 373 129 45 corpori
1722 373 94 45 Eccle-

1039 398 98 53 siae,
1104 398 65 53 in
1137 398 152 53 communione
1256 398 76 53 hac
1300 398 119 53 Capitis
1386 398 76 53 sui
1430 398 119 53 viventi
1517 398 65 53 de
1549 398 119 53 Spiritu
1625 398 76 53 ejus.

1067 432 179 43 TERTIUM
1197 432 245 43 ARGUMENTUM:
1393 432 179 43 Propter
1523 432 130 43 quod
1605 432 163 43 humana
1703 432 114 43 Chri-

1036 462 74 47 sti
1079 462 116 47 natura,
1163 462 74 47 sua
1206 462 137 47 hypostasi
1311 462 95 47 spoli
1375 462 74 47 ita
1417 462 74 47 aut
1459 462 63 47 in
1491 462 116 47 nihilum
1576 462 137 47 redigitur
1682 462 74 47 aut
1724 462 63 47 in
1745 462 74 47 aliam

1043 498 125 47 prorsus
1134 498 125 47 naturam
1224 498 136 47 mutatur,
1327 498 102 47 illud
1395 498 102 47 cerre
1463 498 80 47 est
1508 498 148 47 absurdum:
1622 498 170 47 Hypostatica
1747 498 68 47 unic

1034 535 116 35 duarum
1115 535 151 35 naturarum
1231 535 69 35 in
1266 535 127 35 Christo
1359 535 81 35 est
1405 535 69 35 id
1440 535 127 35 propter
1532 535 93 35 quod
1590 535 116 35 natura
1671 535 116 35 humana
1741 535 81 35 Chri-

1031 565 75 53 sti
1074 565 75 53 sua
1117 565 139 53 hypostasi
1224 565 139 53 spoliata,
1331 565 75 53 aut
1374 565 64 53 in
1406 565 118 53 nihilum
1491 565 139 53 redigitur
1598 565 75 53 aut
1641 565 64 53 in
1673 565 96 53 aliam
1727 565 96 53 prorsus

1039 598 129 39 naturam
1133 598 140 39 mutatur:
1238 598 82 39 Est
1285 598 117 39 itaque
1355 598 105 39 absurda

1056 629 110 45 RESP.
1129 629 147 45 Assumtio
1240 629 86 45 est
1289 629 184 45 falsissima:
1436 629 86 45 nam
1485 629 110 45 primo
1558 629 135 45 propter
1644 629 172 45 hypostaticam

1035 664 130 41 unionem
1129 664 118 41 natura
1212 664 118 41 humana
1294 664 130 41 Christi
1389 664 82 41 sua
1436 664 153 41 hypostasi
1554 664 82 41 non
1601 664 82 41 est
1648 664 153 41 spoliata;
1754 664 59 41 cum

1030 692 140 47 subsistat
1138 692 65 47 in
1170 692 97 47 Filii
1235 692 75 47 Dei
1278 692 140 47 hypostasi
1385 692 129 47 aeterna,
1482 692 75 47 sic
1525 692 65 47 ut
1558 692 86 47 illa
1611 692 118 47 humanae
1697 692 108 47 quoque
1762 692 43 47 na

1037 731 100 38 turae
1104 731 78 38 sit
1148 731 167 38 hypostasis.
1281 731 111 38 Deinde
1359 731 111 38 natura
1437 731 111 38 humana
1514 731 144 38 hypostasi
1625 731 100 38 Filii
1692 731 78 38 Dei
1725 731 89 38 aduna;

1039 762 65 41 ta
1072 762 54 41 &
1093 762 65 41 in
1126 762 65 41 ea
1158 762 163 41 subsistens,
1289 762 130 41 nequaqua
1386 762 65 41 in
1419 762 119 41 nihilum
1505 762 152 41 redigitur.
1625 762 76 41 nam
1668 762 76 41 quo
1712 762 87 41 quid
1755 762 65 41 sub-

1039 790 111 45 sistit
1116 790 166 45 perfectius,
1249 790 66 45 eo
1282 790 122 45 longius
1371 790 100 45 abest
1437 790 55 45 a
1459 790 155 45 redactione
1581 790 66 45 in
1614 790 122 45 mhilum:
1702 790 100 45 Atqui
1758 790 55 45 hu-

1038 828 92 46 mana
1096 828 127 46 Christi
1188 828 115 46 natura
1269 828 81 46 non
1315 828 115 46 potest
1395 828 161 46 perfectius
1522 828 161 46 subsistere
1648 828 92 46 quam
1706 828 69 46 in
1729 828 92 46 perso-

1037 861 68 40 na
1071 861 124 40 aeterna
1161 861 102 40 Filii
1228 861 90 40 Dei:
1285 861 90 40 Ergo
1341 861 102 40 tanto
1409 861 124 40 longius
1499 861 102 40 abest
1567 861 56 40 a
1589 861 158 40 redactione
1713 861 68 40 in
1736 861 79 40 nihil

1042 895 78 35 um.
1086 895 156 35 Quapropter
1209 895 100 35 etiam
1276 895 100 35 caro(
1343 895 111 35 hristi
1421 895 111 35 jacens
1499 895 67 35 in
1532 895 134 35 sepulcro
1633 895 78 35 non
1677 895 111 35 sensit
1744 895 67 35 cor-

1042 929 160 36 ruptionem,
1167 929 69 36 ut
1202 929 149 36 perfectio
1316 929 194 36 subsistentiae
1476 929 91 36 ejus
1533 929 126 36 omnibus
1625 929 103 36 etiam
1682 929 137 36 materialis

1030 961 84 46 ter
1078 961 203 46 innotesceret.
1245 961 108 46 Neque
1317 961 72 46 in
1353 961 108 46 aliam
1425 961 132 46 prorsus
1521 961 132 46 naturam
1617 961 84 46 est
1664 961 132 46 mutata,
1748 961 72 46 quia

1045 993 84 43 unio
1098 993 95 43 facta
1161 993 74 43 est
1203 993 137 43 ἀτριπτός.
1308 993 105 43 Tertio
1382 993 53 43 &
1403 993 84 43 ideo
1456 993 95 43 falsa
1519 993 74 43 est
1561 993 126 43 assumtio
1655 993 84 43 quia
1708 993 63 43 in
1739 993 63 43 ea
1760 993 53 43 op-

1038 1028 123 40 positum
1127 1028 78 40 est
1172 1028 67 40 in
1206 1028 145 40 apposito.
1318 1028 90 40 Unio
1373 1028 112 40 hypost
1452 1028 101 40 itica
1519 1028 101 40 modus
1586 1028 78 40 est
1631 1028 179 40 subsistendi,
1765 1028 56 40 non

1044 1060 108 33 autem
1116 1060 144 33 perdendi
1224 1060 132 33 naturam
1319 1060 180 33 ευυποςατον:
1463 1060 168 33 Quapropter
1595 1060 72 33 si
1631 1060 84 33 per
1678 1060 132 33 unionem
1762 1060 60 33 hy-

1041 1092 167 45 postaticam
1173 1092 120 45 natura
1256 1092 120 45 humana
1340 1092 167 45 subsistit,
1471 1092 84 45 tum
1519 1092 84 45 per
1567 1092 84 45 eam
1615 1092 84 45 nec
1663 1092 155 45 hypostasi
1770 1092 60 45 sua

1037 1117 148 48 spoliatur,
1154 1117 74 48 nec
1196 1117 64 48 in
1228 1117 117 48 nihilum
1313 1117 148 48 redigitur.

1083 1148 187 43 Assumtionem
1232 1148 137 43 negatam
1332 1148 137 43 firmare
1432 1148 150 43 conantur
1544 1148 87 43 hoc
1581 1148 200 43 prosyllogismo:

1084 1188 74 34 Si
1121 1188 86 34 per
1170 1188 135 34 unionem
1268 1188 196 34 hypostaticam
1427 1188 123 34 humana
1513 1188 123 34 natura
1599 1188 86 34 non
1648 1188 135 34 ampitus
1734 1188 86 34 manet

1055 1221 87 36 vere
1109 1221 120 36 humana:
1196 1221 76 36 tum
1240 1221 98 36 cerre
1305 1221 76 36 per
1349 1221 76 36 eam
1392 1221 65 36 in
1425 1221 120 36 nihilum
1512 1221 152 36 redigitur,
1631 1221 76 36 aut
1675 1221 109 36 saltem
1751 1221 65 36 in
1773 1221 43 36 a-

1052 1251 92 48 liam
1110 1251 127 48 prorsus
1202 1251 127 48 naturam
1294 1251 184 48 degeneravit.
1444 1251 104 48 Verum
1513 1251 81 48 est
1559 1251 173 48 antecedens:
1697 1251 92 48 Ergo
1754 1251 58 48 &
1766 1251 69 48 con

1043 1283 100 42 sequens

1070 1321 114 44 RESP.
1147 1321 140 44 Negatur
1248 1321 153 44 assumtum
1363 1321 114 44 proys
1439 1321 165 44 llogismi.
1566 1321 114 44 Illud
1642 1321 140 44 probare
1731 1321 102 44 nitun-

1043 1346 80 44 tur
1088 1346 91 44 tali
1134 1346 136 44 epilogisme

1079 1379 69 40 Si
1114 1379 81 40 per
1160 1379 116 40 umonem
1241 1379 185 40 hypostaticam
1392 1379 116 40 natura
1473 1379 116 40 humana
1554 1379 127 40 Christi
1646 1379 116 40 ubique
1727 1379 93 40 est,
1773 1379 58 40 tum

1054 1412 80 40 non
1099 1412 125 40 amplius
1190 1412 103 40 manet
1259 1412 91 40 vere
1316 1412 114 40 humana
1396 1412 103 40 Illud
1464 1412 103 40 est;.
1533 1412 91 40 Ergo
1590 1412 57 40 &
1601 1412 57 40 hoc

1076 1445 113 34 RESP.
1152 1445 138 34 Negatur
1252 1445 150 34 assumtio
1364 1445 188 34 epilogismi.
1514 1445 88 34 Eam
1564 1445 138 34 statum:
1664 1445 100 34 nare
1714 1445 113 34 conten-

1050 1477 93 40 dunt
1109 1477 82 40 hoc
1155 1477 222 40 prosepilogismo:
1342 1477 70 40 Si
1377 1477 82 40 per
1424 1477 117 40 uionem
1505 1477 187 40 hypostaticam
1657 1477 152 40 ubicunque
1762 1477 58 40 ei.

1064 1508 119 36 livina,
1151 1508 108 36 ibidem
1226 1508 76 36 est
1269 1508 54 36 &
1291 1508 119 36 humana;
1377 1508 76 36 tum
1421 1508 76 36 est
1464 1508 119 36 ubique.
1550 1508 65 36 At
1583 1508 97 36 prius
1647 1508 97 36 est;.
1712 1508 86 36 Ergo
1766 1508 54 36 &
1777 1508 54 36 po-

1056 1542 142 52 sterius.
1163 1542 106 52 RESP.
1233 1542 130 52 Negatur
1328 1542 118 52 rursus
1411 1542 154 52 assumtio;
1529 1542 95 52 quam
1588 1542 154 52 stabilire
1706 1542 118 52 studio
1777 1542 59 52 ha-

1066 1573 97 39 pent
1126 1573 85 39 hoc
1163 1573 72 39 modo

1094 1599 123 51 Quicquid
1186 1599 154 51 hypostatice
1309 1599 103 51 unitum
1381 1599 72 51 est
1422 1599 82 51 toti
1474 1599 113 51 divinae
1556 1599 123 51 naturae,
1648 1599 82 51 adeo
1700 1599 62 51 ut
1730 1599 92 51 nihil
1782 1599 51 51 sit

1055 1641 175 33 diuvinitatis
1197 1641 88 33 quod
1252 1641 88 33 sibi
1307 1641 142 33 copulatum
1416 1641 77 33 non
1460 1641 109 33 habeat
1537 1641 109 33 illud,
1613 1641 66 33 id
1646 1641 77 33 per
1690 1641 120 33 unionem
1766 1641 77 33 hypo-

1060 1676 130 32 staticam
1157 1676 76 32 est
1201 1676 140 32 ubicunque
1309 1676 76 32 est
1352 1676 108 32 divina
1417 1676 97 32 natura-

1091 1695 114 47 Humana
1171 1695 126 47 Christi
1262 1695 114 47 natura
1342 1695 171 47 hypostatice
1479 1695 80 47 est
1525 1695 103 47 unita
1594 1695 91 47 toti
1651 1695 126 47 divinae
1731 1695 114 47 naturae,

1060 1741 87 41 adeo
1115 1741 65 41 ut
1147 1741 98 41 nihil
1213 1741 76 41 sit
1256 1741 163 41 divinitatis
1387 1741 87 41 quod
1441 1741 87 41 sibi
1496 1741 131 41 copulata
1594 1741 76 41 non
1637 1741 109 41 habeat
1702 1741 142 41 humanitates

1085 1769 89 41 Ergo
1141 1769 111 41 humana
1218 1769 122 41 Christi
1308 1769 111 41 natura
1385 1769 89 41 est,
1441 1769 145 41 ubicunque
1552 1769 111 41 divina
1619 1769 67 41 est.

1086 1797 116 43 RESP.
1163 1797 116 43 Major
1240 1797 180 43 propositio
1382 1797 154 43 negatur:
1497 1797 90 43 nam
1549 1797 103 43 unio
1613 1797 193 43 hypostatica
1754 1797 90 43 natu-

1061 1837 98 31 rarum
1126 1837 65 31 in
1159 1837 130 31 Christo,
1257 1837 76 31 non
1300 1837 109 31 aliter
1376 1837 98 31 facta
1442 1837 87 31 est,
1496 1837 98 31 neque
1561 1837 98 31 fieri
1627 1837 120 31 potuit,
1714 1837 87 31 quam
1757 1837 87 31 serva-

1057 1868 80 43 tis
1102 1868 126 43 naturae
1194 1868 137 43 cujusque
1297 1868 206 43 proprietatibus
1469 1868 103 43 Omnis
1537 1868 92 43 enim
1595 1868 92 43 unio
1652 1868 172 43 hypostatica
1778 1868 57 43 fi-

1054 1900 113 42 salvis
1133 1900 204 42 proprietatibus
1303 1900 159 42 naturarum:
1427 1900 68 42 ut
1461 1900 68 42 in
1495 1900 125 42 corpore
1586 1900 57 42 &
1609 1900 102 42 anima
1665 1900 170 42 uniuscujusque

1062 1932 127 38 nostrum
1155 1932 116 38 videre
1236 1932 92 38 est:
1294 1932 81 38 nam
1340 1932 81 38 tot
1386 1932 92 38 sunt
1444 1932 127 38 exempla
1536 1932 127 38 unionis
1629 1932 185 38 hypostaticae
1768 1932 69 38 quos

1063 1963 136 38 querunt,
1165 1963 91 38 sunt
1221 1963 57 38 &
1244 1963 102 38 erunt
1312 1963 136 38 homines.
1413 1963 79 38 Jam
1459 1963 91 38 etsi
1515 1963 68 38 in
1549 1963 136 38 quolibet
1651 1963 136 38 nostrum,
1741 1963 91 38 corpo-

1055 1999 76 32 ris
1099 1999 54 32 &
1120 1999 109 32 animae
1196 1999 152 32 rationalis
1316 1999 87 32 unio
1370 1999 163 32 hypostatica
1501 1999 87 32 sit;
1555 1999 98 32 tamen
1621 1999 109 32 corpus
1697 1999 120 32 retinet
1773 1999 65 32 suas

1058 2030 160 40 essentiales
1186 2030 170 40 proprietates
1325 2030 53 40 &
1346 2030 96 40 anima
1410 2030 96 40 suas,
1474 2030 75 40 nec
1516 2030 96 40 aliae
1580 2030 96 40 aliis
1644 2030 170 40 destiunntur,
1772 2030 64 40 Mul-

1057 2061 71 35 to
1093 2061 106 35 magis
1163 2061 94 35 suas
1222 2061 177 35 essentiales
1364 2061 189 35 proprietates
1517 2061 59 35 &
1541 2061 153 35 servarunt
1658 2061 59 35 &
1682 2061 153 35 servabunt
1788 2061 59 35 na-

1063 2095 87 50 urae
1118 2095 65 50 in
1150 2095 131 50 Christo,
1249 2095 109 50 quarum
1325 2095 87 50 unio
1380 2095 76 50 est
1423 2095 98 50 plane
1489 2095 120 50 divina.
1576 2095 109 50 Irrita
1652 2095 87 50 ergo
1707 2095 55 50 &
1729 2095 98 50 falsa
1783 2095 55 50 est

1048 2126 149 44 conclusio.

1079 2158 145 43 QUARTUM
1184 2158 198 43 Argumentum:
1343 2158 211 43 Subsistentia
1515 2158 159 43 infinita
1634 2158 92 43 non
1686 2158 132 43 potest
1766 2158 79 43 com-

1058 2196 125 48 municari
1151 2196 115 48 naturae
1235 2196 125 48 finitae:
1329 2196 167 48 Subsistentia
1464 2196 104 48 aterni
1537 2196 94 48 Filii
1600 2196 73 48 Dei
1642 2196 73 48 est
1684 2196 136 48 infinita:
1777 2196 63 48 Ergo

1064 2235 73 36 non
1105 2235 104 36 potest
1178 2235 156 36 communicari
1303 2235 115 36 naturae
1387 2235 115 36 humanae
1470 2235 83 36 quae
1522 2235 73 36 est
1553 2235 94 36 finita.

1085 2258 120 43 RESP.
1165 2258 226 43 Distinguendum
1351 2258 107 43 est:
1418 2258 107 43 quia
1484 2258 200 43 communicari
1644 2258 160 43 pluribus
1751 2258 93 43 modis

1056 2294 163 39 accipitur.
1185 2294 82 39 Nam
1231 2294 82 39 vel
1278 2294 93 39 idem
1336 2294 82 39 est
1383 2294 93 39 quod
1441 2294 140 39 communem
1546 2294 105 39 fieri
1616 2294 128 39 naturae
1710 2294 128 39 finitae
1791 2294 47 39 ad

1071 2333 77 30 per
1115 2333 154 30 consequens
1236 2333 176 30 personaliter
1378 2333 110 30 uniri:
1455 2333 77 30 vel
1499 2333 132 30 realiter
1598 2333 154 30 transfundi
1718 2333 66 30 in
1740 2333 99 30 naturam

1053 2356 139 46 finitam.
1157 2356 69 46 Si
1192 2356 162 46 posteriore
1319 2356 104 46 sensu
1388 2356 162 46 accipiatur
1515 2356 162 46 conceditur
1642 2356 196 46 argumentatio,
1792 2356 58 46 nec

1062 2398 66 34 eo
1095 2398 100 34 sensu
1162 2398 133 34 adversus
1261 2398 78 34 nos
1306 2398 111 34 facit:
1383 2398 78 34 nec
1427 2398 89 34 enim
1483 2398 78 34 nos
1527 2398 133 34 dicimus,
1627 2398 188 34 supsistentiam
1771 2398 78 34 eter-

1059 2419 72 47 ni
1095 2419 108 47 Filii
1167 2419 84 47 Dei
1215 2419 72 47 in
1251 2419 132 47 naturam
1347 2419 132 47 humanam
1443 2419 96 47 esse
1503 2419 180 47 transfusam.
1647 2419 84 47 Sin
1695 2419 96 47 vero
1743 2419 96 47 priore

1062 2458 110 40 sensu
1135 2458 171 40 accipiatur
1269 2458 122 40 verbum
1354 2458 195 40 communicari,
1513 2458 85 40 tum
1562 2458 134 40 negatur
1659 2458 171 40 propositio
1781 2458 61 40 ma-

1063 2488 91 44 jor.
1119 2488 80 44 Nam
1165 2488 182 44 subsistentia
1313 2488 136 44 infinita
1415 2488 114 44 potest
1495 2488 182 44 communicari,
1643 2488 68 44 id
1677 2488 91 44 est,
1722 2488 114 44 communi-

1064 2518 169 45 subsistentia
1202 2518 95 45 fieri
1265 2518 116 45 naturae
1349 2518 127 45 finitae:
1444 2518 95 45 αυτός
1508 2518 53 45 ὀ
1529 2518 95 45 λόρος
1592 2518 137 45 θγέυυυδος
1698 2518 63 45 τῆ
1729 2518 95 45 σαρκι
1782 2518 53 45 κσα

1057 2556 115 41 σuσis,
1138 2556 104 41 ipsum
1208 2556 115 41 Verbum
1288 2556 115 41 factum
1369 2556 104 41 carni
1438 2556 173 41 hypostasis,
1577 2556 69 41 ut
1612 2556 115 41 Johan.
1681 2556 150 41 Damascenus.

1059 2582 77 50 ait
1103 2582 99 50 libro
1169 2582 110 50 tertio
1247 2582 155 50 Orthodoxae
1368 2582 110 50 fidei,
1445 2582 110 50 capite
1523 2582 133 50 secundo.
1622 2582 88 50 ἀυτῆ
1677 2582 66 50 γο
1710 2582 66 50 ηἡ
1733 2582 110 50 θτυσνσος

1067 2616 68 42 το
1101 2616 91 42 θεοῶ
1158 2616 102 42 λόγα,
1226 2616 125 42 εγζυετό
1317 2616 68 42 τῆ
1351 2616 102 42 σαρκι
1420 2616 148 42 θσυσασις,
1534 2616 68 42 ut
1568 2616 102 42 eodem
1636 2616 102 42 libro
1693 2616 148 42 Damascenus.

1071 2653 81 45 ait,
1122 2653 101 45 capite
1192 2653 132 45 undecimo,
1294 2653 61 45 id
1324 2653 81 45 est,
1375 2653 81 45 Ipsa
1426 2653 142 45 hypostasis
1537 2653 71 45 Dei
1578 2653 122 45 Sermonis
1669 2653 91 45 facta
1730 2653 71 45 est
1760 2653 71 45 carm

1056 2688 129 52 hypostasis.

1090 2707 180 64 QUINTUM
1221 2707 246 64 ARGUMENTUM:
1418 2707 148 64 Cuius
1516 2707 197 64 proprium
1664 2707 115 64 non
1713 2707 131 64 potest

1072 2754 170 44 communicari,
1211 2754 64 44 id
1243 2754 96 44 ipsum
1306 2754 106 44 quoque
1381 2754 160 44 communicari
1508 2754 74 44 non
1551 2754 117 44 potest:
1636 2754 53 44 S
1657 2754 170 44 absistentiae
1785 2754 53 44 ae-

1061 2786 98 47 ternt
1127 2786 98 47 Filii
1192 2786 76 47 Dei
1236 2786 142 47 proprium,
1345 2786 98 47 nempe
1410 2786 142 47 generatio
1519 2786 55 47 a
1541 2786 98 47 Patre
1606 2786 65 47 at
1639 2786 109 47 aterno
1715 2786 76 47 con
1748 2786 87 47 potes.

1075 2816 169 47 communicari
1210 2816 124 47 naturae
1301 2816 136 47 humanae:
1402 2816 90 47 Ergo
1459 2816 181 47 subsisientia
1606 2816 90 47 ipis
1662 2816 113 47 queque
1730 2816 113 47 communi-

1076 2848 90 56 zari
1132 2848 78 56 non
1177 2848 123 56 potest.
1266 2848 90 56 RESP
1322 2848 67 56 Si
1356 2848 67 56 in
1390 2848 112 56 majore
1468 2848 179 56 propositione
1614 2848 157 56 comunicari
1737 2848 90 56 idem
1782 2848 56 56 sit

1071 2885 95 52 quod
1130 2885 142 52 communem
1237 2885 106 52 fieri
1307 2885 59 52 &
1331 2885 83 52 per
1378 2885 165 52 consequens
1508 2885 106 52 uniri
1579 2885 201 52 personaliter,
1745 2885 95 52 tumt
1792 2885 59 52 il-

1064 2920 79 45 la
1103 2920 145 45 negatur
1209 2920 92 45 Nam
1261 2920 250 45 communicationem
1472 2920 158 45 personae
1591 2920 66 45 &
1617 2920 145 45 unionem
1709 2920 132 45 persona.

1066 2949 78 52 lem
1110 2949 122 52 necesse
1199 2949 78 52 est
1244 2949 100 52 fieri
1310 2949 156 52 manentibus
1433 2949 156 52 distinctis
1555 2949 200 52 proprietatibus
1722 2949 100 52 eorum
1777 2949 67 52 qua-

1074 2990 172 56 personaliter
1203 2990 118 56 uniuntur?

1095 3014 130 51 SEXTUM:
1189 3014 71 51 Si
1225 3014 165 51 hypostasis
1354 3014 106 51 Filii
1425 3014 82 51 Dei
1472 3014 82 51 per
1519 3014 200 51 incarnationem
1684 3014 106 51 facta
1755 3014 94 51 estI
1802 3014 47 51 y-

1070 3057 139 52 postasis
1175 3057 208 52 humanaenaturae
1348 3057 150 52 assumtae,
1464 3057 81 52 tum
1510 3057 104 52 Fini.
1580 3057 81 52 Dei
1626 3057 93 52 post
1672 3057 174 52 incarnationem

1066 3086 78 52 non
1110 3086 78 52 est
1155 3086 122 52 ubique.
1243 3086 155 52 Consequens
1365 3086 78 52 est
1410 3086 144 52 absurdum.
1520 3086 89 52 Ergo
1576 3086 55 52 &
1598 3086 166 52 antecedens.
1731 3086 111 52 Proba.
1809 3086 67 52 ut

1070 3120 125 49 connexi
1161 3120 194 49 consequentia:
1320 3120 91 49 quia
1377 3120 102 49 nulla
1445 3120 159 49 hypostasis
1570 3120 159 49 extenditur
1696 3120 102 49 ultra
1753 3120 102 49 naturam

1070 3159 98 59 illam,
1139 3159 88 59 cuius
1198 3159 69 59 est
1227 3159 118 59 hypostasit
