2063 3509
294 165 147 53 Respectu
404 165 122 53 nostri
489 165 86 53 duo
538 165 122 53 quoque
624 165 98 53 sunt
685 165 147 53 effectus
795 165 135 53 unionis
893 165 171 53 personalis
1015 165 86 53 natu-

252 209 85 48 rae
300 209 133 48 divinae
397 209 61 48 &
422 209 133 48 humanae
519 209 73 48 in
555 209 145 48 Christo:
664 209 145 48 nimirum,
773 209 97 48 unio
834 209 121 48 nostri
919 209 85 48 cum
967 209 97 48 Deo,
1016 209 36 48 &

264 249 94 43 salus
326 249 105 43 nostra
389 249 94 43 aterna.

285 269 102 52 Unio
349 269 102 52 enim
412 269 178 52 personalis
552 269 127 52 duarum
641 269 165 52 naturarum
768 269 76 52 in
806 269 140 52 Christo
907 269 89 52 est
945 269 102 52 unicum

249 308 119 46 medium
332 308 131 46 unionis
427 308 119 46 nostri
511 308 83 46 cum
558 308 83 46 Deo
606 308 59 46 &
630 308 131 46 salutis
725 308 131 46 nostrae
820 308 155 46 aeternae.
939 308 71 46 Ut
963 308 71 46 unio

256 341 87 44 nem
305 341 174 44 personalem
442 341 124 44 animae
529 341 62 44 &
554 341 149 44 corporis
666 341 137 44 nostri,
766 341 100 44 Deus
828 341 100 44 inde
890 341 62 44 a
903 341 149 44 principio-

257 374 156 45 creationis
380 374 100 45 fecit
447 374 67 45 ad
480 374 201 45 constitutionem
647 374 123 45 naturae
737 374 134 45 communis
837 374 134 45 nostrae:
938 374 78 45 ita
971 374 67 45 uni-

254 410 103 41 onem
318 410 179 41 personalem
459 410 128 41 duarum
549 410 77 41 in
587 410 141 41 Christo
690 410 167 41 naturarum
818 410 179 41 singularem
946 410 90 41 singu

252 442 90 44 lari
308 442 113 44 gratia
387 442 158 44 praestitit
511 442 169 44 admirabilem
646 442 101 44 supra
713 442 90 44 omne
770 442 124 44 naturae
860 442 101 44 opus,
927 442 68 44 ad
950 442 90 44 resti-

253 476 144 42 tutionem
361 476 132 42 naturae
457 476 144 42 nostrae,
565 476 72 42 in
601 476 108 42 unica
674 476 132 42 persona
770 476 144 42 Christi.
878 476 84 42 Nam
926 476 96 42 quae
974 476 84 42 erant

258 509 157 46 disjuncta,
381 509 79 46 hoc
426 509 90 46 est,
483 509 90 46 Deus
539 509 56 46 &
561 509 101 46 homo,
629 509 90 46 illa
685 509 112 46 soluto
764 509 112 46 vetere
843 509 135 46 dissidio
944 509 101 46 inter
1000 509 45 46 se

252 542 181 40 convenerunt
397 542 60 40 &
421 542 121 40 rursus
506 542 109 40 unita
578 542 109 40 sunt,
650 542 157 40 mediatore
771 542 145 40 Christo,
880 542 85 40 qui
928 542 109 40 summa
989 542 60 40 cum

253 574 127 44 insimis
346 574 81 44 per
392 574 127 44 seipsum
485 574 174 44 colligavit.
624 574 69 44 Et
659 574 93 44 quia
716 574 127 44 nostram
809 574 127 44 naturam
902 574 139 44 Christus
994 574 58 44 si-

250 608 68 40 bi
284 608 181 40 personaliter
430 608 124 40 univit,
521 608 79 40 nos
566 608 113 40 quoque
645 608 68 40 in
679 608 68 40 eo
713 608 169 40 naturaliter
848 608 113 40 sumus,
927 608 68 40 ut
961 608 79 40 ait
995 608 45 40 Hi

249 643 123 44 larius;
338 643 178 44 naturaliter,
483 643 123 44 inquam,
572 643 89 44 quia
628 643 111 44 natura
706 643 100 44 nobis
773 643 78 44 est
817 643 134 44 oμυυnος:
917 643 78 44 sed
962 643 78 44 non
995 643 45 44 su

248 675 80 40 mus
293 675 69 40 in
328 675 69 40 eo
362 675 171 40 carnaliter,
499 675 103 40 verum
567 675 137 40 quatenus
670 675 80 40 per
716 675 103 40 fidem
784 675 114 40 insiti
864 675 103 40 sumus
933 675 69 40 in
956 675 91 40 ipsius

254 716 123 38 corpus.
343 716 145 38 Consortes
455 716 123 38 Christi
544 716 123 38 effecti
634 716 101 38 sumus
701 716 78 38 per
745 716 201 38 incarnationem,
913 716 78 38 ait
946 716 112 38 Basilius

254 746 64 48 in
286 746 107 48 Epist.
361 746 64 48 ad
393 746 171 48 Caesarienses
522 746 53 48 41.

284 780 102 37 Hinc
348 780 89 37 per
399 780 190 37 humanitatem
551 780 114 37 Verbo
627 780 127 37 unitam
716 780 203 37 vivificamur,
881 780 63 37 &
906 780 76 37 ex
944 780 76 37 ea
970 780 76 37 bona

251 812 117 38 omnia
329 812 169 38 salutaria
459 812 169 38 haurimus.
589 812 195 38 Quemadmodum
746 812 78 38 in
785 812 117 38 fonte
863 812 169 38 scaturigo
980 812 78 38 aque

263 842 79 49 ita
308 842 113 49 fundum
387 842 113 49 tenet,
467 842 68 49 ut
501 842 136 49 craterem
603 842 79 49 seu
648 842 79 49 vas
693 842 91 49 aqua
750 842 136 49 impleat,
852 842 57 49 &
875 842 91 49 hinc
931 842 125 49 affatim
1011 842 45 49 a-

268 884 77 46 qua
312 884 153 46 hauriatur:
432 884 77 46 Ita
476 884 110 46 etiam,
553 884 99 46 licet
619 884 110 46 Verbum
695 884 99 46 illud
761 884 131 46 aeternum
860 884 88 46 vera
915 884 77 46 sit
958 884 66 46 ac
980 884 77 46 prima

250 916 137 40 scaturigo
356 916 126 40 causaque
451 916 116 40 nostrae
535 916 105 40 vitae:
609 916 63 40 ut
640 916 95 40 David
703 916 105 40 inquit
777 916 74 40 Ps.
819 916 74 40 36.
861 916 74 40 10.
893 916 158 40 Scaturiginevi

260 949 72 41 tae
301 949 82 41 esse
352 949 62 41 in
383 949 92 41 Deo?)
445 949 92 41 tamen
506 949 82 41 unio
558 949 123 41 persona,
650 949 62 41 is
681 949 103 41 fecit,
753 949 62 41 ut
784 949 82 41 vita
835 949 82 41 quae
887 949 113 41 proprie
969 949 51 41 a
979 949 72 41 Verbo

256 983 144 50 promanat,
367 983 78 50 sit
411 983 67 50 in
444 983 155 50 humanitate
566 983 89 50 Jesu
622 983 133 50 Christi,
721 983 67 50 ex
755 983 78 50 qua
799 983 67 50 ad
832 983 78 50 nos
877 983 100 50 vsque
943 983 133 50 defluat,

286 1018 102 41 Locus
354 1018 80 41 ubi
399 1018 114 41 unitae
479 1018 91 41 sunt
536 1018 91 41 duae
593 1018 125 41 naturae
684 1018 68 41 in
718 1018 125 41 Christo
809 1018 80 41 non
855 1018 102 41 alius
923 1018 102 41 fuit,
980 1018 68 41 quae

261 1045 167 42 benedictae
392 1045 143 42 Virginis
500 1045 119 42 Mariae
583 1045 131 42 uterus,
678 1045 72 42 in
714 1045 83 42 quo
762 1045 119 42 humana
845 1045 119 42 natura
929 1045 72 42 de
953 1045 107 42 Spiritu

268 1081 117 42 Sancto
350 1081 140 42 concepta
455 1081 58 42 &
479 1081 70 42 ex
514 1081 117 42 semine
596 1081 140 42 Virginis
701 1081 129 42 assumta
783 1081 70 42 fuit

288 1107 127 46 TEMPUS
377 1107 101 46 quod
440 1107 152 46 attinet,
554 1107 89 46 non
605 1107 127 46 primum
694 1107 114 46 natus
770 1107 89 46 est
820 1107 152 46 Christus
934 1107 101 46 homo
985 1107 76 46 con-

258 1146 115 42 munis
335 1146 77 42 de
373 1146 128 42 sancta
462 1146 153 42 Virgine,
577 1146 64 42 &
603 1146 115 42 potea
679 1146 115 42 demum
756 1146 191 42 inhabitavit
909 1146 77 42 in
947 1146 77 42 eo
972 1146 115 42 Verbum:

258 1180 87 40 sed
307 1180 74 40 in
344 1180 99 40 ipso
406 1180 111 40 utero
480 1180 161 40 virginali
604 1180 62 40 a
628 1180 111 40 primo
703 1180 136 40 momento
801 1180 198 40 conceptionis
950 1180 111 40 Verbum;

257 1214 92 40 sibi
314 1214 115 40 carnem
394 1214 115 40 univit
475 1214 57 40 &
498 1214 149 40 sustinuit
613 1214 184 40 generationem
762 1214 149 40 carnalem,
877 1214 115 40 carnis
958 1214 92 40 suae
1004 1214 57 40 na-

256 1254 159 38 tivitatem
378 1254 98 38 suam
439 1254 146 38 faciens.
549 1254 110 38 Impie
622 1254 98 38 enim
683 1254 159 38 Nestorius
805 1254 134 38 unionem
903 1254 122 38 duarum
976 1254 73 38 per-

258 1282 128 40 sonarum
352 1282 140 40 statuit.
457 1282 70 40 Et
492 1282 70 40 si
527 1282 128 40 naturas
620 1282 70 40 in
655 1282 128 40 Christi
749 1282 128 40 persona
842 1282 198 40 consideramus,
994 1282 58 40 non

251 1316 157 38 exstitit
368 1316 130 38 natura
460 1316 130 38 humana
551 1316 144 38 Christi
655 1316 104 38 ante
721 1316 196 38 assumtionem
877 1316 65 38 &
903 1316 144 38 unionem
995 1316 65 38 cum

258 1348 136 38 divina,
357 1348 87 38 sed
406 1348 99 38 eode
468 1348 136 38 momento
567 1348 87 38 quo
616 1348 148 38 concepta
727 1348 74 38 de
764 1348 136 38 Spiritu
863 1348 124 38 Sancto
937 1348 124 38 formata-

256 1388 77 35 que
300 1388 98 35 fuit,
365 1388 109 35 statim
442 1388 98 35 simul
507 1388 55 35 a
529 1388 120 35 persona
617 1388 98 35 Filii
682 1388 77 35 Dei
726 1388 120 35 assumta
814 1388 98 35 eique
879 1388 98 35 unita
945 1388 98 35 fuit.
999 1388 55 35 Im-

268 1420 83 35 pie
316 1420 95 35 enim
375 1420 119 35 sensit
458 1420 154 35 Eutyches,
577 1420 71 35 ex
613 1420 107 35 duab.
684 1420 131 35 naturis
779 1420 119 35 fuisse
862 1420 131 35 Dominum
945 1420 119 35 nostrum.

267 1457 99 29 ante
329 1457 199 29 adunationem,
490 1457 99 29 post
552 1457 186 29 adunationem
702 1457 99 29 vero
764 1457 99 29 unam
826 1457 137 29 naturam
925 1457 112 29 esse.
987 1457 75 29 Cer-

257 1476 82 44 te
298 1476 96 44 tam
353 1476 123 44 impie
435 1476 137 44 duarum
531 1476 178 44 naturarum
667 1476 109 44 ante
736 1476 232 44 incarnationem
927 1476 96 44 aut
968 1476 123 44 unionem

274 1517 155 36 Inigemtus
393 1517 83 36 Dei
441 1517 119 36 Filius
524 1517 119 36 fuisse
608 1517 143 36 dicitur.
715 1517 95 36 quam
775 1517 143 36 nefarie,
882 1517 131 36 postqua
966 1517 95 36 Verbum

265 1552 94 34 Caro
324 1552 117 34 factum
406 1552 94 34 est,
465 1552 117 34 natura
547 1552 70 34 in
582 1552 70 34 eo
618 1552 164 34 singulatis
747 1552 164 34 asseritur.
876 1552 82 34 Nam
923 1552 94 34 ante
970 1552 94 34 unione

263 1584 116 39 humana
344 1584 116 39 natura
425 1584 81 39 non
472 1584 150 39 exstitit,
587 1584 81 39 sed
633 1584 69 39 eo
668 1584 92 39 ipso
726 1584 127 39 momento
818 1584 81 39 quo
865 1584 150 39 exsistere
969 1584 92 39 coepi-

271 1617 115 41 statim
351 1617 103 41 simul
420 1617 126 41 assumta
511 1617 57 41 &
534 1617 138 41 personae
638 1617 57 41 &
661 1617 92 41 λόγο
718 1617 103 41 unita
787 1617 103 41 fuit:
856 1617 80 41 sic
901 1617 69 41 ut
924 1617 138 41 conceptio-

277 1651 157 51 assumtio
394 1651 65 51 &
421 1651 104 51 unio
486 1651 157 51 momentis
603 1651 157 51 temporum
721 1651 91 51 non
773 1651 261 51 distinguerentur.
982 1651 78 51 Vide

272 1684 165 42 epistolam
399 1684 127 42 Leonis
489 1684 115 42 Magni
565 1684 76 42 ad
590 1684 153 42 Flavianum.

428 1717 131 63 Tantum
519 1717 78 63 de
559 1717 131 63 unione
650 1717 183 63 personali:
794 1717 157 63 sequitur

506 1811 234 47 CAPUT
636 1811 182 47 XVII.

360 1861 93 53 De
406 1861 217 53 Nativitate
576 1861 170 53 Christi
700 1861 93 53 ex
747 1861 170 53 Virgine
855 1861 124 53 Maria-

338 1930 164 47 ATIVITAS
461 1930 164 47 CHRISTI,
584 1930 96 47 est
639 1930 96 47 qua
693 1930 82 47 ex
734 1930 150 47 Virgine
843 1930 123 47 Matia
912 1930 136 47 Bethlehe

344 1972 66 42 mi
377 1972 66 42 in
410 1972 99 42 lucem
476 1972 77 42 est
520 1972 121 42 editus,
609 1972 66 42 ut
642 1972 77 42 nos
686 1972 66 42 in
719 1972 88 42 ipso
774 1972 177 42 renasceremur
918 1972 66 42 ad
951 1972 99 42 vitam
1006 1972 55 42 ae

239 1979 90 48 I.

329 1997 112 47 ternam.
410 1997 82 47 Luc.
461 1997 61 47 2.
492 1997 61 47 4.
523 1997 92 47 Matt.
584 1997 61 47 2.
614 1997 61 47 v.
645 1997 61 47 1,
665 1997 41 47 7.

309 2028 82 45 Hic
356 2028 164 45 exponendum
485 2028 70 45 an
521 2028 141 45 Christus
626 2028 82 45 jam
673 2028 106 45 natus
744 2028 94 45 sit?
802 2028 70 45 ex
838 2028 82 45 qua
885 2028 117 45 matre?
955 2028 94 45 quomo,

273 2061 99 51 do?qui
343 2061 149 51 nativitatis
462 2061 109 51 Christi
542 2061 60 51 fi
571 2061 80 51 ies?
621 2061 80 51 quae
671 2061 119 51 effecta?
761 2061 80 51 quae
810 2061 129 51 subjecta,
910 2061 60 51 id
940 2061 80 51 est,
989 2061 70 51 ubi
1019 2061 30 51 &

270 2105 104 39 quibus
342 2105 94 39 natus
405 2105 83 39 sit?
457 2105 83 39 quae
509 2105 135 39 adjuncta,
613 2105 104 39 veluti
685 2105 104 39 quando
758 2105 94 39 natus
820 2105 83 39 sit?
872 2105 94 39 quali
935 2105 104 39 statur
997 2105 52 39 pe-

267 2132 92 43 quos
325 2132 58 43 &
348 2132 115 43 quibus
429 2132 150 43 nativitas
545 2132 92 43 ejus
602 2132 173 43 annunciata?
729 2132 58 43 &c.

307 2166 147 47 Christum
417 2166 86 47 seu
466 2166 110 47 Regem
539 2166 122 47 Mssiam
625 2166 86 47 jam
674 2166 110 47 natum
747 2166 98 47 esse
808 2166 61 47 &
833 2166 73 47 in
870 2166 122 47 carnem
943 2166 110 47 venisse

269 2204 130 44 constat
364 2204 118 44 contra
446 2204 130 44 Judaeos
541 2204 71 44 ex
576 2204 177 44 sequentibus
706 2204 154 44 argumentis:

292 2237 65 40 I.
325 2237 87 40 Quia
379 2237 152 40 civitates,
499 2237 65 40 in
532 2237 109 40 quibus
608 2237 109 40 nasci,
684 2237 131 40 educari,
782 2237 141 40 habitare,
891 2237 54 40 &
913 2237 87 40 sese
956 2237 98 40 patefa-

269 2269 88 35 cere
324 2269 121 35 debuit,
412 2269 143 35 jampvidem
521 2269 121 35 excisae
609 2269 88 35 sunt
664 2269 110 35 absque
741 2269 88 35 ulla
796 2269 77 35 spe
828 2269 176 35 instaurationis

304 2297 177 44 Bethlehemae
446 2297 118 44 debuit
529 2297 118 44 nasci,
612 2297 130 44 Micheae
706 2297 71 44 5.
742 2297 71 44 2.
777 2297 71 44 At
813 2297 71 44 tu
848 2297 154 44 Bethlehem
954 2297 95 44 Ephra-

272 2332 85 55 tae,
326 2332 107 55 minima
400 2332 64 55 ut
432 2332 75 55 sis
475 2332 64 55 in
507 2332 117 55 ducibus
592 2332 107 55 Iudae,
667 2332 64 55 ex
698 2332 64 55 te
730 2332 85 55 mihi
784 2332 128 55 prodibit
880 2332 117 55 futurus
954 2332 96 55 domina-

263 2363 77 43 tor
307 2363 66 43 in
329 2363 109 43 Israele.

302 2390 160 46 Natzarethae
430 2390 107 46 debuit
505 2390 117 46 educari
590 2390 53 46 &
612 2390 139 46 habitare,
718 2390 85 46 Jes.
772 2390 75 46 11.
814 2390 64 46 v.
846 2390 64 46 1.
878 2390 128 46 Prodibit
964 2390 85 46 virgus

271 2423 81 57 lae
318 2423 116 57 trunto
399 2423 127 57 succiso
491 2423 139 57 Iischai,
596 2423 58 57 &
619 2423 127 57 urculus
711 2423 81 57 (in
758 2423 127 57 Hebraeo
850 2423 81 57 est
897 2423 69 57 T)
931 2423 93 57 unde
978 2423 69 57 urbs

266 2463 149 47 Natzaretha
383 2463 96 47 nomen
447 2463 96 47 habet
511 2463 64 47 Je
542 2463 127 47 radicibs
638 2463 85 47 ejus
691 2463 170 47 efflorescet.
829 2463 64 47 Et
861 2463 64 47 c.
893 2463 74 47 60.
935 2463 74 47 21.
978 2463 64 47 Et
999 2463 53 47 po-

274 2500 120 47 pulares
362 2500 77 47 tui
405 2500 131 47 quotquot
504 2500 98 47 erunt
569 2500 98 47 justi
635 2500 66 47 in
668 2500 120 47 saculum
756 2500 175 47 haereditario
898 2500 88 47 jure
942 2500 98 47 posside

264 2535 96 39 bunt
324 2535 132 39 terram,
420 2535 72 39 ut
456 2535 144 39 jurculus
564 2535 156 39 plantarum
683 2535 108 39 ejus,
755 2535 108 39 opere
827 2535 120 39 manuum
911 2535 120 39 mearum
983 2535 72 39 glo-

272 2567 123 41 rietur.
362 2567 90 41 Zach
418 2567 67 41 6.
451 2567 67 41 v.
485 2567 79 41 12.
530 2567 90 41 Ecce
586 2567 112 41 virum,
664 2567 101 41 cujus
732 2567 101 41 nomen
799 2567 79 41 est
844 2567 123 41 GERMEN,
934 2567 79 41 qui
978 2567 56 41 e
990 2567 67 41 loco

265 2602 77 41 suo
309 2602 177 41 geriminabit,
453 2602 55 41 &
475 2602 166 41 aedificabit
608 2602 122 41 templum
685 2602 89 41 Iehova

294 2628 121 43 Debuit
379 2628 121 43 venire
464 2628 73 43 in
500 2628 109 43 illam
573 2628 109 43 urbem
646 2628 218 43 Jerosolymorum,
828 2628 97 43 quae
888 2628 61 43 a
913 2628 121 43 reditu
985 2628 61 43 po-

256 2665 92 42 puli
314 2665 69 42 ex
349 2665 173 42 captivitate
487 2665 161 42 Babylonica
614 2665 184 42 reaedificara
764 2665 104 42 fuit:
833 2665 81 42 Nam
879 2665 150 42 Eacharias
983 2665 69 42 illi

259 2703 94 39 urbi
318 2703 94 39 quae
376 2703 129 39 tempore
470 2703 117 39 ipsius
552 2703 152 39 Prophetae
669 2703 117 39 iterum
751 2703 199 39 aedificabatur
915 2703 70 39 ad
939 2703 117 39 consola-

254 2733 117 53 tionem
336 2733 93 53 ejus
394 2733 152 53 praedixit
511 2733 105 53 Zach.
581 2733 70 53 9.
616 2733 70 53 9.
651 2733 117 53 Exulta
733 2733 93 53 vade
791 2733 105 53 filia
861 2733 140 53 Tzuonis,
955 2733 93 53 clangi

260 2761 99 43 silia
326 2761 198 43 Ierosolymorum,
491 2761 88 43 Ecce
546 2761 77 43 Rex
590 2761 88 43 tuus
645 2761 132 43 adveniet
744 2761 99 43 tibi,
799 2761 55 43 &c.

286 2796 118 56 Debuit
369 2796 118 56 venire
452 2796 118 56 stante
535 2796 130 56 secundo
630 2796 130 56 templo,
724 2796 95 56 quia
783 2796 130 56 secundi
878 2796 118 56 templi
949 2796 95 56 glori-

256 2831 99 52 major
322 2831 109 52 debuit
398 2831 88 52 esse
453 2831 88 52 quam
508 2831 109 52 primi,
584 2831 99 52 idque
650 2831 66 52 ob
683 2831 164 52 praesentiam
814 2831 120 52 Messiae
902 2831 66 52 in
935 2831 99 52 illo,
1000 2831 77 52 qui

254 2862 69 52 in
288 2862 91 52 illo
345 2862 114 52 docere
425 2862 126 52 debuit:
516 2862 114 52 Stante
596 2862 126 52 secundo
688 2862 114 52 templo
768 2862 149 52 debuerunt
882 2862 114 52 electi
962 2862 69 52 ex
985 2862 57 52 Ge-

258 2897 113 47 tibus
333 2897 125 47 omnib.
420 2897 125 47 venire
508 2897 75 47 ad
545 2897 138 47 Messiam
645 2897 213 47 cognoscendum:
820 2897 75 47 in
858 2897 138 47 secundo
945 2897 100 47 temple

257 2936 81 45 pax
304 2936 116 45 debuit
385 2936 140 45 disponi,
490 2936 105 45 nempe
560 2936 105 45 inter
629 2936 128 45 electos
722 2936 70 45 ex
757 2936 128 45 Judaeis
850 2936 58 45 &
874 2936 140 45 Gentibus
967 2936 81 45 omni-

250 2969 92 49 bus,
308 2969 115 49 Chagg.
389 2969 69 49 2.
423 2969 69 49 7.
458 2969 69 49 Et
493 2969 161 49 commoturus
619 2969 81 49 sum
666 2969 104 49 omnes
735 2969 127 49 gentes,
827 2969 69 49 ut
862 2969 127 49 veniant
942 2969 104 49 deside-

241 3006 101 45 rati
304 3006 126 45 omnium
392 3006 151 45 gentium:
506 3006 63 45 &
531 3006 176 45 impleturus
669 3006 113 45 demum
745 3006 101 45 hanc
808 3006 138 45 gloria,
909 3006 88 45 ait
946 3006 101 45 Iehova

255 3036 163 46 exercituum
384 3036 70 46 Et
419 3036 70 46 v.
454 3036 70 46 9.
488 3036 105 46 Major
558 3036 117 46 futura
640 3036 82 46 est
687 3036 117 46 gloria
768 3036 105 46 domus
838 3036 105 46 hujus
896 3036 152 46 posterioris

255 3072 92 42 quam
312 3072 115 42 illius
392 3072 138 42 prioris,
495 3072 80 42 ait
541 3072 115 42 Iehova
622 3072 172 42 exercituum:
759 3072 80 42 nam
805 3072 69 42 in
840 3072 92 42 loco
897 3072 80 42 hoc
931 3072 115 42 disponam

249 3095 121 50 pacem,
334 3095 121 50 dictum
418 3095 133 50 Iehovae
503 3095 157 50 exercituum.

276 3140 115 51 Stante
357 3140 92 51 illa
415 3140 92 51 urbe
473 3140 208 51 Jerosolymarum,
646 3140 92 51 quae
703 3140 69 51 ad
738 3140 173 51 precationem
876 3140 138 51 Danielis
969 3140 69 51 Pro-

257 3170 115 56 phetae
338 3170 184 56 reaedificata
488 3170 81 56 est
534 3170 58 56 &
557 3170 58 56 a
580 3170 127 56 Romanis
672 3170 161 56 destruenda
798 3170 104 56 erat,
867 3170 115 56 debuit
936 3170 104 56 Christu

249 3212 134 46 venire:
346 3212 122 46 Summa,
431 3212 170 46 Jerosolyma
565 3212 110 46 usque
638 3212 73 46 ad
675 3212 134 46 Messiae
772 3212 146 46 adventum
882 3212 110 46 stare
943 3212 97 46 debue.

1080 160 84 50 rat,
1133 160 74 50 Dan
1175 160 63 50 9.
1207 160 74 50 24.
1249 160 95 50 usque
1312 160 63 50 ad
1344 160 105 50 finem:
1418 160 95 50 Zach.
1481 160 63 50 9.
1513 160 63 50 v.
1544 160 63 50 9.
1576 160 63 50 Et
1608 160 63 50 c.
1639 160 74 50 14.
1682 160 63 50 v.
1713 160 63 50 1,
1745 160 53 50 &
1766 160 63 50 2.
1798 160 84 50 Ecce
1840 160 63 50 die:

1093 210 134 32 ventura
1190 210 85 32 est
1239 210 146 32 Iehovae;
1348 210 97 32 quum
1409 210 158 32 dividetur
1530 210 134 32 spolium
1628 210 97 32 tuum
1688 210 73 32 in
1725 210 109 32 medio
1798 210 97 32 tui.
1846 210 61 32 Re-

1090 236 121 40 cipiam
1174 236 96 40 enim
1235 236 109 40 omnes
1307 236 121 40 gentes
1391 236 121 40 contra
1476 236 205 40 Ieruschalaima
1645 236 72 40 ad
1681 236 133 40 bellum;
1777 236 60 40 &
1789 236 109 40 capietu

1087 266 154 41 civitas,
1203 266 232 41 diripienturque
1396 266 129 41 domus,
1486 266 64 41 &
1512 266 142 41 fominae
1615 266 219 41 comprimentur;
1795 266 64 41 &
1808 266 103 41 excun-

1086 303 70 43 te
1121 303 104 43 parte
1191 303 151 43 civitatis
1307 303 70 43 in
1341 303 209 43 deportationem,
1515 303 139 43 residuum
1619 303 116 43 populi
1700 303 81 43 non
1747 303 174 43 exscindetur
1874 303 35 43 a

1087 341 134 37 civitate.

1118 369 78 42 At
1157 369 182 42 Bethlehem,
1300 369 182 42 Natzareth,
1443 369 169 42 Jerusalem
1572 369 65 42 &
1598 369 143 42 templum
1689 369 208 42 Jerosolymitant

1102 403 86 38 non
1151 403 136 38 amplius
1250 403 173 38 exsistunt.
1385 403 136 38 Necesse
1484 403 86 38 est
1534 403 123 38 igitur
1620 403 111 38 Regem
1694 403 136 38 Messiam
1793 403 86 38 seu
1830 403 86 38 Chri-

1095 436 105 45 stum
1161 436 145 45 Dominum
1266 436 92 45 jam
1318 436 79 45 in
1358 436 131 45 carnem
1450 436 145 45 venisse
1555 436 66 45 &
1581 436 118 45 natum
1647 436 92 45 esse.

1131 468 86 53 II.
1180 468 98 53 Quia
1241 468 86 53 jam
1290 468 86 53 est
1339 468 135 53 ablatum
1437 468 147 53 sceptrum
1548 468 110 53 Judae
1622 468 74 53 in
1658 468 110 53 terra
1732 468 147 53 Chanaan,
1842 468 98 53 abs¬

1097 503 77 51 que
1141 503 88 51 ulla
1196 503 77 51 spe
1240 503 199 51 restitutionis,
1406 503 88 51 Gen.
1450 503 55 51 49.

1126 540 105 42 III.
1192 540 105 42 Quia
1258 540 132 42 debuit
1350 540 132 42 venire
1442 540 145 42 Messias
1547 540 171 42 destructo
1679 540 132 42 quarto
1771 540 119 42 regno
1837 540 66 42 Da-

1102 572 126 37 nielis,
1193 572 91 37 Dan.
1250 572 69 37 2.
1284 572 69 37 v.
1319 572 80 37 44.
1364 572 160 37 Temporibus
1490 572 103 37 autem
1559 572 103 37 Regum
1627 572 137 37 istorum,
1730 572 160 37 suscitabit
1844 572 69 37 Deus

1105 613 104 36 caeli
1175 613 127 36 regnum,
1267 613 92 36 quod
1325 613 69 36 in
1359 613 115 36 secula
1440 613 81 36 non
1486 613 173 36 destruetur,
1625 613 58 36 &
1648 613 115 36 regnum
1728 613 104 36 ipsum
1798 613 115 36 populo
1867 613 46 36 a-

1092 637 113 38 lieno
1168 637 88 38 non
1218 637 201 38 relinquetur,
1382 637 201 38 comminuturum
1545 637 63 38 &
1570 637 189 38 consumturum
1721 637 113 38 omnia
1797 637 101 38 illa
1847 637 63 38 re-

1095 672 95 42 gna,
1155 672 107 42 ipsum
1226 672 107 42 autem
1298 672 143 42 staturum
1405 672 72 42 in
1441 672 131 42 secula.
1536 672 72 42 At
1572 672 107 42 illud
1644 672 107 42 plane
1715 672 167 42 destructum
1834 672 72 42 est:

1087 705 147 43 Pompejo
1194 705 120 43 Magno
1274 705 67 43 &
1301 705 147 43 Caesare
1408 705 161 43 Augusto:
1528 705 107 43 illo
1595 705 134 43 quidem
1689 705 201 43 Seleucidis,
1849 705 94 43 hoc

1094 739 106 49 vero
1160 739 145 49 Lagidis
1266 739 132 49 regnum
1345 739 132 49 adimente

1125 765 85 49 IV.
1173 765 97 49 Quia
1234 765 109 49 oleum
1307 765 157 49 unctionis
1428 765 145 49 defecit,
1537 765 97 49 Dan.
1597 765 73 49 9.
1633 765 73 49 v.
1670 765 85 49 24.
1718 765 133 49 ungetur
1803 765 109 49 Sanctus

1091 807 192 43 Sanctorum.
1242 807 137 43 Tamdiu
1338 807 110 43 enim
1406 807 123 43 Reges
1488 807 192 43 ungebantur
1639 807 110 43 apud
1708 807 164 43 Judaeos,
1817 807 96 43 donec

1102 844 170 47 ingeretur
1233 844 144 47 Sanctus
1324 844 157 47 Sanctorum.

1120 877 73 43 V.
1156 877 98 43 Quia
1217 877 171 43 sacrificia
1352 877 159 43 Leviticca
1474 877 98 43 sunt
1535 877 159 43 abrogata,
1657 877 98 43 Dan.
1718 877 61 43 9
1742 877 85 43 27.
1779 877 134 43 Cessabit.

1104 907 107 39 satri
1176 907 131 39 ficium.
1271 907 72 39 Ad
1307 907 107 39 Regem
1378 907 95 39 vero
1438 907 131 39 Messiam
1533 907 131 39 dicitur
1629 907 83 39 Ps.
1676 907 95 39 110.
1736 907 72 39 4.
1772 907 95 39 Tues
1820 907 95 39 Sacer-

1110 942 88 38 los
1161 942 75 38 in
1198 942 150 38 aeternum
1311 942 150 38 secundum
1424 942 138 38 ordinem
1524 942 213 38 Melchisedech,
1699 942 88 38 non
1749 942 113 38 autem
1812 942 100 38 secun-

1105 976 98 37 dum
1161 976 153 37 ordinem
1258 976 112 37 Aarone

1137 1004 89 45 VI.
1188 1004 101 45 Quia
1251 1004 127 45 desiit
1340 1004 165 45 Prophetia
1466 1004 63 45 &
1492 1004 114 45 visio
1568 1004 101 45 apud
1631 1004 152 45 Judaeos:
1745 1004 114 45 nulli
1808 1004 114 45 amplius

1106 1043 148 37 Prophetae
1219 1043 102 37 illis
1288 1043 171 37 excitantur,
1424 1043 102 37 neque
1492 1043 102 37 visio
1560 1043 102 37 illis
1629 1043 159 37 revelatur,
1754 1043 57 37 &
1777 1043 91 37 jure
1822 1043 91 37 quidem

1102 1082 135 43 optimo.
1200 1082 171 43 Adveniente
1334 1082 98 43 enim
1396 1082 73 43 eo
1432 1082 86 43 qui
1481 1082 208 43 designabatur,
1653 1082 98 43 quid
1714 1082 98 43 opus
1775 1082 98 43 fuit
1824 1082 86 43 rebus

1098 1110 235 45 significantibus:
1298 1110 59 45 &
1322 1110 153 45 praesente
1439 1110 153 45 veritate,
1557 1110 94 45 quid
1616 1110 129 45 amplius
1710 1110 94 45 opus
1769 1110 94 45 fuit
1816 1110 94 45 umbrat

1095 1148 87 33 Nam
1144 1148 75 33 ob
1182 1148 87 33 hoc
1232 1148 125 33 ipsum,
1319 1148 62 33 &
1344 1148 137 33 eousque
1444 1148 287 33 praevaticinabantur,
1694 1148 112 33 donec
1769 1148 125 33 summus
1844 1148 75 33 ille

1103 1179 137 42 Propheta
1205 1179 57 42 &
1228 1179 114 42 Doctor
1307 1179 159 42 Catholicus
1433 1179 159 42 Ecclesiae,
1558 1179 57 42 &
1581 1179 148 42 ipsissima
1694 1179 137 42 justitia
1797 1179 57 42 &
1820 1179 68 42 is
1854 1179 91 42 qui¬

1094 1220 126 37 omnium
1182 1220 138 37 poccata
1283 1220 176 37 redemturus
1421 1220 113 37 erat,
1484 1220 113 37 veniret

1133 1245 101 43 VII.
1196 1245 101 43 Quia
1259 1245 151 43 sublatum
1372 1245 88 43 est
1423 1245 163 43 discrimen
1548 1245 138 43 tribuum
1649 1245 239 43 Israeliticarum,
1838 1245 75 43 quod

1100 1282 116 38 usque
1178 1282 78 38 ad
1216 1282 142 38 Messiam
1320 1282 129 38 durare
1411 1282 142 38 debuit,
1514 1282 116 38 sicut
1592 1282 142 38 propter
1695 1282 116 38 ipsum
1760 1282 155 38 conservari

1106 1314 91 40 Deus
1163 1314 126 40 voluit,
1254 1314 69 40 ut
1289 1314 114 40 certum
1369 1314 114 40 esset,
1449 1314 69 40 ex
1483 1314 80 40 qua
1529 1314 103 40 tribu
1597 1314 57 40 &
1620 1314 126 40 familia
1700 1314 126 40 nasceretu

1133 1341 122 45 VIII.
1215 1341 109 45 Quia
1283 1341 122 45 omnes
1364 1341 136 45 Gentes
1459 1341 109 45 Mosi
1527 1341 68 45 &
1554 1341 176 45 Praphetis
1690 1341 190 45 credentes,
1826 1341 81 45 Mese

1110 1379 96 35 siam
1170 1379 84 35 jam
1218 1379 132 35 venisse
1314 1379 156 35 agnoscunt
1435 1379 60 35 &
1459 1379 205 35 amplectuntur,
1627 1379 144 35 secundum
1736 1379 156 35 vaticinia
1844 1379 72 35 Pro-

1115 1415 151 39 hetarum,
1229 1415 88 39 qui
1279 1415 214 39 praedixerunt,
1456 1415 151 39 nationes
1569 1415 113 39 omnes
1644 1415 76 39 in
1682 1415 139 39 Messiam
1783 1415 63 39 &
1808 1415 88 39 per
1846 1415 63 39 eum

1104 1454 71 33 in
1140 1454 94 33 Deum
1199 1454 153 33 Abrahami,
1316 1454 118 33 Isaaci
1399 1454 59 33 &
1423 1454 130 33 Jacobi,
1517 1454 141 33 relictis
1623 1454 94 33 suis
1682 1454 130 33 idolis,
1765 1454 141 33 credituras

1105 1482 149 39 Plurima
1214 1482 108 39 sunt
1281 1482 81 39 de
1322 1482 203 39 conversione
1484 1482 149 39 Gentium
1592 1482 81 39 ad
1632 1482 122 39 verum
1713 1482 108 39 Deum
1781 1482 68 39 &
1794 1482 122 39 Messiam

1103 1514 103 34 ejus
1168 1514 168 34 vaticinia
1296 1514 90 34 Jam
1348 1514 77 34 si
1387 1514 129 34 Gentes
1477 1514 116 34 alium
1554 1514 155 34 colerent
1670 1514 116 34 Deum,
1747 1514 103 34 quam
1812 1514 103 34 Deum
1863 1514 52 34 A-

1101 1548 144 49 brahami,
1209 1548 120 49 Isaaci
1293 1548 60 49 &
1317 1548 132 49 Jacobi,
1413 1548 144 49 haberent
1520 1548 120 49 Judaei
1604 1548 120 49 causam
1688 1548 216 49 tergiversandi:
1856 1548 60 49 jam

1114 1581 92 41 vero
1172 1581 115 41 nullam
1253 1581 115 41 habent

1135 1609 192 42 Quapropter
1286 1609 123 42 Regem
1368 1609 150 42 Messiam
1477 1609 96 42 jam
1532 1609 82 42 in
1573 1609 137 42 carnem
1669 1609 150 42 venisse
1765 1609 150 42 cofirmant

1107 1645 152 45 plurinia,
1224 1645 129 45 nimirum
1318 1645 164 45 civitatum,
1447 1645 70 45 in
1482 1645 117 45 quibus
1564 1645 141 45 concipi,
1670 1645 117 45 nasci,
1752 1645 129 45 educari
1846 1645 59 45 &
1857 1645 59 45 do-

1101 1686 96 41 cere
1161 1686 132 41 debuit,
1257 1686 72 41 ut
1293 1686 60 41 &
1316 1686 120 41 templi
1400 1686 215 41 Jerosolymitani
1580 1686 180 41 destructio:
1723 1686 144 41 politiae
1819 1686 96 41 Judai-

1105 1718 80 36 cae
1150 1718 69 36 in
1185 1718 103 36 terra
1253 1718 137 36 promissa
1357 1718 126 36 totalis
1448 1718 149 36 abolitio:
1563 1718 115 36 quarti
1643 1718 103 36 regni
1712 1718 137 36 Danielis
1803 1718 115 36 eversio:

1115 1755 149 40 unctionis
1229 1755 126 40 regalis
1321 1755 149 40 cessatio:
1436 1755 195 40 sacrificiorum
1596 1755 172 40 Leviticorum
1734 1755 160 40 abrogatio:
1848 1755 69 40 Pro-

1107 1784 137 41 phetiae
1206 1784 62 41 &
1231 1784 150 41 visionis
1344 1784 125 41 finis:
1431 1784 137 41 Gentium
1531 1784 125 41 omnium
1618 1784 75 41 ad
1656 1784 100 41 Deum
1718 1784 162 41 Abranami,
1831 1784 87 41 Isaa-

1108 1815 68 45 ci
1142 1815 56 45 &
1164 1815 113 45 Jacobi
1232 1815 135 45 conversio-

1277 1860 160 53 Sequitur
1397 1860 80 53 ex
1437 1860 93 53 qua
1490 1860 120 53 matre
1570 1860 120 53 natus
1637 1860 80 53 sit.

1135 1906 123 42 Natus
1217 1906 95 42 est
1272 1906 82 42 ex
1313 1906 191 42 immaculata
1462 1906 150 42 Virgine
1571 1906 123 42 nempe
1653 1906 136 42 MARIA,
1749 1906 150 42 oriunda
1844 1906 68 42 ex-

1100 1947 113 38 regia
1176 1947 139 38 familia
1277 1947 139 38 Davidis
1377 1947 63 38 e
1403 1947 113 38 tribu
1478 1947 113 38 Juda:
1554 1947 139 38 attamen
1655 1947 76 38 ex
1692 1947 139 38 virgine
1780 1947 139 38 desponsa.

1108 1981 74 33 am
1145 1981 112 33 viro.
1219 1981 112 33 Illam
1293 1981 149 33 debuisse
1405 1981 149 33 Virginem
1517 1981 112 33 esse,
1591 1981 136 33 Jesaias
1690 1981 149 33 Propheta
1789 1981 124 33 praenun-

1093 2013 110 35 ciavit
1170 2013 88 35 cap.
1225 2013 66 35 7.
1258 2013 66 35 v.
1291 2013 77 35 14.
1336 2013 88 35 Ecce
1391 2013 99 35 Virgo
1457 2013 143 35 concipiet
1567 2013 55 35 &
1589 2013 110 35 pariet
1666 2013 121 35 Filium,
1755 2013 55 35 &
1777 2013 121 35 vocabis
1854 2013 55 35 no-

1097 2045 91 36 men
1149 2045 104 36 ejus
1214 2045 195 36 Immunuelem.
1370 2045 156 36 Virginem
1487 2045 117 36 autem
1565 2045 117 36 illam
1643 2045 104 36 esse
1708 2045 130 36 Mariam
1799 2045 65 36 e
1812 2045 91 36 tribi

1108 2078 87 35 uda
1157 2078 62 35 &
1182 2078 136 35 Davidis
1281 2078 136 35 familia
1380 2078 112 35 docet
1455 2078 136 35 Angelus
1554 2078 136 35 Gabriel
1653 2078 99 35 Luc.
1715 2078 74 35 1.
1752 2078 74 35 v.
1789 2078 87 35 30,
1839 2078 62 35 &
1851 2078 62 35 se-

1094 2111 171 45 quentibus:
1228 2111 110 45 Dixit
1302 2111 73 45 ei
1338 2111 147 45 Angelus,
1448 2111 73 45 Ne
1485 2111 98 45 time
1546 2111 122 45 Maria;
1632 2111 73 45 es
1668 2111 98 45 enim
1730 2111 73 45 in
1766 2111 122 45 gratia
1840 2111 73 45 apud

1100 2147 102 34 Deum.
1168 2147 68 34 Et
1202 2147 91 34 ecce
1258 2147 147 34 concipies
1372 2147 68 34 in
1406 2147 113 34 utero,
1485 2147 57 34 &
1508 2147 113 34 paries
1587 2147 125 34 Filium,
1678 2147 57 34 &
1701 2147 125 34 vocabis
1791 2147 102 34 nomen
1848 2147 68 34 eius

1106 2181 112 39 lesum.
1184 2181 79 39 Hic
1229 2181 90 39 erit
1286 2181 112 39 magnus
1364 2181 56 39 &
1387 2181 112 39 Filius
1466 2181 146 39 Altissimi
1578 2181 157 39 vocabitur,
1702 2181 135 39 dabitque
1803 2181 67 39 ei
1825 2181 79 39 Domi-

1096 2213 80 37 nus
1141 2213 91 37 Deus
1198 2213 102 37 sedem
1266 2213 125 37 Davidis
1357 2213 114 37 patris
1437 2213 125 37 ipsius.
1528 2213 170 37 Regnabitque
1664 2213 68 37 in
1698 2213 91 37 domo
1755 2213 114 37 Iacobi
1834 2213 68 37 in
1857 2213 57 37 ae-

1089 2246 127 36 ternum,
1182 2246 58 36 &
1205 2246 104 36 regni
1274 2246 92 36 eius
1331 2246 81 36 non
1377 2246 92 36 erit
1435 2246 115 36 finis.
1516 2246 92 36 Idem
1573 2246 104 36 docet
1642 2246 150 36 Matthaeus
1746 2246 161 36 Evangelistat

1095 2282 136 36 Angelum
1194 2282 87 36 qui
1243 2282 149 36 Josepho,
1355 2282 161 36 cogitanti
1479 2282 99 36 clam
1541 2282 161 36 divortium
1665 2282 62 36 a
1690 2282 112 36 Maria
1765 2282 136 36 facere,
1851 2282 50 36 eo

1104 2319 93 42 quod
1162 2319 150 42 praegnans
1278 2319 116 42 esset,
1359 2319 69 42 in
1394 2319 116 42 somnio
1475 2319 150 42 apparuit,
1591 2319 139 42 dixisse:
1695 2319 139 42 Iosephe,
1799 2319 93 42 fili
1845 2319 58 42 D.i

1104 2350 71 32 ne
1140 2350 107 32 metue
1211 2350 142 32 accipere
1317 2350 118 32 Marium
1400 2350 118 32 uxorem
1483 2350 107 32 tuam.
1554 2350 83 32 Nam
1602 2350 95 32 quod
1661 2350 71 32 in
1697 2350 71 32 ea
1732 2350 154 32 genituri:
1839 2350 59 32 est

1098 2384 72 31 ex
1134 2384 131 31 Spiritu
1229 2384 119 31 Sancto
1313 2384 95 31 est,
1372 2384 119 31 Pariet
1456 2384 107 31 autem
1527 2384 119 31 Filium
1611 2384 60 31 &
1635 2384 131 31 vocabis
1730 2384 107 31 nomen
1802 2384 95 31 eius
1849 2384 60 31 Ie-

1096 2412 91 41 sum.
1152 2412 91 41 Ipse
1209 2412 91 41 enim
1266 2412 147 41 liberabit
1379 2412 125 41 populum
1470 2412 91 41 suum
1527 2412 68 41 ex
1561 2412 136 41 peccatis
1663 2412 136 41 ipsorum:
1765 2412 159 41 Subjunxit.

1101 2447 114 42 Totum
1177 2447 88 42 hoc
1228 2447 126 42 factum
1316 2447 114 42 esse,
1392 2447 76 42 ut
1430 2447 177 42 impleretur
1569 2447 101 42 quod
1632 2447 88 42 ait
1682 2447 139 42 Dominus
1783 2447 88 42 per
1821 2447 76 42 Pro-

1102 2480 122 42 phetam,
1190 2480 100 42 Ecce,
1257 2480 100 42 virgo
1323 2480 88 42 illa
1378 2480 144 42 praegnans
1489 2480 100 42 erit,
1555 2480 55 42 &
1577 2480 111 42 pariet
1655 2480 122 42 filium,
1743 2480 55 42 &
1765 2480 122 42 vocabis
1843 2480 55 42 no-

1102 2513 82 41 men
1149 2513 94 41 eius
1208 2513 176 41 Emmanuelem,
1349 2513 94 41 quod
1408 2513 94 41 est,
1466 2513 70 41 si
1502 2513 211 41 interpreteris,
1678 2513 141 41 Nobiscum
1784 2513 106 41 Deus,
1842 2513 59 41 Mat

1093 2548 70 38 I.
1128 2548 70 38 v.
1163 2548 82 38 20.
1210 2548 58 38 &
1233 2548 105 38 seqq.
1303 2548 70 38 Ex
1338 2548 93 38 illa
1396 2548 128 38 Virgine
1490 2548 105 38 Maria
1559 2548 140 38 Christum
1664 2548 105 38 natum
1734 2548 105 38 esse,
1792 2548 117 38 testatur

1102 2580 57 47 &
1124 2580 102 47 Lucas
1192 2580 91 47 cap.
1238 2580 45 47 2.

1141 2613 98 41 Quod
1202 2613 110 41 autem
1276 2613 123 41 Genes.
1361 2613 74 41 3.
1398 2613 74 41 v.
1435 2613 86 41 15.
1484 2613 147 41 Christus
1594 2613 135 41 vocatur
1692 2613 110 41 semen
1766 2613 159 41 mulieris,
1876 2613 37 41 &

1098 2645 97 40 Gal.
1158 2645 73 40 4.
1195 2645 109 40 vers.
1267 2645 73 40 4.
1304 2645 121 40 Paulus
1388 2645 121 40 dicit,
1473 2645 145 40 Christum
1582 2645 109 40 natum
1655 2645 73 40 ex
1691 2645 145 40 muliere;
1800 2645 61 40 &
1812 2645 85 40 Chri-

1099 2679 96 39 stus
1159 2679 96 39 ipse
1219 2679 120 39 matrem
1302 2679 96 39 suam
1362 2679 143 39 appellat
1470 2679 155 39 mulierem:
1589 2679 72 39 ex
1625 2679 72 39 eo
1661 2679 84 39 non
1709 2679 155 39 sequitur,
1816 2679 84 39 illum

1095 2718 88 39 non
1146 2718 100 39 esse
1208 2718 113 39 natum
1284 2718 75 39 ex
1321 2718 150 39 virgine.
1434 2718 100 39 Illa
1497 2718 100 39 enim
1559 2718 138 39 vocatur
1660 2718 138 39 mulier,
1760 2718 88 39 non
1810 2718 75 39 ut
1835 2718 63 39 op-

1106 2752 125 40 onitur
1194 2752 150 40 Virgini,
1307 2752 100 40 fuit
1369 2752 100 40 enim
1432 2752 63 40 &
1457 2752 125 40 mansit
1545 2752 113 40 Maria
1620 2752 113 40 Virgo
1695 2752 188 40 incorrupta:
1845 2752 88 40 sed

1105 2784 100 33 rimo
1167 2784 112 33 sexus
1242 2784 150 33 ratione.
1354 2784 150 33 Secundo,
1467 2784 100 33 quia
1529 2784 87 33 jam
1579 2784 150 33 desponsa
1692 2784 62 33 &
1717 2784 112 33 nupta
1792 2784 100 33 fuit
1842 2784 62 33 Jo-

1092 2818 122 38 sepho:
1177 2818 73 38 ex
1214 2818 110 38 nupta
1288 2818 110 38 autem
1361 2818 110 38 nasci
1435 2818 147 38 Christus
1545 2818 135 38 debuit,
1643 2818 98 38 quia
1704 2818 73 38 in
1729 2818 171 38 praedictione

1099 2851 112 37 Genes.
1177 2851 67 37 3.
1211 2851 67 37 v.
1244 2851 78 37 15.
1289 2851 123 37 seminis
1378 2851 78 37 sit
1423 2851 123 37 mentio,
1512 2851 89 37 quod
1568 2851 89 37 nisi
1624 2851 112 37 plenis
1702 2851 123 37 nubilis
1791 2851 101 37 annis
1847 2851 56 37 ha-

1096 2884 87 32 bere
1151 2884 76 32 non
1194 2884 120 32 potest.
1281 2884 87 32 Hinc
1336 2884 120 32 dicitur
1423 2884 109 32 Matth.
1500 2884 65 32 1.
1532 2884 65 32 v.
1565 2884 76 32 18.
1609 2884 87 32 Iesu
1663 2884 120 32 Christi
1750 2884 142 32 nativitas
1848 2884 55 32 ita

1098 2918 106 35 fuit:
1169 2918 94 35 Quum
1227 2918 94 35 enim
1286 2918 106 35 mater
1357 2918 94 35 eius
1415 2918 106 35 Maria
1486 2918 141 35 desponsa
1592 2918 106 35 esset
1662 2918 141 35 Iosepho,
1768 2918 153 35 priusquam

1093 2951 85 40 ipsi
1147 2951 181 40 convenissent,
1296 2951 128 40 comperta
1392 2951 75 40 est
1435 2951 139 40 praegnans
1541 2951 85 40 esse
1595 2951 53 40 e
1616 2951 117 40 Spiritu
1701 2951 117 40 Sancto.
1787 2951 64 40 Et
1819 2951 85 40 Gal.
1861 2951 43 40 4.

1084 2983 71 32 v.
1120 2983 71 32 4.
1155 2983 142 32 Postquam
1262 2983 107 32 venit
1333 2983 154 32 plenitudo
1451 2983 154 32 temporis,
1570 2983 118 32 emisit
1652 2983 95 32 Deus
1712 2983 118 32 Filium
1794 2983 95 32 suum
1842 2983 59 32 fa-

1092 3018 95 38 ctum
1152 3018 72 38 ex
1187 3018 143 38 muliere,
1295 3018 119 38 factum
1378 3018 95 38 Legi
1438 3018 167 38 subjectum.
1569 3018 143 38 Caeterum
1676 3018 72 38 ex
1712 3018 143 38 desponsa
1808 3018 83 38 atqui

1089 3051 101 31 adeo
1152 3051 76 31 ex
1190 3051 113 31 nupta
1266 3051 63 31 &
1291 3051 101 31 quae
1354 3051 113 31 virum
1429 3051 88 31 jam
1480 3051 138 31 haberet
1580 3051 113 31 matre
1656 3051 113 31 nasci
1731 3051 151 31 Christus
1832 3051 63 31 vo-

1092 3084 95 42 quit
1152 3084 119 42 magnis
1235 3084 72 42 de
1271 3084 131 42 causis,
1366 3084 119 42 quarum
1450 3084 155 42 nonnullae
1569 3084 143 42 respectu
1676 3084 155 42 ipsiusmet
1784 3084 107 42 Christ.

1088 3117 107 39 sunt,
1159 3117 130 39 quaedam
1254 3117 142 39 respectu
1361 3117 130 39 Mariae,
1456 3117 130 39 quaedam
1550 3117 142 39 respectu
1657 3117 130 39 nostri,
1752 3117 130 39 quaedam
1835 3117 59 39 res

1086 3152 118 41 spectu
1169 3152 130 41 antiqui
1263 3152 165 41 serpentis.
1393 3152 142 41 Respectu
1500 3152 154 41 ipsiusmet
1618 3152 130 41 Christi
1712 3152 94 41 sunt
1771 3152 94 41 hae.
1830 3152 71 41 1.
1854 3152 47 41 ne

1083 3185 137 43 tanquam
1182 3185 187 43 illegitimus
1331 3185 62 43 &
1356 3185 75 43 ex
1394 3185 187 43 scortatione
1543 3185 112 43 natus
1617 3185 75 43 ab
1655 3185 100 43 ullo
1717 3185 137 43 hominum
1804 3185 87 43 judi-

1086 3217 138 42 caretur.
1190 3217 69 42 2.
1225 3217 69 42 ut
1260 3217 115 42 ipsius
1340 3217 162 42 genealogia
1467 3217 104 42 juxta
1536 3217 185 42 Scripturarum
1686 3217 150 42 Sanctarum
1790 3217 104 42 consue
