2063 3477
185 189 150 48 tudinem,
298 189 75 48 ex
336 189 125 48 genere
423 189 150 48 Josephi,
536 189 88 48 qui
586 189 75 48 ut
624 189 125 48 Mariam
711 189 163 48 desponsam
836 189 100 48 sibi
886 189 88 48 habe-

189 220 88 58 bat,
244 220 77 58 itm
288 220 77 58 una
333 220 77 58 cum
377 220 88 58 ipsa
432 220 66 58 ex
465 220 122 58 familia
554 220 122 58 Davidis
642 220 100 58 erat,
709 220 199 58 describeretur,
874 220 55 58 &
897 220 77 58 sic
930 220 44 58 eo

191 261 138 49 gneiex,
292 261 100 49 etur
354 261 75 49 ex
392 261 125 49 quibus
479 261 163 49 majoribus
605 261 113 49 natus
680 261 125 49 esset.
767 261 75 49 3.
805 261 75 49 ut
842 261 138 49 haberet
930 261 50 49 in

184 276 84 59 sua
232 276 145 59 infantia
341 276 60 59 &
365 276 157 59 pueritia,
485 276 133 59 fugiens
581 276 72 59 in
618 276 145 59 AEgyptum
726 276 60 59 &
750 276 157 59 educandus
859 276 120 59 Natzare.

190 321 90 54 thae
246 321 56 54 a
269 321 79 54 quo
314 321 158 54 curaretur.
438 321 135 54 Respectu
539 321 113 54 Mariae
618 321 90 54 sunt
675 321 79 54 hae
720 321 124 54 causae:
810 321 68 54 1.
844 321 68 54 ut
878 321 90 54 ejus
923 321 56 54 fa-

184 360 78 48 mae
228 360 189 48 consuleretur,
384 360 67 48 ne
417 360 78 48 pro
462 360 111 48 scorto
540 360 156 48 haberetur.
662 360 67 48 2.
695 360 67 48 ut
728 360 89 48 ejus
784 360 111 48 saluti
851 360 122 48 consulere

186 397 96 46 tur,
246 397 72 46 ne
282 397 144 46 secundum
390 397 108 46 legem
462 397 120 46 Mosis,
546 397 72 46 ut
582 397 144 46 adultera
691 397 192 46 lapidaretur.
847 397 72 46 3.
883 397 72 46 ut
907 397 84 46 virum

187 424 150 51 haberet,
299 424 112 51 cujus
373 424 125 51 pallio
461 424 174 51 tegeretur,
598 424 62 51 a
623 424 87 51 quo
672 424 199 51 defenderetur
834 424 62 51 &
847 424 137 51 curaretur

185 465 88 41 cum
236 465 176 41 Bethichemi
374 465 138 41 pariens
474 465 138 41 Filium,
574 465 88 41 tum
625 465 75 41 in
662 465 151 41 AEgyptum
775 465 88 41 cum
825 465 113 41 filio
888 465 88 41 infan

185 498 68 36 te
219 498 136 36 fugiens.
321 498 136 36 Respectu
423 498 114 36 nostri
503 498 91 36 haec
560 498 102 36 causa
628 498 91 36 est,
685 498 68 36 ut
719 498 148 36 nativitas
833 498 91 36 ejus
878 498 114 36 omnibus.

187 523 157 51 fidelibus
308 523 85 51 tum
356 523 73 51 in
392 523 157 51 conjugio,
513 523 85 51 tum
562 523 109 51 extra
634 523 157 51 conjugium
755 523 169 51 viventibus
876 523 109 51 solatio

189 565 105 45 esset.
263 565 126 45 Respectu
358 565 116 45 antiqui
442 565 137 45 serpentis
548 565 84 45 haec
601 565 95 45 causa
664 565 84 45 est.
716 565 63 45 ut
748 565 63 45 ei
780 565 105 45 partus
854 565 116 45 Christi
927 565 53 45 ce-

192 591 75 59 da
229 591 124 59 retur,
316 591 87 59 dum
366 591 87 59 eum
415 591 112 59 putat
490 591 87 59 non
540 591 75 59 de
577 591 149 59 virgine,
689 591 87 59 sed
739 591 75 59 de
776 591 112 59 uxore
851 591 124 59 natum:
925 591 75 59 quam

188 627 126 45 cansam
276 627 151 45 Ignatius
390 627 126 45 Martyr
465 627 88 45 addit

218 661 114 45 Natus
294 661 88 45 est
345 661 151 45 Christus
458 661 114 45 matre
534 661 177 45 paupercula
673 661 63 45 &
698 661 114 45 fabro
774 661 151 45 lignario
874 661 114 45 despon-

195 684 105 60 sata,
266 684 70 60 ut
301 684 70 60 in
336 684 105 60 nobis
406 684 105 60 omnem
477 684 117 60 typhum
559 684 141 60 carnalis
664 684 176 60 nobilitatis
793 684 164 60 extingueret.

237 729 132 42 UOMODO
329 729 79 42 ex
368 729 118 42 Maria
447 729 145 42 Virgine
553 729 158 42 Christus
671 729 118 42 natus
750 729 105 42 sit,
816 729 158 42 ostendit
921 729 66 42 Lu-

194 765 84 44 cas
242 765 120 44 capite
326 765 72 44 2.
361 765 72 44 v.
397 765 72 44 7.
433 765 96 44 quum
493 765 96 44 ait,
553 765 131 44 PEPERIT
648 765 108 44 Maria
720 765 120 44 filium
804 765 96 44 suum
852 765 131 44 primogeni

200 797 88 35 tum,
255 797 98 35 justa
320 797 164 35 vaticinium,
452 797 98 35 Jesa.
517 797 66 35 7.
550 797 66 35 v.
583 797 77 35 14.
627 797 88 35 Ecce
682 797 98 35 Virgo
747 797 88 35 illa
802 797 142 35 concipiet
911 797 55 35 &
922 797 66 35 PARI

201 829 77 40 ET
240 829 140 40 Filium.
342 829 128 40 Verbum
431 829 166 40 PARIENDI&
558 829 77 40 in
597 829 153 40 historia
711 829 115 40 Lucae
788 829 64 40 &
813 829 77 40 in
839 829 153 40 vaticinic.

210 862 117 36 esaiae
292 862 128 36 proprie
385 862 175 36 accipiendum
525 862 93 36 est,
583 862 82 36 ita
630 862 70 36 ut
665 862 117 36 parere
746 862 93 36 idem
805 862 70 36 si
840 862 93 36 quod
898 862 117 36 foetum

197 897 73 42 ex
233 897 110 42 utero
307 897 122 42 aperto
393 897 135 42 tanquam
490 897 86 42 via
539 897 159 42 ordinaria
662 897 73 42 in
698 897 110 42 lucem
772 897 98 42 hanc
833 897 122 42 edere.
906 897 86 42 Nasc-

195 929 93 41 enim
254 929 70 41 ex
288 929 140 41 muliere,
393 929 81 41 non
440 929 81 41 est
486 929 116 41 eguedi
568 929 70 41 ex
602 929 140 41 umbilico
707 929 81 41 aut
754 929 70 41 ex
789 929 128 41 capite,
882 929 81 41 sed
928 929 70 41 ex
951 929 47 41 u-

188 965 102 36 tero
252 965 140 36 tanquam
354 965 165 36 ordinaria
481 965 102 36 via.
544 965 165 36 Statuimus
671 965 114 36 autem
748 965 153 36 Christum
862 965 89 36 ita
900 965 89 36 natum

195 998 71 51 ex
231 998 107 51 Maria
302 998 143 51 Virgine,
409 998 71 51 ut
445 998 119 51 vulvam
528 998 119 51 matris
611 998 167 51 aperuerit;
742 998 95 51 quod
802 998 155 51 sequentia
909 998 83 51 argu-

195 1026 113 43 menta
271 1026 176 43 ostendunt.

232 1061 70 41 I.
267 1061 93 41 Quia
325 1061 93 41 ipse
383 1061 81 41 est
429 1061 127 41 proprie
522 1061 185 41 primogenitus
673 1061 104 41 ille,
742 1061 81 41 qui
788 1061 93 41 vere
846 1061 116 41 primus
927 1061 58 41 &
939 1061 58 41 so-

196 1093 85 40 lus
244 1093 121 40 vulvam
329 1093 121 40 matris
414 1093 97 40 suae
474 1093 145 40 nascendo
583 1093 157 40 aperiens,
704 1093 97 40 vere
765 1093 133 40 sanctus
862 1093 97 40 fuit
910 1093 85 40 DOMI-

195 1128 84 38 N0.
243 1128 84 38 Nam
291 1128 96 38 quod
351 1128 108 38 Exod.
423 1128 84 38 13.
471 1128 108 38 vers.
543 1128 60 38 2
567 1128 168 38 praeceptum
700 1128 108 38 erat,
772 1128 144 38 Consecra
880 1128 96 38 mihi
928 1128 72 38 omne

194 1161 214 40 primogenitum,
371 1161 151 40 quicquid
484 1161 126 40 aperit
572 1161 126 40 vulvam
661 1161 113 40 ullam
736 1161 101 40 apud
799 1161 189 40 Israelitas,
938 1161 63 40 ac-

198 1201 158 33 commodat
317 1201 132 33 aperte
409 1201 119 33 Lucas
488 1201 198 33 Evangelista
647 1201 79 33 ad
686 1201 158 33 Christum
805 1201 158 33 Dominum,
924 1201 106 33 cap.

199 1230 65 36 2.
232 1230 75 36 22,
275 1230 65 36 23
307 1230 86 36 quum
361 1230 86 36 ait:
415 1230 65 36 Et
447 1230 86 36 quum
501 1230 119 36 impleti
587 1230 129 36 fuissent
684 1230 86 36 dies
738 1230 162 36 purgationis
868 1230 97 36 ejus,
922 1230 75 36 secu-

198 1262 86 36 dum
247 1262 110 36 Legem
320 1262 122 36 Mosis,
405 1262 171 36 adduxerunt
540 1262 86 36 eum
589 1262 195 36 Ierosolymam,
747 1262 73 36 ut
784 1262 159 36 sisterent
906 1262 86 36 eum
943 1262 61 36 Do-

206 1293 101 47 mino:
273 1293 101 47 Prout
340 1293 134 47 scriptum
441 1293 78 47 est
485 1293 67 47 in
519 1293 89 47 Lege
575 1293 123 47 Domini,
877 1293 123 47 ,-

294 1330 107 37 R
365 1330 178 37 ,
508 1330 71 37 id
544 1330 95 37 est,
603 1330 107 37 Omnis
674 1330 143 37 masculus
781 1330 166 37 aduperiens
900 1330 107 37 vulvam,

195 1364 137 44 sanctum
294 1364 125 44 Domino
381 1364 174 44 vocabitur.
518 1364 87 44 Quo
568 1364 100 44 ipso
630 1364 162 44 perspicue
755 1364 174 44 indicatur,
879 1364 125 44 Christum

195 1391 158 50 nascentem
317 1391 122 50 matris
402 1391 97 50 suae
463 1391 122 50 vulvam
536 1391 146 50 aperuisse.

230 1421 90 45 II.
281 1421 103 45 Quia
346 1421 103 45 ejus
410 1421 115 45 mater
487 1421 115 45 Maria
564 1421 64 45 a
589 1421 167 45 sanguinis
718 1421 167 45 profluvio
846 1421 103 45 post
897 1421 103 45 partum

198 1460 156 48 puerperis
318 1460 144 48 consueto
426 1460 132 48 purgata
522 1460 108 48 fuit;
594 1460 72 48 ut
631 1460 144 48 testatur
739 1460 108 48 Lucas
811 1460 180 48 Euangelista
943 1460 60 48 di-

205 1500 87 34 cens
259 1500 87 34 cap.
314 1500 65 34 2.
346 1500 65 34 v.
379 1500 76 34 22.
422 1500 87 34 Quum
476 1500 119 34 impleti
563 1500 130 34 fuissent
660 1500 87 34 dies
714 1500 163 34 purgationis
844 1500 98 34 ejus,
909 1500 98 34 ms,
964 1500 43 34 ut

198 1532 91 38 est
250 1532 78 38 in
289 1532 117 38 textu
367 1532 130 38 Graeco
457 1532 117 38 nempe
535 1532 143 38 Mariae.
639 1532 182 38 Quaecunque
782 1532 117 38 mater
859 1532 104 38 post
911 1532 104 38 partum

215 1561 135 35 purgatur
316 1561 56 35 a
338 1561 146 35 profluvio
451 1561 146 35 sanguinis
563 1561 146 35 puerperis
676 1561 146 35 consueto,
788 1561 112 35 illius
867 1561 101 35 certe
923 1561 90 35 uterum

205 1596 112 41 foetus
283 1596 145 41 aperuerit
394 1596 123 41 necesse
484 1596 89 41 est.
539 1596 123 41 Sanguis
629 1596 89 41 enim
684 1596 89 41 ille
740 1596 67 41 ex
774 1596 100 41 utero
841 1596 134 41 profluit
941 1596 67 41 in
963 1596 56 41 quo

204 1626 115 49 infans
285 1626 127 49 jacuit.
377 1626 69 49 At
412 1626 104 49 Maria
481 1626 127 49 Christi
573 1626 104 49 mater
642 1626 92 49 post
699 1626 115 49 partum
780 1626 127 49 purgata
872 1626 92 49 fuit
929 1626 58 49 a
941 1626 69 49 pro-

208 1661 118 37 fluvio
291 1661 154 37 sanguinis
409 1661 154 37 puerperis
528 1661 154 37 consueto,
646 1661 107 37 teste
717 1661 107 37 Luca:
788 1661 95 37 Ergo
847 1661 118 37 Mariae
918 1661 95 37 matris

201 1698 94 41 suae
260 1698 118 41 uterum
343 1698 141 41 Christus
449 1698 130 41 nascens
531 1698 118 41 aperuit.

236 1716 77 48 Ad
275 1716 116 48 istud
352 1716 180 48 argumentum
494 1716 167 48 excipiunt
623 1716 142 48 quidam,
726 1716 142 48 majorem
816 1716 193 48 propositionem

214 1757 99 45 veram
280 1757 88 45 esse
335 1757 66 45 de
368 1757 99 45 matre
435 1757 88 45 quae
490 1757 110 45 revera
567 1757 88 45 post
622 1757 110 45 partum
699 1757 121 45 purgata
787 1757 99 45 fuit,
854 1757 99 45 nempe
920 1757 88 45 quae
964 1757 55 45 cum

211 1794 125 39 peccato
302 1794 160 39 conceperat
427 1794 114 39 prolem
507 1794 103 39 suam,
576 1794 68 39 ac
610 1794 125 39 proinde
701 1794 103 39 partu
769 1794 148 39 inquinata
884 1794 125 39 fuerat:
963 1794 46 39 de

201 1825 106 48 Maria
272 1825 106 48 autem
343 1825 82 48 hoc
390 1825 82 48 non
437 1825 106 48 posse
496 1825 82 48 dici.

242 1860 89 40 Sed
293 1860 114 40 major
369 1860 165 40 propontio
496 1860 216 40 universaliter
673 1860 101 40 vera
737 1860 89 40 est
787 1860 76 40 de
826 1860 101 40 omni
876 1860 127 40 puerpera

207 1891 87 36 nam
256 1891 87 36 nec
306 1891 162 36 puerperis
431 1891 100 36 quae
494 1891 87 36 cum
544 1891 137 36 peccato
644 1891 200 36 conceperant,
806 1891 125 36 uterus
881 1891 125 36 aperitur

215 1922 72 44 ob
251 1922 157 44 peccatum,
372 1922 84 44 sed
420 1922 72 44 ob
456 1922 120 44 foetum
540 1922 72 44 ex
576 1922 108 44 utero
649 1922 193 44 egredientem:
805 1922 145 44 alioquin
914 1922 72 44 si
938 1922 60 44 pri

210 1954 74 39 mi
247 1954 149 39 parentes
358 1954 124 39 nostri
445 1954 136 39 integii
544 1954 186 39 mansissent,
693 1954 112 39 omnes
767 1954 136 39 homines
867 1954 124 39 clauso
941 1954 62 39 ma-

217 1996 95 36 terno
281 1996 95 36 utero
344 1996 84 36 nati
397 1996 126 36 fuissent
491 1996 74 36 aut
533 1996 95 36 nasci
597 1996 158 36 debuissent.
723 1996 116 36 Deinde,
807 1996 74 36 lex
850 1996 84 36 illa
902 1996 63 36 de
923 1996 74 36 sepa-

212 2028 140 39 ratione
314 2028 64 39 &
340 2028 217 39 purificatione
518 2028 191 39 puerperatum
672 2028 140 39 sancita
774 2028 102 39 fuit
837 2028 64 39 a
863 2028 140 39 Domino,
952 2028 64 39 non

216 2060 75 39 ad
254 2060 138 39 peccati
355 2060 201 39 expiationem,
518 2060 88 39 sed
569 2060 75 39 ad
606 2060 164 39 naturalis
732 2060 164 39 profluvii
845 2060 164 39 purgationem

217 2088 127 38 Tertio,
310 2088 92 38 etsi
367 2088 104 38 Maria
437 2088 92 38 sine
494 2088 127 38 peccato
586 2088 173 38 conceperat;
725 2088 69 38 ac
759 2088 127 38 proinde
852 2088 104 38 partu
909 2088 104 38 Christi

214 2119 153 43 inquinata
332 2119 82 43 non
379 2119 106 43 fuit,
449 2119 82 43 sed
496 2119 117 43 potius
578 2119 199 43 sanctificata:
742 2119 106 43 tamen
813 2119 164 43 profluvium
930 2119 82 43 illud

221 2150 153 50 sanguinis
339 2150 71 50 ex
374 2150 94 50 lege
433 2150 130 50 naturae
527 2150 82 50 est
574 2150 165 50 puerperis;
704 2150 94 50 unde
763 2150 165 50 profluvium
881 2150 130 50 puerperia

214 2184 149 49 naturale
326 2184 112 49 Maria
400 2184 137 49 experta
500 2184 100 49 est,
562 2184 62 49 &
587 2184 100 49 ritu
649 2184 149 49 legitimo
761 2184 75 49 in
798 2184 187 49 separatione
935 2184 87 49 fuit,

218 2221 125 45 eamque
306 2221 163 45 religiose
432 2221 188 45 observavit,
582 2221 75 45 ut
620 2221 201 45 obsequeretur
783 2221 113 45 Legi.
858 2221 113 45 teste
921 2221 88 45 Luca.

224 2250 83 49 dem
272 2250 167 49 agnoverunt
403 2250 60 49 &
427 2250 179 49 observarunt
569 2250 131 49 Partes.
665 2250 143 49 Origenes
772 2250 71 49 in
808 2250 107 49 Lucam
879 2250 95 49 ait,
927 2250 83 49 Chri-

219 2290 97 43 stum
280 2290 146 43 cruentum
389 2290 73 43 ex
426 2290 109 43 utero
486 2290 134 43 prodiisse

260 2315 93 53 III
313 2315 160 53 Christum
433 2315 160 53 puerulum
553 2315 133 53 aperto
646 2315 120 53 utero
726 2315 147 53 materno
833 2315 80 53 in
872 2315 120 53 lucem
939 2315 80 53 edi-

219 2356 90 41 tum
271 2356 103 41 ante
335 2356 103 41 nos,
400 2356 129 41 Patres
490 2356 142 41 veteres
593 2356 142 41 aliquot
696 2356 194 41 statuerunt:
838 2356 181 41 TERTULLIANVS

226 2385 93 45 lib.
285 2385 70 45 de
320 2385 70 45 de
355 2385 105 45 carne
425 2385 140 45 Christi,
529 2385 128 45 scripto
623 2385 70 45 ab
658 2385 93 45 ipso
716 2385 93 45 quum
774 2385 105 45 adhuc
844 2385 163 45 Catholicus
961 2385 58 45 es-

221 2420 80 46 set
266 2420 137 46 adversus
369 2420 126 46 quatuor
461 2420 149 46 haereses,
575 2420 114 46 capite
656 2420 218 46 vigesimotertio:
839 2420 92 46 Etsi
896 2420 103 46 Virgo
953 2420 69 46 con-

220 2452 106 46 cepit,
294 2452 63 46 in
326 2452 95 46 pariu
390 2452 74 46 suo
432 2452 116 46 nupsit,
516 2452 85 46 ipsa
569 2452 137 46 patefacti
675 2452 127 46 corporis
770 2452 95 46 lege:
833 2452 63 46 in
865 2452 74 46 quo
907 2452 95 46 nihil
960 2452 53 46 in-

230 2474 110 56 terfuit
310 2474 60 56 de
340 2474 60 56 vi
370 2474 110 56 masculi
450 2474 120 56 admissi,
540 2474 60 56 an
570 2474 110 56 emissi,
650 2474 60 56 id
680 2474 80 56 est,
730 2474 90 56 illud
790 2474 90 56 sexus
850 2474 150 56 resignavit.
970 2474 80 56 Haec
1010 2474 30 56 I

229 2513 122 50 dentque
318 2513 100 50 vulva
384 2513 89 50 est,
440 2513 122 50 propter
528 2513 89 50 quam
584 2513 55 50 &
606 2513 67 50 de
639 2513 100 50 aliis
706 2513 133 50 scriptum
805 2513 89 50 est:
861 2513 89 50 Omne
905 2513 111 50 masculi-

229 2556 85 40 num
278 2556 171 40 adaperiens
412 2556 134 40 vulvam,
510 2556 134 40 sanctum
607 2556 159 40 vocabitur
729 2556 134 40 Domino.
827 2556 98 40 Quis
888 2556 98 40 vere
937 2556 73 40 san-

229 2578 107 51 ctus,
300 2578 95 51 quam
359 2578 83 51 Dei
407 2578 130 51 Filius?
501 2578 95 51 Quis
561 2578 130 51 proprie
655 2578 118 51 vulvam
738 2578 189 51 adaperuerit,
892 2578 95 51 quam
951 2578 95 51 qui

229 2616 124 49 clausam
319 2616 157 49 patefecit?
442 2616 135 49 Caeterum
543 2616 124 49 omnibus
633 2616 124 49 nuptiae
723 2616 180 49 patefaciunt.
869 2616 112 49 Itaque
936 2616 79 49 magis

232 2646 144 53 patefacta
343 2646 89 53 est,
398 2646 89 53 quia
453 2646 100 53 magis
520 2646 89 53 erat
575 2646 122 53 clausa.
664 2646 66 53 Et
697 2646 100 53 paulo
763 2646 100 53 post:
830 2646 66 53 Et
863 2646 89 53 quid
918 2646 100 53 ultra
974 2646 44 53 de

230 2685 78 45 hoc
274 2685 177 45 retractandum
418 2685 89 45 est?
474 2685 89 45 quum
529 2685 78 45 hac
574 2685 122 45 ratione
662 2685 144 45 Apostolus
773 2685 78 45 non
817 2685 67 45 ex
851 2685 133 45 Virgine,
950 2685 78 45 sed
984 2685 44 45 ex

230 2719 126 48 muliere
321 2719 114 48 editum
401 2719 114 48 Filium
481 2719 80 48 Dei
527 2719 195 48 pronunciavit,
687 2719 126 48 agnovit
779 2719 149 48 adapertae
893 2719 114 48 vubbae
962 2719 57 48 nu-

223 2760 125 46 ptialem
302 2760 137 46 passionem.

262 2772 160 60 ORIGENES
382 2772 147 60 secundo
488 2772 120 60 tomo,
568 2772 147 60 homilia
675 2772 213 60 decimaquarta
849 2772 80 60 in
889 2772 133 60 Lucam:
969 2772 53 60 O-

225 2813 93 55 mne
278 2813 159 55 (inquit)
397 2813 185 55 masculinum
543 2813 106 55 quod
609 2813 132 55 aperit
702 2813 146 55 vulvam,
808 2813 159 55 sacratum
914 2813 132 55 quippiam

239 2846 112 50 sonat.
317 2846 157 50 Quemcunque
440 2846 90 50 enim
496 2846 67 50 de
530 2846 101 50 utero
597 2846 123 50 effusum
686 2846 101 50 marem
753 2846 134 50 dixeris,
854 2846 78 50 non
899 2846 78 50 sic
932 2846 90 50 aperit

237 2884 124 46 vulvum
324 2884 124 46 matris
410 2884 112 46 suae,
485 2884 75 46 ut
522 2884 137 46 Dominus
622 2884 124 46 Iesus:
709 2884 99 46 quia
771 2884 124 46 omnium
858 2884 149 46 mulierum
957 2884 62 46 non

228 2912 113 59 partus
307 2912 147 59 infantis,
419 2912 79 59 sed
464 2912 90 59 viri
521 2912 113 59 coitus
600 2912 113 59 vulvam
679 2912 135 59 reserat.
780 2912 113 59 Matris
859 2912 90 59 vero
915 2912 113 59 Domini
983 2912 45 59 eo

232 2947 126 48 tempore
323 2947 103 48 vulva
392 2947 138 48 reserata
496 2947 92 48 est,
553 2947 80 48 quo
599 2947 57 48 &
622 2947 115 48 partus
702 2947 126 48 editus,
794 2947 92 48 quia
852 2947 126 48 sanctum
932 2947 92 48 uterum

227 2981 62 47 &
251 2981 99 47 omni
313 2981 173 47 dignatione
449 2981 198 47 venerationis
610 2981 173 47 venerandum
746 2981 99 47 ante
808 2981 185 47 nativitatem
943 2981 87 47 Chri-

238 3024 76 47 sti
282 3024 130 47 masculus
379 3024 108 47 omnino
455 3024 76 47 non
499 3024 130 47 tetigit.

264 3038 210 55 AMEROSIUS
426 3038 129 55 ipse
506 3038 162 55 quoque
620 3038 259 55 commentariis
830 3038 97 55 in
862 3038 162 55 secundum

230 3079 115 54 caput
307 3079 115 54 Lucae
383 3079 89 54 ait
434 3079 76 54 de
472 3079 153 54 Christo:
587 3079 89 54 Hic
638 3079 115 54 solus
714 3079 140 54 aperuit
816 3079 102 54 sibi
880 3079 140 54 vulvam.
969 3079 51 54 Et

224 3117 115 53 mox:
296 3117 101 53 Qui
353 3117 115 53 ergo
425 3117 144 53 vulvam
526 3117 245 53 sanctificavit
728 3117 173 53 alienam,
858 3117 87 53 ut
887 3117 144 53 nascere-

235 3148 91 48 tur
287 3148 168 48 Propheta,
416 3148 91 48 hic
468 3148 91 48 est
520 3148 91 48 qui
572 3148 142 48 aperuit
675 3148 130 48 matris
766 3148 104 48 suae
831 3148 142 48 vulvam,
934 3148 78 48 ut
960 3148 91 48 imma-

233 3193 115 44 culatus
306 3193 94 44 exiret.

249 3214 216 52 FULGENTIUS
419 3214 93 52 de
465 3214 247 52 Incarnatione
666 3214 77 52 &
697 3214 155 52 Gratia
805 3214 170 52 Christi
929 3214 93 52 ad
960 3214 77 52 Pe

1023 212 93 51 trum
1082 212 152 51 Diaconum,
1198 212 117 51 capite
1280 212 82 51 13.
1327 212 128 51 scribit
1420 212 70 51 in
1455 212 93 51 hunc
1514 212 117 51 modum:
1595 212 140 51 Christus
1701 212 117 51 solus,
1771 212 58 51 est

1024 248 148 45 masculus
1134 248 172 45 adaperiens
1270 248 135 45 vulvam,
1368 248 86 45 qui
1417 248 74 45 in
1454 248 148 45 veritate
1565 248 135 45 sanctus
1663 248 123 45 Domino
1737 248 86 45 voca-

1026 277 117 53 retur.
1108 277 117 53 Vulvam
1190 277 117 53 quippe
1272 277 117 53 matris
1354 277 105 53 ejus,
1425 277 82 53 non
1472 277 211 53 concupiscentia
1647 277 117 53 mariti
1718 277 105 53 concum-

1031 302 117 56 bentis,
1116 302 74 56 sed
1159 302 169 56 omnipotentia
1296 302 95 56 Filii
1360 302 138 56 nascentis
1455 302 106 56 aperuit.

1061 343 184 53 Catechismus
1208 343 123 53 contra
1294 343 135 53 Romanus
1393 343 111 53 parte
1466 343 123 53 prima,
1553 343 123 53 capite
1639 343 135 53 quarto,
1725 343 98 53 respo-

1025 369 107 56 sione
1097 369 71 56 ad
1132 369 179 56 quaestionem
1275 369 131 56 octavam
1370 369 119 56 docet,
1454 369 95 56 quod
1513 369 143 56 Christus
1620 369 107 56 natus
1692 369 83 56 sit
1728 369 83 56 clau-

1029 404 77 51 so
1068 404 142 51 manente
1171 404 116 51 utero
1248 404 129 51 matris
1338 404 142 51 Mariae,
1441 404 64 51 &
1467 404 116 51 addit
1544 404 142 51 aliquot
1634 404 180 51 probationes.

1034 442 115 49 Verba
1111 442 179 49 Catechismi
1251 442 115 49 sunt:
1328 442 192 49 Quemadmodum
1481 442 166 49 conceptio
1609 442 102 49 ipsa
1673 442 140 49 naturae
1762 442 64 49 or-

1040 472 101 56 linem
1107 472 123 56 prorsus
1197 472 123 56 vincit:
1286 472 78 56 ita
1331 472 67 56 in
1365 472 90 56 ortu
1421 472 101 56 nihil
1488 472 78 56 non
1533 472 123 56 divinum
1623 472 101 56 licet
1679 472 134 56 contemplar

1033 508 156 42 Praeterea,
1156 508 78 42 quo
1200 508 100 42 nihil
1267 508 179 42 admirabilius
1412 508 89 42 dici
1468 508 112 42 omnino
1546 508 78 42 aut
1591 508 134 42 cogitari
1691 508 123 42 potist,
1769 508 56 42 na-

1035 540 116 43 scitur
1117 540 70 43 ex
1151 540 104 43 matre
1221 540 93 43 sine
1279 540 93 43 ulla
1337 540 139 43 maternae
1442 540 186 43 virginitatis
1592 540 186 43 diminutione,
1743 540 58 43 &
1755 540 58 43 quo

1038 576 84 48 modo
1091 576 105 48 postea
1165 576 63 48 ex
1197 576 137 48 sepulchro
1302 576 105 48 clauso
1376 576 53 48 &
1397 576 137 48 obsignato
1503 576 127 48 egressus
1597 576 84 48 est,
1650 576 95 48 atque
1714 576 63 48 ad
1735 576 84 48 disci-

1041 609 92 41 pulos
1102 609 113 41 clausis
1184 609 103 41 januis
1256 609 144 41 introivit:
1369 609 82 41 vel,
1420 609 62 41 ne
1451 609 51 41 a
1471 609 92 41 rebus
1533 609 92 41 etiam
1594 609 82 41 quae
1646 609 103 41 natura
1707 609 113 41 quotidie.

1039 639 101 43 fieri
1106 639 135 43 videmus,
1208 639 169 43 discedatur,
1343 639 79 43 quo
1388 639 90 43 modo
1444 639 101 43 Solis
1512 639 101 43 radii
1579 639 146 43 concretam
1692 639 101 43 vitri
1748 639 68 43 sub-

1033 674 133 47 stantiam
1133 674 155 47 penetrant,
1255 674 100 47 neque
1322 674 133 47 frangunt
1421 674 111 47 tamen,
1499 674 78 47 aut
1544 674 111 47 aliqua
1621 674 67 47 ex
1655 674 100 47 parte
1710 674 111 47 laedunt:

1043 703 124 43 simili,
1133 703 124 43 inquam,
1224 703 57 43 &
1246 703 124 43 altiori
1337 703 102 43 modo,
1405 703 102 43 Iesus
1472 703 136 43 Christus
1574 703 68 43 ex
1608 703 124 43 materna
1699 703 102 43 alvo,
1755 703 68 43 sine

1030 746 88 43 ullo
1085 746 132 43 maternae
1184 746 176 43 Virginitatis
1327 746 154 43 detrimento
1447 746 110 43 editus
1524 746 88 43 est,
1579 746 110 43 ipsius
1656 746 88 43 enim
1700 746 132 43 incorrupta

1046 768 57 46 &
1068 768 149 46 perpetuam
1183 768 184 46 virginitatem
1332 768 161 46 verissimis
1459 768 138 46 laudibus
1562 768 172 46 celebramus.
1700 768 92 46 Quod
1757 768 92 46 qui

1036 805 74 39 dem
1079 805 128 39 Spiritus
1175 805 106 39 Sancti
1249 805 117 39 virtute
1334 805 128 39 effectum
1430 805 85 39 est,
1483 805 74 39 qui
1525 805 64 39 in
1557 805 96 39 Filii
1621 805 159 39 conceptione
1749 805 53 39 &
1759 805 64 39 par

1042 868 119 46 nitatem
1118 868 151 46 conservarit.

1078 908 86 44 dem
1127 908 184 44 responsione
1274 908 74 44 ad
1311 908 184 44 quaestionem
1458 908 135 44 decimam
1556 908 135 44 probare
1654 908 135 44 nititur
1752 908 74 44 ex
1776 908 49 44 e-

1043 949 79 45 44.
1088 949 158 45 Ezechielis
1212 949 79 45 per
1257 949 113 45 portam
1336 949 158 45 sanctuarii
1460 949 90 45 quam
1516 949 135 45 Propheta
1618 949 101 45 vidit
1685 949 135 45 clausam;
1787 949 68 45 Et

1035 983 69 42 ex
1070 983 93 42 cap.
1128 983 69 42 3.
1163 983 93 42 Exod
1221 983 81 42 per
1267 983 116 42 rubum,
1348 983 93 42 quem
1406 983 104 42 Moses
1475 983 104 42 vidit
1544 983 116 42 ardere
1625 983 58 42 &
1649 983 81 42 non
1683 983 116 42 comburi-

1069 1023 133 42 Primum
1162 1023 107 42 ergo
1229 1023 187 42 argumentum
1375 1023 173 42 hujusmodi
1495 1023 80 42 est:

1079 1056 137 44 Christus
1181 1056 103 44 natus
1250 1056 80 44 est
1295 1056 68 44 ex
1330 1056 103 44 matre
1398 1056 91 44 sine
1455 1056 91 44 ulla
1512 1056 137 44 maternae
1615 1056 183 44 virginitatis
1752 1056 80 44 dimi-

1050 1092 134 45 autione
1148 1092 61 45 &
1172 1092 183 45 detrimento:
1319 1092 98 45 Ergo
1380 1092 134 45 prodiit
1478 1092 73 45 in
1514 1092 110 45 lucem
1588 1092 134 45 materna
1685 1092 98 45 alvo
1734 1092 98 45 clausa

1027 1125 136 31 manente.

1070 1154 105 43 RESP.
1140 1154 163 43 Propositio
1269 1154 117 43 major,
1350 1154 93 43 quae
1408 1154 198 43 dissimulatur,
1572 1154 82 43 est
1618 1154 117 43 falsa.
1700 1154 105 43 Causa
1758 1154 70 43 fale

1042 1181 129 47 sitatis
1136 1181 82 47 est
1183 1181 106 47 falsa
1254 1181 153 47 definitio
1371 1181 153 47 Virginis.
1489 1181 106 47 Virgo
1559 1181 94 47 enim
1618 1181 129 47 proprie
1712 1181 82 47 est
1747 1181 94 47 mulier

1053 1221 93 41 quam
1111 1221 116 41 nullus
1193 1221 81 41 vir
1239 1221 151 41 cognovit;
1356 1221 81 41 non
1402 1221 116 41 autem,
1483 1221 93 41 quae
1541 1221 128 41 peperit
1634 1221 116 41 clausa
1716 1221 105 41 alvo:
1774 1221 58 41 Sic

1049 1258 90 34 enim
1105 1258 101 34 nulla
1173 1258 124 34 fuisset
1263 1258 124 34 unquam,
1353 1258 101 34 nulla
1420 1258 101 34 esset
1488 1258 101 34 Virgo
1555 1258 68 34 in
1589 1258 101 34 rerum
1656 1258 124 34 natura.
1746 1258 90 34 Etsi
1791 1258 34 34 i

1058 1288 100 40 gitur
1124 1288 100 40 Maria
1191 1288 100 40 mater
1257 1288 122 40 Christi
1346 1288 67 40 ex
1379 1288 100 40 utero
1446 1288 111 40 aperto
1524 1288 111 40 filium
1601 1288 67 40 in
1634 1288 100 40 lucem
1701 1288 122 40 edidit:
1779 1288 55 40 ta-

1054 1323 78 40 men
1098 1323 100 40 sicut
1165 1323 100 40 Virgo
1232 1323 145 40 concepit,
1344 1323 78 40 ita
1389 1323 100 40 etiam
1456 1323 100 40 virgo
1523 1323 134 40 peperit:
1623 1323 89 40 quia
1679 1323 78 40 nec
1712 1323 123 40 Josephus,

1051 1355 78 34 nec
1095 1355 100 34 ullus
1162 1355 100 34 alius
1229 1355 133 34 cognovit
1328 1355 78 34 eam
1373 1355 133 34 quousque
1473 1355 155 34 peperisset
1595 1355 111 34 filium
1673 1355 89 34 suum
1717 1355 111 34 primoge-

1052 1389 111 41 nitum,
1130 1389 67 41 ut
1163 1389 122 41 legitur
1252 1389 111 41 Matth.
1330 1389 67 41 1.
1364 1389 78 41 25.
1408 1389 89 41 Fuit
1464 1389 111 41 igitur
1542 1389 100 41 Virgo
1608 1389 89 41 ante
1664 1389 122 41 parium,
1742 1389 89 41 mansit

1056 1421 106 40 Virgo
1127 1421 71 40 in
1163 1421 118 40 partu,
1245 1421 118 40 mansit
1328 1421 106 40 etiam
1399 1421 118 40 procul
1482 1421 106 40 dubio
1553 1421 106 40 Virgo
1624 1421 95 40 post
1683 1421 130 40 partum:
1766 1421 71 40 quod

1056 1453 93 34 inde
1114 1453 174 34 colligitur,
1253 1453 93 34 quia
1311 1453 127 34 Christo
1404 1453 81 34 jam
1450 1453 93 34 nato
1508 1453 104 34 annos
1578 1453 151 34 duodecim,
1693 1453 116 34 nullam
1763 1453 81 34 prae-

1060 1490 101 33 terea
1127 1490 112 33 prolem
1206 1490 123 33 habuit,
1295 1490 56 33 &
1318 1490 90 33 quia
1374 1490 123 33 tempore
1464 1490 146 33 passionis
1576 1490 56 33 &
1598 1490 112 33 mortis
1677 1490 123 33 Christi
1767 1490 56 33 a
1778 1490 56 33 Jo-

1063 1519 102 35 nanne
1131 1519 170 35 Evangelista
1267 1519 91 35 sola
1324 1519 68 35 in
1358 1519 102 35 aedes
1426 1519 147 35 suscepta,
1539 1519 79 35 nec
1584 1519 113 35 ullibi
1664 1519 79 35 vel
1709 1519 125 35 minimum
1789 1519 45 35 in

1056 1550 117 39 dicium
1138 1550 152 39 reperitur
1255 1550 82 39 quo
1301 1550 128 39 liberos
1394 1550 117 39 plures
1476 1550 163 39 pepererit.
1604 1550 82 39 Ita
1651 1550 70 39 ex
1686 1550 152 39 Scriptura
1791 1550 58 39 Sa-

1049 1584 80 37 cra
1094 1584 137 37 perpetua
1197 1584 160 37 virginitas
1323 1584 114 37 Mariae
1403 1584 126 37 probari
1483 1584 103 37 potest.

1087 1621 169 42 Secundum
1214 1621 198 42 argumentum
1369 1621 198 42 Catechismi
1524 1621 141 42 Romani
1623 1621 127 42 istud
1708 1621 113 42 est,
1764 1621 85 42 Quo-

1055 1664 82 42 modo
1106 1664 123 42 Christus
1199 1664 103 42 postea
1271 1664 62 42 ex
1301 1664 134 42 sepulthro
1404 1664 123 42 egressus
1497 1664 82 42 est,
1548 1664 92 42 atque
1610 1664 62 42 ad
1640 1664 144 42 discipulos
1754 1664 82 42 post
1795 1664 51 42 re-

1052 1695 178 39 surrectionem
1196 1695 156 39 introivit:
1319 1695 78 39 ita
1363 1695 100 39 etiam
1430 1695 67 39 ex
1463 1695 100 39 utero
1530 1695 111 39 matris
1608 1695 133 39 egressus
1708 1695 89 39 est.
1763 1695 100 39 Atqui

1058 1727 63 31 ex
1090 1727 137 31 sepulchro
1196 1727 106 31 clauso
1270 1727 53 31 &
1291 1727 137 31 obsignato
1396 1727 127 31 egressus
1491 1727 84 31 est,
1544 1727 95 31 atque
1607 1727 63 31 ad
1639 1727 148 31 discipulos
1755 1727 84 31 post
1797 1727 53 31 re-

1064 1759 170 42 surrectionem
1202 1759 117 42 clausis
1287 1759 106 42 januis
1362 1759 149 42 introivit:
1478 1759 85 42 Ergo
1532 1759 96 42 etiam
1595 1759 64 42 ex
1627 1759 96 42 utero
1691 1759 106 42 matris
1754 1759 96 42 clauso-

1056 1790 113 48 egressus
1131 1790 47 48 est

1077 1807 116 53 RESP.
1154 1807 155 53 Assumtio
1270 1807 142 53 laborat
1373 1807 155 53 fallacia
1489 1807 155 53 secundum
1605 1807 116 53 plura
1670 1807 180 53 interrogata.

1052 1853 129 41 Primum
1142 1853 154 41 negatur:
1258 1853 90 41 nam
1309 1853 154 41 Christus
1425 1853 90 41 non
1477 1853 77 41 ex
1515 1853 167 41 sepulchro
1644 1853 129 41 clauso
1721 1853 116 41 manent.

1054 1889 133 43 egressus
1154 1889 78 43 est
1198 1889 89 43 quia
1253 1889 122 43 nullibi
1342 1889 144 43 Scriptura
1453 1889 67 43 id
1486 1889 144 43 testatur:
1597 1889 78 43 sed
1641 1889 111 43 contra
1719 1889 111 43 potius
1786 1889 55 43 ait

1060 1921 116 36 amotum
1141 1921 116 36 fuisse
1222 1921 69 36 ab
1257 1921 116 36 Angelo
1338 1921 104 36 saxum
1407 1921 69 36 ab
1442 1921 104 36 ostio
1512 1921 150 36 sepulchri
1627 1921 104 36 Matt.
1697 1921 81 36 28.
1743 1921 69 36 2.
1778 1921 58 36 &
1789 1921 58 36 fa-

1053 1955 92 35 ctum
1111 1955 104 35 simul
1180 1955 127 35 terrae-
1273 1955 115 35 motum,
1353 1955 69 35 eo
1388 1955 150 35 videlicet
1503 1955 138 35 momento,
1607 1955 81 35 quo
1653 1955 138 35 Christus
1746 1955 92 35 resur-

1054 1990 135 36 recturus
1155 1990 101 36 erat:
1223 1990 79 36 non
1268 1990 90 36 quod
1324 1990 135 36 Christub
1426 1990 90 36 sine
1482 1990 101 36 opera
1550 1990 113 36 Angeli
1629 1990 79 36 non
1674 1990 147 36 potuisset
1775 1990 68 36 exi-

1049 2020 67 37 re
1082 2020 55 37 e
1104 2020 155 37 sepulchro,
1226 2020 67 37 si
1260 2020 155 37 voluisset:
1381 2020 78 37 sed
1426 2020 89 37 quod
1481 2020 133 37 justitia
1581 2020 166 37 requirebat,
1714 2020 67 37 ut
1747 2020 78 37 qui
1780 2020 67 37 pro-

1058 2053 92 37 pter
1115 2053 126 37 peccata
1207 2053 115 37 nostra
1287 2053 69 37 in
1322 2053 138 37 vinculis
1425 2053 115 37 mortis
1505 2053 69 37 in
1540 2053 138 37 sepuchro
1643 2053 149 37 voluntate
1746 2053 92 37 Patri-

1054 2093 181 31 detinebatur,
1201 2093 57 31 a
1223 2093 79 31 Deo
1269 2093 102 31 Patre
1337 2093 147 31 absolutus
1450 2093 57 31 e
1472 2093 147 31 sepulchro
1586 2093 102 31 velut
1654 2093 57 31 e
1676 2093 125 31 carcere
1755 2093 91 31 dimit-

1051 2124 130 35 teretur:
1149 2124 98 35 sicut
1214 2124 76 35 qui
1257 2124 119 35 propter
1344 2124 108 35 debita
1420 2124 65 35 in
1452 2124 119 35 carcere
1539 2124 152 35 detinetur,
1658 2124 119 35 solutis
1734 2124 108 35 debitis;

1052 2150 77 38 non
1096 2150 110 38 absque
1173 2150 154 38 autoritate
1293 2150 121 38 judicis
1381 2150 66 38 ex
1414 2150 121 38 carcere
1502 2150 88 38 exit
1557 2150 55 38 &
1579 2150 110 38 veluti
1656 2150 110 38 fugit,
1732 2150 77 38 sed
1765 2150 88 38 volun-

1055 2189 85 37 tate
1108 2189 117 37 judicis
1193 2189 106 37 carcer
1268 2189 64 37 ei
1300 2189 53 37 a
1321 2189 127 37 ministro
1416 2189 127 37 aperitur
1512 2189 64 37 ut
1544 2189 127 37 legitime
1629 2189 74 37 exeat

1086 2215 141 43 Secundum
1192 2215 82 43 est
1239 2215 211 43 distinguendum:
1415 2215 141 43 Christus
1520 2215 152 43 ingressus
1638 2215 82 43 est
1685 2215 94 43 post
1731 2215 106 43 resurre

1063 2245 126 45 ctionem
1154 2245 69 45 ad
1189 2245 161 45 discipulos
1315 2245 115 45 januis
1395 2245 138 45 clausis,
1499 2245 80 45 non
1545 2245 80 45 per
1590 2245 115 45 januas
1671 2245 126 45 clausas
1751 2245 92 45 manen-

1053 2280 92 42 tes,
1111 2280 81 42 non
1157 2280 92 42 quod
1215 2280 115 42 corpus
1296 2280 115 42 januas
1377 2280 127 42 clausas
1469 2280 173 42 penetrarit:
1607 2280 81 42 sed
1653 2280 69 42 ut
1688 2280 81 42 est
1734 2280 69 42 in
1757 2280 81 42 Grae-

1064 2321 64 36 co
1096 2321 96 36 textu
1160 2321 107 36 Iohan.
1235 2321 75 36 20.
1278 2321 117 36 versic.
1363 2321 75 36 19.
1513 2321 182 36 ,
1662 2321 64 36 id
1694 2321 85 36 est,
1748 2321 85 36 quum
1791 2321 53 36 ja-

1054 2353 97 34 nuae
1114 2353 121 34 essent
1199 2353 145 34 clausae,
1307 2353 133 34 nimirum
1404 2353 72 34 ob
1440 2353 109 34 metum
1512 2353 169 34 Judaeorum,
1645 2353 84 34 sed
1693 2353 97 34 quae
1742 2353 97 34 Domino

1057 2388 147 33 venienti,
1170 2388 124 33 quamvis
1260 2388 113 33 nemine
1339 2388 68 33 ex
1373 2388 158 33 discipulis
1498 2388 158 33 aperiente,
1622 2388 113 33 subito
1701 2388 124 33 apertae
1780 2388 57 33 sun

1065 2413 62 45 &
1089 2413 160 45 patuerunt
1213 2413 74 45 ad
1250 2413 111 45 nutum
1323 2413 136 45 divinae
1422 2413 173 45 majestatis
1558 2413 111 45 ejus.
1632 2413 99 45 Cave
1693 2413 136 45 igitur,
1779 2413 62 45 ait

1058 2445 156 41 Cyrillus
1175 2445 208 41 Commentariis
1344 2445 78 41 in
1383 2445 104 41 hunc
1448 2445 156 41 Johannis
1564 2445 130 41 locum,
1655 2445 78 41 ne
1694 2445 65 41 a
1720 2445 117 41 recta
1785 2445 65 41 di-

1073 2476 122 54 rediaris
1164 2476 91 54 fide:
1225 2476 71 54 sid
1266 2476 102 54 potius
1337 2476 81 54 quia
1388 2476 112 54 foribus
1469 2476 112 54 clausis
1550 2476 132 54 ingressus
1652 2476 81 54 est,
1703 2476 81 54 Deum
1754 2476 81 54 esse
1794 2476 41 54 na

1060 2514 97 40 tura
1109 2514 97 40 crede.

1081 2535 139 50 Tertium
1182 2535 189 50 argumentum:
1333 2535 139 50 Quomodo
1434 2535 113 50 Solis
1510 2535 113 50 radii
1585 2535 164 50 concretam
1711 2535 113 50 vitri
1774 2535 76 50 sub-

1061 2573 133 43 stantiam
1161 2573 155 43 penetrant,
1283 2573 100 43 neque
1350 2573 133 43 frangunt
1449 2573 100 43 tamen
1516 2573 78 43 aut
1560 2573 111 43 aliqua
1638 2573 67 43 ex
1671 2573 100 43 parte
1727 2573 111 43 laedunt.

1055 2608 77 43 ita
1099 2608 99 43 Iesus
1165 2608 133 43 Christus
1265 2608 66 43 ex
1298 2608 121 43 materna
1386 2608 99 43 alvo,
1452 2608 88 43 sine
1508 2608 88 43 ullo
1563 2608 133 43 maternae
1662 2608 177 43 virginitatis
1795 2608 55 43 de-

1065 2644 125 45 trimento
1158 2644 104 45 editus
1221 2644 52 45 es.

1093 2676 145 53 RESPON.
1199 2676 119 53 Primo
1278 2676 145 53 mutatur
1384 2676 132 53 status
1476 2676 238 53 controversiae:
1674 2676 93 53 nam
1714 2676 132 53 fatemur.

1072 2720 121 41 ultro,
1156 2720 97 41 quod
1217 2720 145 41 Christus
1325 2720 72 41 ex
1361 2720 133 41 materna
1458 2720 109 41 alvo,
1530 2720 97 41 sine
1591 2720 97 41 ullo
1651 2720 145 41 maternae
1747 2720 97 41 Virgi-

1069 2748 141 41 nitatis
1172 2748 179 41 detrimento
1313 2748 128 41 editus
1402 2748 103 41 est.
1466 2748 90 41 Sed
1518 2748 103 41 hinc
1582 2748 90 41 non
1633 2748 167 41 sequitur,
1748 2748 90 41 Chri-

1071 2787 105 35 stum
1137 2787 79 35 ex
1176 2787 118 35 utero
1255 2787 145 35 occluso
1360 2787 145 35 manente
1466 2787 132 35 natum.
1558 2787 132 35 Deinde
1650 2787 184 35 similitudo
1781 2787 66 35 Va-

1066 2814 193 46 lentinianum
1221 2814 64 46 &
1247 2814 219 46 Marcioniticum
1427 2814 103 46 quid
1492 2814 129 46 sapit,
1582 2814 103 46 quum
1647 2814 129 46 corpus
1724 2814 116 46 Christ-

1073 2846 158 47 comparetur
1197 2846 113 47 radiis
1276 2846 102 47 solis
1344 2846 169 47 substantiam
1479 2846 102 47 vitri
1547 2846 192 47 penetrantibus
1705 2846 56 47 &
1728 2846 102 47 illud
1785 2846 56 47 ta-

1073 2886 80 39 men
1118 2886 80 39 non
1164 2886 195 39 frangentibus:
1325 2886 80 39 nam
1371 2886 115 39 corpus
1451 2886 126 39 Christi
1543 2886 80 39 est
1589 2886 92 39 vera
1646 2886 69 39 ac
1681 2886 149 39 naturalis
1784 2886 69 39 sub-

1061 2919 133 42 stantia,
1160 2919 77 42 non
1194 2919 122 42 accidens.

1113 2949 133 56 Quartum
1210 2949 181 56 argumentum:
1355 2949 133 56 Figuris
1452 2949 73 56 in
1488 2949 121 56 veteri
1573 2949 169 56 Testamento
1694 2949 169 56 significatum

1069 2988 103 51 fuit,
1137 2988 137 51 Christum
1240 2988 160 51 nasciturum
1366 2988 69 51 ex
1400 2988 103 51 utero
1469 2988 114 51 clauso
1549 2988 137 51 manente?
1652 2988 91 51 Ergo
1709 2988 80 51 ita
1743 2988 103 51 factum-

1067 3019 163 51 Antecedens
1195 3019 140 51 probatur
1300 3019 70 51 ex
1335 3019 93 51 cap.
1393 3019 81 51 44.
1440 3019 163 51 Ezechielis
1568 3019 81 51 per
1614 3019 116 51 portam
1696 3019 128 51 clausam
1777 3019 70 51 quam

1075 3055 135 43 Propheta
1176 3055 112 43 vidit,
1255 3055 56 43 &
1277 3055 67 43 ex
1311 3055 90 43 cap.
1367 3055 67 43 3.
1401 3055 101 43 Exodi
1468 3055 79 43 per
1513 3055 112 43 rubum,
1592 3055 90 43 quem
1648 3055 101 43 Moses
1716 3055 101 43 vidit
1772 3055 90 43 ardere

1063 3096 65 50 &
1089 3096 91 50 non
1128 3096 130 50 comburi.

1092 3117 116 59 RESP.
1169 3117 142 59 Negatur
1273 3117 193 59 antecedens:
1427 3117 64 59 &
1453 3117 193 59 probationes
1608 3117 103 59 ejus
1672 3117 103 59 sunt
1737 3117 116 59 plane
1801 3117 52 59 a-

1076 3158 113 55 lienae.
1158 3158 72 55 Nam
1199 3158 93 55 Ezec.
1261 3158 72 55 44.
1302 3158 93 55 Porta
1364 3158 82 55 illa
1416 3158 113 55 clausa,
1498 3158 72 55 sed
1539 3158 82 55 soli
1591 3158 124 55 Principi
1683 3158 113 55 pervia,
1755 3158 93 55 signifi

1079 3195 100 51 cabat
1146 3195 78 51 non
1190 3195 112 51 uterum
1269 3195 123 51 Mariae,
1358 3195 78 51 sed
1403 3195 145 51 caelestis
1514 3195 134 51 sacrarii
1615 3195 123 51 portam,
1704 3195 89 51 quae
1760 3195 67 51 ob
1782 3195 67 51 pec
