2063 3487
191 165 118 59 catum
270 165 118 59 nobis
349 165 131 59 clausa
441 165 118 59 erat,
519 165 92 59 per
572 165 118 59 solum
651 165 118 59 autem
730 165 118 59 Jesum
808 165 158 59 Christum
927 165 118 59 nobis
992 165 53 59 A-

205 207 114 48 aperta
284 207 91 48 est.
341 207 68 48 Et
375 207 102 48 Exod.
444 207 68 48 3.
478 207 102 48 rubus
546 207 125 48 ardens,
637 207 80 48 sed
682 207 80 48 non
728 207 148 48 consumtus
842 207 148 48 similiter
944 207 57 48 non

204 238 192 50 significabat
360 238 144 50 Virginem
468 238 132 50 Mariam:
564 238 84 50 sed
611 238 120 50 fiamma
695 238 108 50 ignis
767 238 204 50 afflictiones;
923 238 84 50 rubus

194 278 118 41 ardens
277 278 154 41 Ecclesiam
395 278 83 41 seu
442 278 130 41 populum
537 278 83 41 Dei
584 278 71 41 in
620 278 213 41 afflictionibus
797 278 165 41 versantem;
915 278 83 41 inte-

200 308 122 56 gritas
285 308 97 56 rubi
346 308 73 56 in
383 308 110 56 media
456 308 134 56 flamma,
553 308 195 56 stabilitatem
712 308 61 56 &
736 308 219 56 conservationem
907 308 97 56 Eccle-

196 339 92 49 siae
253 339 80 49 seu
299 339 115 49 populi
379 339 80 49 Dei
425 339 69 49 in
459 339 115 49 mediis
539 339 218 49 afflictionibus,
723 339 69 49 ex
757 339 137 49 veritate
849 339 160 49 promissionum

203 382 93 47 Dei
243 382 172 47 adumbravit.

237 410 85 47 Sic
285 410 146 47 refutata
395 410 97 47 sunt
455 410 170 47 Catechismi
589 410 121 47 Romani
674 410 170 47 argumenta.
807 410 85 47 Nos
855 410 121 47 igitur
928 410 73 47 cre-

207 444 119 51 dimus,
290 444 119 51 Mariam
373 444 131 51 proprie
468 444 154 51 peperisse
587 444 119 51 emisso
670 444 107 51 filio
742 444 178 51 primogenito
884 444 71 51 ex
908 444 95 51 utereo

203 481 136 48 aperto,
302 481 62 48 &
326 481 148 48 Christum
438 481 136 48 proprie
536 481 111 48 natum
611 481 173 48 egrediendo
747 481 74 48 ex
784 481 111 48 utero
858 481 124 48 matris
932 481 62 48 ada

214 510 112 53 perto,
292 510 101 53 juxta
360 510 157 53 vaticinium
483 510 135 53 Jesaiae,
584 510 79 53 qui
629 510 112 53 disrte
707 510 79 53 ait
752 510 67 53 de
786 510 123 53 Virgine
876 510 112 53 Maria,
943 510 56 53 PA.

204 552 109 42 RIET:
276 552 96 42 quum
337 552 145 42 Spiritus
445 552 133 42 Sanctus
542 552 193 42 praevideret,
698 552 133 42 futuros
795 552 84 42 qui
843 552 72 42 de
879 552 109 42 utero
940 552 60 42 Ma-

204 589 89 38 riae
259 589 111 38 semper
337 589 111 38 clauso
415 589 167 38 disputaturi
537 589 89 38 essent

246 619 129 48 Amplius
328 619 141 48 objicitur:

238 637 161 66 Quaecunque
364 637 92 66 fide
421 637 161 66 Christiana
547 637 126 66 tenenda
639 637 103 66 sunt,
708 637 69 66 ea
742 637 103 66 supra
811 637 57 66 &
834 637 115 66 contra
903 637 103 66 naturam

204 684 89 50 esse
260 684 123 50 necesse
349 684 89 50 est:
405 684 78 50 Sed
450 684 134 50 Christum
550 684 67 50 ex
584 684 101 50 utero
651 684 123 50 materno
741 684 112 50 aperto
819 684 134 50 produsse
920 684 67 50 in
942 684 67 50 mun-

208 719 91 40 dum,
265 719 80 40 non
310 719 80 40 est
356 719 103 40 supra
424 719 57 40 &
447 719 114 40 contra
527 719 137 40 naturam.
630 719 91 40 Ergo
687 719 80 40 hoc
732 719 80 40 non
778 719 80 40 est
824 719 91 40 fide
869 719 137 40 Christians

197 756 141 39 tenendum.

241 781 129 45 RESP.
327 781 158 45 Negatur
442 781 187 45 assumtio:
585 781 100 45 Nam
642 781 172 45 Christum
771 781 86 45 ex
815 781 129 45 utero
886 781 115 45 materm

210 811 124 48 aperto
296 811 148 48 produsse
407 811 74 48 in
444 811 136 48 mundum,
543 811 87 48 est
593 811 111 48 supra
667 811 62 48 &
692 811 124 48 contra
778 811 148 48 naturam:
889 811 99 48 quia
939 811 74 48 nul-

213 850 82 44 lum
260 850 141 44 exemplum
366 850 118 44 simile
449 850 94 44 dari
508 850 118 44 potest
590 850 118 44 ullius
672 850 153 44 infantis,
790 850 82 44 qui
837 850 118 44 primus
908 850 94 44 aperue

208 888 84 39 rit
256 888 120 39 uterum
340 888 156 39 maternum,
460 888 108 39 antea
532 888 84 39 non
580 888 132 39 apertum
677 888 60 39 a
701 888 108 39 viro.
773 888 120 39 Illius
857 888 144 39 infantis
953 888 48 39 na

211 917 126 41 tivitas
302 917 80 41 est
348 917 149 41 naturalis
463 917 57 41 &
486 917 161 41 ordinaria,
612 917 80 41 qui
658 917 103 41 egred
727 917 80 41 tur
773 917 69 41 ex
807 917 103 41 utero
876 917 126 41 materno
957 917 57 41 an-

213 949 77 44 tea
257 949 131 44 reserato
355 949 55 44 a
377 949 99 44 viro.
443 949 131 44 Christus
542 949 99 44 autem
608 949 110 44 infans
684 949 99 44 solus
750 949 66 44 vi
783 949 77 44 sua
827 949 121 44 aperuit
914 949 88 44 sibi
958 949 44 44 ad

222 993 83 39 vum
270 993 155 39 maternam,
389 993 95 39 quae
449 993 119 39 semper
532 993 107 39 antea
604 993 119 39 clausa
687 993 131 39 fuerat:
782 993 95 39 quia
842 993 83 39 hic
890 993 119 39 infans
961 993 48 39 ex

211 1019 112 49 Maria
285 1019 137 49 Virgine
385 1019 125 49 natus,
472 1019 87 49 non
522 1019 125 49 tantum
609 1019 112 49 homo,
684 1019 87 49 sed
734 1019 112 49 etiam
808 1019 100 49 Deus
858 1019 75 49 est.

378 1061 112 54 Haec
448 1061 84 54 de
490 1061 112 54 modo
560 1061 210 54 Rativitatis
714 1061 140 54 Christi.

255 1106 106 56 EINIS
326 1106 82 56 seu
373 1106 94 56 USUS
432 1106 177 56 nativitatis
573 1106 130 56 Christi
668 1106 94 56 sunt
726 1106 153 56 duplices:
844 1106 94 56 alii
891 1106 130 56 respectus

206 1150 94 47 Dei,
265 1150 94 47 alii
323 1150 140 47 respectu
417 1150 105 47 hominum

246 1174 137 51 Respectu
348 1174 91 51 Dei,
405 1174 103 51 finis
474 1174 171 51 nativitatis
611 1174 126 51 Christi
702 1174 80 51 est
748 1174 114 51 gloria
828 1174 91 51 Dei,
874 1174 148 51 miraculoso-

217 1215 90 49 hoc
268 1215 115 49 signo
345 1215 192 49 ostendentis
499 1215 102 49 suam
562 1215 102 49 erga
626 1215 115 49 genus
703 1215 141 49 humanum
805 1215 153 49 paternam
908 1215 102 49 volun-

211 1260 107 34 tatem
283 1260 60 34 &
306 1260 191 34 promissionum
461 1260 119 34 suarum
545 1260 155 34 veritatem
664 1260 72 34 in
700 1260 72 34 ae
736 1260 131 34 ternum,
831 1260 95 34 Luc.
891 1260 72 34 2.
927 1260 72 34 v.
950 1260 60 34 14.

220 1290 107 32 Gloria
295 1290 64 32 in
328 1290 107 32 caelis
403 1290 150 32 altissimis
521 1290 86 32 Deo,
575 1290 54 32 &
596 1290 64 32 in
628 1290 97 32 terra
693 1290 86 32 pax,
747 1290 64 32 in
779 1290 118 32 homines
854 1290 161 32 beneuolentia.

217 1317 89 49 Jes.
272 1317 67 49 7.
306 1317 67 49 v.
339 1317 78 49 14.
383 1317 122 49 Idcirco
472 1317 100 49 dabit
539 1317 122 49 Dominus
628 1317 89 49 ipse
683 1317 100 49 vobis
750 1317 122 49 signum:
838 1317 89 49 Ecce
894 1317 89 49 illa
938 1317 78 49 Virgo

216 1350 153 49 concipiet
334 1350 59 49 &
358 1350 118 49 pariet
440 1350 130 49 filium,
535 1350 59 49 &
558 1350 130 49 vocabis
653 1350 106 49 nomen
723 1350 106 49 ejus,
782 1350 130 49 Immanuel.

246 1389 147 38 Respectu
356 1389 134 38 hominum
453 1389 98 38 sunt
514 1389 85 38 duo
563 1389 122 38 fines:
649 1389 110 38 Salus
722 1389 159 38 electorum
844 1389 61 38 &
868 1389 147 38 judicium
966 1389 49 38 re

219 1421 163 45 proborum.
344 1421 88 45 Nam
394 1421 113 45 primo
469 1421 113 45 Natus
544 1421 88 45 est
594 1421 150 45 Christus
706 1421 75 45 ut
744 1421 175 45 servaretur
881 1421 125 45 mundus
956 1421 75 45 per-

212 1454 88 45 cum,
267 1454 132 45 Johannis
366 1454 66 45 c.
399 1454 66 45 3.
433 1454 66 45 v.
466 1454 77 45 17.
510 1454 77 45 Hic
554 1454 99 45 finis
620 1454 77 45 ita
664 1454 165 45 generaliter
796 1454 165 45 propositus,
929 1454 77 45 per
962 1454 66 45 par-

222 1491 81 49 tes
269 1491 138 49 deinceps
372 1491 184 49 explicandus;
522 1491 115 49 quarum
591 1491 58 49 est

251 1522 74 44 I.
288 1522 74 44 Ut
325 1522 74 44 in
362 1522 123 44 nostra
448 1522 123 44 natura
534 1522 136 44 assumta
633 1522 210 44 inobedientiam
806 1522 136 44 nostram
892 1522 136 44 pensaret.

211 1555 66 41 &
237 1555 106 41 loco
304 1555 133 41 nostro
397 1555 120 41 Legem
476 1555 173 41 impleret,
609 1555 106 41 quam
676 1555 93 41 nos
729 1555 146 41 implere
835 1555 186 41 tenebamur,
968 1555 53 41 se

216 1591 85 41 non
264 1591 170 41 poteramus.
398 1591 85 41 Hoc
446 1591 109 41 docet
519 1591 97 41 ipse
580 1591 145 41 Christus
689 1591 121 41 Matth.
773 1591 73 41 5.
810 1591 73 41 v.
846 1591 85 41 17.
895 1591 73 41 Ne
919 1591 109 41 existi-

219 1631 97 32 mate
279 1631 72 32 me
316 1631 133 32 venisse
412 1631 72 32 ut
448 1631 157 32 dissolvam
569 1631 121 32 Legem,
654 1631 85 32 aut
702 1631 169 32 Prophetas:
835 1631 85 32 non
883 1631 97 32 veni
943 1631 72 32 ut
968 1631 60 32 eam

222 1661 167 35 dissolvam,
353 1661 83 35 sed
401 1661 71 35 ut
436 1661 83 35 eam
484 1661 143 35 impleam.
591 1661 71 35 Et
627 1661 119 35 Paulus
710 1661 155 35 Apostolus
829 1661 95 35 Rom.
888 1661 71 35 8.
924 1661 71 35 v.
960 1661 71 35 3.
983 1661 48 35 4.

230 1690 80 39 Nam
275 1690 91 39 quae
332 1690 103 39 Legis
401 1690 91 39 erat
458 1690 171 39 impotentia,
595 1690 91 39 quum
652 1690 125 39 viribus
743 1690 103 39 esset
811 1690 148 39 destituta
925 1690 80 39 per
960 1690 68 39 car-

229 1722 87 41 nem,
284 1722 87 41 Deus
338 1722 76 41 suo
381 1722 109 41 ipsius
458 1722 98 41 Filio
523 1722 109 41 enisso
599 1722 65 41 in
632 1722 98 41 forma
697 1722 141 41 consimili
806 1722 98 41 carni
871 1722 120 41 peccato
947 1722 76 41 obno-

229 1756 97 44 xiae,
294 1756 97 44 idque
358 1756 75 44 pro
401 1756 118 44 peccato
487 1756 161 44 condemnavit
616 1756 129 44 peccatum
713 1756 64 44 in
745 1756 107 44 carne.
820 1756 64 44 Ut
852 1756 75 44 jus
895 1756 97 44 illud
949 1756 75 44 Legi,

230 1790 168 37 compleatur
362 1790 72 37 in
398 1790 120 37 nobis,
482 1790 84 37 qui
530 1790 84 37 non
578 1790 144 37 secundum
686 1790 120 37 carnem
770 1790 168 37 incedimus,
902 1790 84 37 sed
938 1790 96 37 secun-

225 1823 85 44 dum
273 1823 158 44 Spiritum.
395 1823 97 44 Gal.
456 1823 73 44 4.
492 1823 85 44 v4,
541 1823 73 44 5.
577 1823 146 44 Postquam
687 1823 109 44 venit
760 1823 122 44 plenum
845 1823 134 44 tempus,
930 1823 97 44 emisit

229 1858 97 44 Deus
290 1858 122 44 Filium
375 1858 97 44 suum
436 1858 122 44 factum
521 1858 73 44 ex
557 1858 146 44 muliere,
667 1858 122 44 factum
752 1858 97 44 Legi
813 1858 170 44 subjectum.
947 1858 73 44 Ut
971 1858 61 44 eos

224 1896 80 42 qui
269 1896 92 42 Legi
327 1896 103 42 erant
396 1896 138 42 subjecti
499 1896 161 42 redimeret,
626 1896 69 42 ut
660 1896 161 42 adoptionem
787 1896 184 42 acciperemus.
936 1896 92 42 Ideo
982 1896 46 42 e-

231 1928 83 37 nim
279 1928 142 37 Christus
385 1928 118 37 carnem
468 1928 154 37 assumsit,
587 1928 71 37 ut
622 1928 71 37 in
658 1928 95 37 illa
717 1928 95 37 loco
776 1928 118 37 nostro
859 1928 190 37 satisfaceret

238 1966 97 38 quod
298 1966 97 38 inde
359 1966 61 38 a
383 1966 109 38 primo
456 1966 133 38 momento
553 1966 157 38 descensus
674 1966 61 38 e
698 1966 109 38 caelo
771 1966 85 38 seu
819 1966 145 38 adventus
928 1966 73 38 in
952 1966 73 38 car-

235 2003 92 34 nem,
293 2003 81 34 hoc
339 2003 92 34 est,
397 2003 184 34 conceptionis
547 2003 69 34 in
581 2003 104 34 utero
651 2003 115 34 matris
731 2003 115 34 facere
812 2003 115 34 coepit
893 2003 58 34 &
916 2003 69 34 in
939 2003 92 34 cruce-

225 2030 145 40 moriens
330 2030 211 40 consummavit.

265 2060 80 41 II.
310 2060 69 41 Ut
345 2060 80 41 nos
391 2060 126 41 doceret
482 2060 138 41 mysteria
585 2060 126 41 salutis
677 2060 138 41 aeternae
780 2060 138 41 nobisque
883 2060 103 41 plene
941 2060 80 41 annum

228 2096 118 37 ciaret
311 2096 166 37 sapientiam
441 2096 107 37 illam
512 2096 83 37 Dei
560 2096 166 37 salvificam
690 2096 130 37 tanquam
784 2096 118 37 summus
867 2096 95 37 ille
915 2096 107 37 Prophe-

238 2131 72 40 ta
274 2131 60 40 &
298 2131 120 40 Doctor
382 2131 120 40 totius
466 2131 168 40 Ecclesiae,
598 2131 84 40 per
647 2131 156 40 Prophetas
767 2131 168 40 promissus,
899 2131 108 40 Deut.
959 2131 60 40 16.

233 2162 81 40 v15,
283 2162 70 40 16,
324 2162 70 40 17,
364 2162 70 40 18,
404 2162 70 40 19.
444 2162 81 40 Joh.
495 2162 60 40 1.
525 2162 60 40 v.
555 2162 70 40 16,
595 2162 70 40 17,
636 2162 70 40 18.
676 2162 60 40 Et
706 2162 60 40 ex
736 2162 151 40 plenitudine
857 2162 101 40 ipsius
927 2162 91 40 omnes
978 2162 40 40 ac

233 2203 138 38 cepimus,
337 2203 58 38 &
360 2203 127 38 gratiam
452 2203 81 38 pro
498 2203 127 38 gratia:
590 2203 81 38 Nam
637 2203 81 38 Lex
683 2203 92 38 illa
740 2203 81 38 per
786 2203 104 38 Mosen
855 2203 92 38 data
913 2203 92 38 est:
959 2203 69 38 gra-

240 2233 81 37 tia
287 2233 58 37 &
310 2233 127 37 veritas
402 2233 81 37 per
448 2233 104 37 Iesum
518 2233 139 37 Christum
622 2233 150 37 praestita
737 2233 92 37 est.
795 2233 92 37 Deum
853 2233 92 37 nemo
910 2233 104 37 vidit
968 2233 58 37 un-

233 2265 92 45 quam:
294 2265 143 45 unigenitus
407 2265 82 45 ille
458 2265 102 45 Filius
530 2265 72 45 qui
571 2265 72 45 est
612 2265 61 45 in
642 2265 82 45 sinu
693 2265 113 45 Patris,
775 2265 82 45 ille
827 2265 92 45 nobis
888 2265 133 45 exposuit.
980 2265 41 45 Et

238 2301 67 40 c.
271 2301 67 40 4.
305 2301 67 40 v.
339 2301 79 40 25.
384 2301 90 40 Scio
440 2301 124 40 Messiam
530 2301 135 40 venturum
631 2301 90 40 (qui
687 2301 124 40 dicitur
777 2301 157 40 Christus,)
900 2301 90 40 quum
945 2301 79 40 vene-

231 2333 78 41 rit
275 2333 100 41 ille,
342 2333 100 41 nobis
409 2333 167 41 annunciabit
543 2333 112 41 omnia.
621 2333 67 41 Et
655 2333 78 41 cap
699 2333 78 41 12.
744 2333 67 41 v.
778 2333 78 41 46.
822 2333 78 41 Ego
867 2333 78 41 lux
911 2333 67 41 in
934 2333 89 41 mundum

245 2366 93 37 veni,
307 2366 62 37 ut
337 2366 124 37 quisquis
430 2366 103 37 credit
502 2366 62 37 in
533 2366 72 37 me,
575 2366 62 37 in
606 2366 124 37 tenebris
698 2366 72 37 non
740 2366 113 37 maneat.
822 2366 62 37 Et
853 2366 82 37 cap.
905 2366 72 37 18.
946 2366 62 37 v.
966 2366 52 37 37.

242 2398 68 45 Tu
276 2398 101 45 dicis
343 2398 68 45 me
377 2398 113 45 regens
456 2398 101 45 esse:
523 2398 79 45 Ego
568 2398 68 45 ad
602 2398 79 45 hoc
647 2398 101 45 natus
714 2398 90 45 sum,
771 2398 56 45 &
793 2398 68 45 ad
827 2398 79 45 hoc
872 2398 90 45 veni
928 2398 68 45 in
951 2398 68 45 mun-

231 2436 91 38 dum,
288 2436 69 38 ut
322 2436 80 38 dem
368 2436 172 38 testimonium
505 2436 149 38 veritati.
619 2436 137 38 Quisquis
722 2436 80 38 est
768 2436 69 38 ex
802 2436 149 38 veritate,
917 2436 103 38 audit
974 2436 57 38 vo-

238 2461 81 41 cem
285 2461 104 41 meam.
354 2461 92 41 Heb.
412 2461 58 41 1
435 2461 69 41 v.
458 2461 46 41 1.

265 2496 96 58 III.
325 2496 144 58 Christus
433 2496 156 58 particeps
553 2496 84 58 est
601 2496 120 58 factus
684 2496 120 58 carnis
768 2496 60 58 &
792 2496 168 58 sanguinis,
924 2496 72 58 ut
960 2496 84 58 per
996 2496 72 58 mor-

236 2533 89 53 tem
287 2533 153 53 aboleret
402 2533 89 53 eum
453 2533 89 53 qui
504 2533 127 53 mortis
593 2533 153 53 imperium
707 2533 127 53 habet,
796 2533 89 53 hoc
847 2533 102 53 est,
898 2533 140 53 diabolum,

239 2562 82 41 Heb.
290 2562 61 41 2.
321 2562 61 41 v.
341 2562 51 41 24.

264 2589 87 58 IV.
313 2589 74 58 Ut
350 2589 136 58 haberet
449 2589 99 58 quod
511 2589 149 58 offerret
623 2589 87 58 Deo
672 2589 62 58 &
697 2589 124 58 Patri,
783 2589 99 58 Heb.
845 2589 74 58 8.
882 2589 74 58 3.
920 2589 99 58 Unde
969 2589 62 58 hu-

236 2634 135 41 manitate
337 2634 135 41 indutus,
438 2634 78 41 per
482 2634 67 41 se
516 2634 90 41 quae
572 2634 112 41 nostra
651 2634 112 41 erant,
729 2634 101 41 Patri
785 2634 101 41 obtulit

280 2666 71 54 V.
316 2666 71 54 Ut
351 2666 106 54 esset
422 2666 165 54 misericors
551 2666 59 54 &
575 2666 130 54 fidelis
669 2666 141 54 Pontifex
775 2666 71 54 in
810 2666 82 54 iis
858 2666 94 54 quae
916 2666 94 54 apud
964 2666 82 54 Deum;

232 2700 118 44 agenda
315 2700 130 44 forent,
410 2700 71 44 ad
445 2700 154 44 expiandum
564 2700 130 44 peccata
659 2700 130 44 populi,
753 2700 95 44 Heb.
813 2700 71 44 2,
848 2700 71 44 v.
872 2700 59 44 17.

264 2736 85 50 VI.
312 2736 73 50 Ut
349 2736 121 50 posset
434 2736 121 50 affici
519 2736 109 50 sensu
591 2736 194 50 infirmitatum
749 2736 170 50 nostrarum,
882 2736 97 50 Heb.
943 2736 73 50 4.
967 2736 61 50 15.

273 2767 84 43 VII.
326 2767 63 43 Ut
358 2767 116 43 peccata
442 2767 105 43 nostra
515 2767 137 43 tolleret,
621 2767 63 43 1.
652 2767 84 43 Joh.
705 2767 63 43 3.
726 2767 42 43 7.

262 2797 96 52 IIX.
322 2797 120 52 Factus
406 2797 84 52 est
454 2797 120 52 Filius
538 2797 144 52 hominis,
646 2797 72 52 ut
682 2797 84 52 nos
730 2797 108 52 filii
802 2797 84 52 Dei
850 2797 156 52 fieremus,
958 2797 72 52 Joh.

227 2830 72 55 I.
263 2830 72 55 v.
299 2830 84 55 11,
347 2830 84 55 12.
396 2830 72 55 Ad
432 2830 84 55 sua
480 2830 120 55 venit,
564 2830 60 55 &
588 2830 84 55 sui
636 2830 84 55 eum
685 2830 84 55 non
733 2830 181 55 exceperunt.
877 2830 145 55 Quotquot
974 2830 84 55 autem

226 2875 75 46 eum
269 2875 161 46 exceperunt,
398 2875 96 46 dedit
462 2875 75 46 eis
505 2875 75 46 hoc
548 2875 75 46 jus
591 2875 64 46 ut
623 2875 96 46 Filii
687 2875 75 46 Dei
730 2875 86 46 sint
784 2875 107 46 facti,
859 2875 107 46 nempe,
934 2875 75 46 iis
977 2875 86 46 qui

221 2907 143 42 credunt
325 2907 78 42 in
364 2907 130 42 nomine
455 2907 117 42 ejus.
533 2907 195 42 Nativitatem
689 2907 156 42 expertus
806 2907 104 42 est,
871 2907 78 42 ut
910 2907 117 42 nobis
975 2907 65 42 In-

228 2938 132 48 geniti
320 2938 171 48 amicitiam
452 2938 211 48 conciliaret,
623 2938 184 48 Athanasius
768 2938 79 48 in
807 2938 171 48 Passionem
939 2938 66 48 &
952 2938 79 48 Cru-

225 2968 103 39 cem
269 2968 133 39 Domini:

254 3002 75 46 IX
292 3002 75 46 Ut
330 3002 113 46 nobis
405 3002 188 46 confirmaret
556 3002 226 46 resurrectionem
744 3002 126 46 carnis
832 3002 138 46 nostrae
933 3002 75 46 ad
958 3002 75 46 glo-

226 3028 98 54 riam
287 3028 159 54 aeternam.
410 3028 86 54 Nam
459 3028 74 54 si
495 3028 147 54 Christus
606 3028 123 54 carnem
692 3028 135 54 nostram
790 3028 86 54 non
839 3028 196 54 assumsisset,
986 3028 49 54 in

217 3076 80 47 ea
257 3076 133 47 quoque
350 3076 93 47 non
403 3076 239 47 resurrexisset,
602 3076 120 47 atque
682 3076 93 47 sic
735 3076 93 47 nec
788 3076 133 47 nostra
881 3076 106 47 caro
934 3076 93 47 resur

209 3105 100 54 geret.

236 3154 93 64 Hic
289 3154 133 64 primus
382 3154 199 64 nativitatis
542 3154 146 64 Christi
648 3154 120 64 finis
728 3154 93 64 est
781 3154 160 64 respectu
887 3154 120 64 hominum

496 3204 96 52 cum
551 3204 164 52 partibus
660 3204 96 52 suis.

248 3247 144 58 Secundus
356 3247 108 58 Finis
428 3247 84 58 est
476 3247 144 58 judicium
584 3247 108 58 mundi
656 3247 84 58 seu
704 3247 180 58 reproborum,
848 3247 72 58 id
884 3247 96 58 est,
932 3247 96 58 diabo

1038 158 76 53 li
1076 158 64 53 &
1102 158 165 53 membrorum
1229 158 115 53 ejus,
1305 158 102 53 Joh.
1369 158 76 53 12
1407 158 89 53 31.
1458 158 102 53 Nunc
1522 158 153 53 judicium
1636 158 115 53 adest
1713 158 115 53 mundi
1776 158 102 53 hujus:

1041 196 88 45 nunc
1096 196 132 45 Princeps
1194 196 88 45 ille
1249 196 99 45 mundi
1315 196 99 45 hujus
1381 196 142 45 ejicietur
1490 196 110 45 foras.
1567 196 88 45 Joh.
1622 196 66 45 9.
1655 196 77 45 39.
1699 196 66 45 Et
1732 196 99 45 dixit
1786 196 88 45 Iesus:

1051 229 75 48 Ad
1088 229 150 48 judicium
1200 229 175 48 exercendum
1337 229 87 48 ego
1387 229 75 48 in
1425 229 100 48 hunc
1487 229 125 48 mundum
1575 229 112 48 veni:
1649 229 75 48 ut
1687 229 87 48 qui
1737 229 87 48 non
1774 229 100 48 videt,

1041 271 130 51 videant,
1138 271 54 51 &
1160 271 76 51 qui
1203 271 119 51 vident,
1290 271 97 51 caeci
1344 271 86 51 fiant.

1228 309 100 54 fsti
1291 309 100 54 sunt
1354 309 113 54 fines
1429 309 188 54 nativitatis
1567 309 126 54 Christi.

1070 356 139 42 ETPECTA
1172 356 190 42 nativitatis
1324 356 139 42 Christi
1425 356 76 42 ex
1463 356 114 42 Maria
1539 356 139 42 Virgine
1640 356 114 42 sunt:

1070 392 80 44 I.
1110 392 213 44 Glorificatio
1283 392 107 44 Dei,
1350 392 200 44 quemadmodum
1510 392 147 44 Christo
1617 392 107 44 nato
1683 392 133 44 canunt
1763 392 107 44 sanct?

1056 432 130 36 Angeli:
1151 432 118 36 Gloria
1233 432 71 36 in
1269 432 142 36 excelsis
1375 432 94 36 Deo.
1434 432 153 36 Sententia
1552 432 94 36 est:
1611 432 83 36 Jam
1658 432 83 36 est
1705 432 83 36 Deo
1752 432 118 36 gloria
1823 432 47 36 in

1044 465 112 36 caelis
1122 465 156 36 altissimis
1245 465 78 36 qua
1289 465 112 36 dignus
1368 465 89 36 est;
1423 465 112 36 gloria
1502 465 167 36 sapientiae,
1636 465 89 36 quam
1691 465 89 36 viam
1747 465 123 36 invenit
1825 465 45 36 ac

1050 501 134 39 salutem
1147 501 134 39 homines
1244 501 146 39 aeternam
1354 501 182 39 perducendi;
1500 501 122 39 gloria
1585 501 170 39 veritatis,
1719 501 97 39 quam
1768 501 109 39 promis-

1060 534 114 40 siones
1139 534 137 40 Patribus
1242 534 114 40 factas
1321 534 148 40 implevit;
1435 534 114 40 gloria
1515 534 205 40 misericordiae,
1686 534 80 40 qua
1731 534 91 40 rest
1788 534 91 40 exit
1834 534 34 40 &

1057 568 125 38 invisit
1147 568 125 38 populum
1238 568 102 38 suum,
1306 568 102 38 eique
1374 568 159 38 Servatorem
1499 568 113 38 misit:
1578 568 113 38 gloria
1657 568 159 38 justitiae,
1782 568 79 38 qua
1816 568 68 38 poe-

1050 602 90 40 nas
1102 602 129 40 humano
1192 602 129 40 generi
1282 602 142 40 debitas
1386 602 181 40 transtulit
1528 602 77 40 in
1566 602 129 40 Filium
1657 602 155 40 proprium
1760 602 116 40 hominen

1052 635 141 39 factum,
1155 635 77 39 in
1193 635 116 39 summa
1270 635 193 39 paupertate,
1425 635 77 39 in
1463 635 116 39 summa
1540 635 180 39 humilitate
1681 635 128 39 natum.
1758 635 116 39 Gloriam

1063 675 100 41 hanc
1125 675 87 41 Deo
1175 675 75 41 in
1212 675 137 41 excello
1311 675 149 41 caelorum
1423 675 174 41 habitaculo
1560 675 112 41 omnes
1635 675 149 41 Angelici
1734 675 137 41 exercitus

1057 707 108 41 omnes
1129 707 108 41 beati
1201 707 143 41 spiritus
1308 707 191 41 gratulantur.
1464 707 84 41 Sic
1511 707 120 41 Angeli
1595 707 167 41 exsultant,
1727 707 132 41 gloriam
1810 707 60 41 Im-

1056 741 150 42 peratoris
1172 741 81 42 sui
1218 741 185 42 manifestari,
1368 741 115 42 eamque
1449 741 150 42 celebrant
1564 741 58 42 &
1587 741 162 42 decantant.
1714 741 81 42 Sic
1761 741 139 42 impletum

1058 775 81 34 est
1105 775 92 34 quod
1162 775 104 34 David
1232 775 116 34 dicit.
1313 775 92 34 Psal
1370 775 92 34 103.
1428 775 69 34 v.
1463 775 81 34 19.
1509 775 58 34 &
1532 775 185 34 sequentibus:
1683 775 116 34 Iehova
1763 775 69 34 in
1787 775 92 34 caelis

1047 813 165 38 stabilivit
1177 813 118 38 solium
1260 813 106 38 suum,
1331 813 59 38 &
1354 813 118 38 regnum
1437 813 118 38 ipsius
1520 813 130 38 omnibus
1614 813 165 38 praesidet.
1732 813 142 38 Benedicit.

1055 840 131 38 Iehovae,
1153 840 109 38 Angeli
1229 840 98 38 ejus,
1294 840 174 38 valentissimi
1436 840 120 38 robore,
1523 840 163 38 efficientes
1654 840 109 38 verbum
1730 840 98 38 eius,
1784 840 98 38 auscul-

1067 872 102 42 antes
1135 872 91 42 voci
1192 872 102 42 verbi
1260 872 102 42 eius.
1328 872 159 42 Benedicite
1453 872 125 42 Ithovae
1543 872 102 42 omnes
1612 872 148 42 exercitus
1725 872 102 42 eius,
1782 872 102 42 facien-

1056 910 78 37 tes
1100 910 134 37 placitum
1201 910 100 37 eius.
1267 910 134 37 Impletum
1368 910 78 37 est
1412 910 89 37 quod
1468 910 100 37 David
1535 910 134 37 cecinit,
1635 910 100 37 Psal.
1702 910 89 37 148.
1757 910 67 37 v.
1791 910 67 37 1.
1824 910 56 37 &
1835 910 45 37 2.

1061 942 203 38 Halelu-udate
1226 942 140 38 Iehovam
1328 942 63 38 e
1353 942 140 38 caelis,
1455 942 140 38 laudate
1556 942 89 38 eum
1607 942 76 38 in
1645 942 165 38 excelsis.
1759 942 127 38 Laudate.

1054 980 85 32 eum
1102 980 109 32 omnes
1175 980 133 32 Angeli,
1271 980 97 32 ius,
1332 980 133 32 laudate
1428 980 85 32 eum
1476 980 109 32 omnes
1549 980 157 32 exercitus
1658 980 72 32 eius

1090 1005 90 46 II.
1142 1005 77 46 In
1180 1005 116 46 terra
1257 1005 103 46 pax:
1321 1005 103 46 Pax,
1386 1005 141 46 inquam,
1489 1005 90 46 non
1540 1005 90 46 tam
1591 1005 141 46 externa
1694 1005 103 46 quam
1758 1005 116 46 inter
1823 1005 51 46 s-

1057 1044 120 38 colunt
1141 1044 144 38 homines,
1249 1044 96 38 quam
1308 1044 132 38 interna
1404 1044 96 38 quam
1464 1044 192 38 conscientiae
1620 1044 96 38 sunt
1680 1044 192 38 tranquillae,
1823 1044 60 38 no-

1070 1080 80 42 bis
1115 1080 80 42 Deo
1161 1080 205 42 reconciliatis,
1332 1080 80 42 qui
1378 1080 114 42 natura
1458 1080 91 42 irae
1515 1080 103 42 filii
1583 1080 57 42 &
1606 1080 126 42 inimici
1697 1080 80 42 Dei
1743 1080 126 42 eramus.
1823 1080 57 42 Qui

1053 1115 97 35 Deum
1113 1115 97 35 sibi
1174 1115 145 35 infensum
1283 1115 158 35 sentiunt,
1404 1115 85 35 eos
1453 1115 158 35 horribili
1574 1115 194 35 inquietudine
1731 1115 73 35 ex
1768 1115 97 35 irae
1816 1115 73 35 Dei.

1025 1147 60 46 D
1049 1147 60 46 &
1073 1147 120 46 mortis
1157 1147 132 46 terrore
1253 1147 168 46 promanante
1385 1147 120 46 vexari
1468 1147 132 46 necesse
1564 1147 96 46 est.
1624 1147 180 46 Justificati
1768 1147 96 46 aute
1816 1147 72 46 fide

1056 1185 83 39 in
1098 1185 166 39 Christum
1222 1185 97 39 pro
1277 1185 124 39 nobis
1360 1185 152 39 passum,
1471 1185 152 39 mortuum
1581 1185 69 39 &
1609 1185 235 39 resuscitatum,
1788 1185 97 39 pacem

1071 1215 145 41 habemus
1176 1215 106 41 apud
1242 1215 119 41 Deum,
1322 1215 106 41 Rom.
1388 1215 79 41 5.
1427 1215 79 41 v.
1467 1215 79 41 1.
1506 1215 106 41 quam
1572 1215 92 41 pax
1625 1215 92 41 cum
1678 1215 172 41 hominibus
1797 1215 92 41 ultro

1071 1250 199 40 consequitur.
1232 1250 112 40 Fieri
1306 1250 87 40 non
1356 1250 99 40 enim
1418 1250 136 40 potest,
1517 1250 99 40 quin
1579 1250 112 40 pacem
1654 1250 87 40 cum
1703 1250 161 40 hominibus
1815 1250 62 40 co-

1069 1288 93 34 lere
1127 1288 128 34 expetat
1220 1288 58 34 &
1243 1288 139 34 libenter
1348 1288 116 34 colat,
1429 1288 81 34 qui
1475 1288 93 34 pace
1533 1288 128 34 fruitur
1626 1288 93 34 Dei.
1684 1288 81 34 Sic
1730 1288 139 34 impletum
1823 1288 58 34 est

1068 1319 93 45 quod
1127 1319 128 45 Jesaias
1220 1319 152 45 praedixit
1337 1319 93 45 cap.
1395 1319 70 45 2.
1430 1319 70 45 v.
1465 1319 70 45 4.
1500 1319 128 45 futurum
1593 1319 70 45 ut
1628 1319 93 45 nato
1687 1319 128 45 Christo
1780 1319 117 45 Gentes
1850 1319 35 45 &

1075 1363 115 32 populi
1155 1363 115 32 multi,
1235 1363 149 32 tunderent
1350 1363 126 32 gladios
1442 1363 92 32 suos
1499 1363 69 32 in
1533 1363 138 32 ligones,
1637 1363 57 32 &
1660 1363 115 32 hastas
1740 1363 92 32 suas
1797 1363 69 32 in
1820 1363 69 32 fal-

1067 1387 101 39 ces;
1131 1387 88 39 non
1181 1387 177 39 sublaturam
1320 1387 126 39 gentem
1408 1387 101 39 unam
1471 1387 76 39 in
1509 1387 139 39 alteram
1610 1387 152 39 gladium,
1724 1387 114 39 neque
1787 1387 101 39 disci-

1077 1421 110 42 turam
1150 1421 135 42 amplius
1248 1421 135 42 bellum.
1346 1421 98 42 Hinc
1407 1421 98 42 idem
1468 1421 135 42 Jesaias
1566 1421 98 42 cap.
1627 1421 73 42 9.
1664 1421 73 42 v.
1701 1421 73 42 6,
1737 1421 73 42 7.
1762 1421 122 42 Christum

1071 1456 153 42 praedicat
1189 1456 129 42 tanquam
1283 1456 153 42 Principem
1401 1456 118 42 pacis,
1483 1456 106 42 pacis
1554 1456 82 42 cui
1601 1456 118 42 nullus
1683 1456 94 42 erit
1742 1456 118 42 finis.
1812 1456 71 42 Qua-

1043 1490 62 51 E
1067 1490 136 51 propter
1166 1490 111 51 dixit
1240 1490 160 51 Propheta,
1363 1490 99 51 Jes.
1425 1490 86 51 11.
1475 1490 74 51 6.
1512 1490 62 51 &
1536 1490 111 51 seqq.
1610 1490 197 51 Commorabitur
1771 1490 111 51 lupus
1832 1490 62 51 cum

1073 1533 94 34 agno
1132 1533 58 34 &
1155 1533 117 34 pardus
1237 1533 82 34 cum
1284 1533 105 34 haedo
1354 1533 164 34 recubabit;
1483 1533 164 34 vitulusque
1611 1533 58 34 &
1635 1533 129 34 juvenis
1728 1533 94 34 leo,
1787 1533 70 34 ac
1810 1533 82 34 pecus

1065 1556 116 43 pingue
1146 1556 104 43 simul
1216 1556 116 43 erunt,
1297 1556 58 43 &
1320 1556 93 43 puer
1378 1556 139 43 parvulus
1482 1556 81 43 dux
1528 1556 104 43 inter
1597 1556 81 43 eos
1644 1556 127 43 futurus
1736 1556 93 43 est.
1794 1556 69 43 Et
1817 1556 81 43 vacca

1072 1594 126 39 ursaque
1163 1594 218 39 compascentibus,
1347 1594 103 39 simul
1415 1594 160 39 recubabunt
1541 1594 115 39 catuli
1621 1594 115 39 earum,
1702 1594 57 39 &
1725 1594 80 39 leo
1770 1594 103 39 sicut
1828 1594 57 39 bo-

1078 1626 126 36 comedet
1169 1626 149 36 stramens.
1284 1626 69 36 Et
1318 1626 160 36 oblectabit
1444 1626 69 36 se
1479 1626 126 36 lactens
1570 1626 103 36 super
1639 1626 126 36 foramen
1731 1626 172 36 haemorrhoi:
1857 1626 34 36 &

1079 1656 104 44 super
1149 1656 115 44 specum
1230 1656 127 44 viperae
1322 1656 139 44 depuljus
1426 1656 58 44 a
1449 1656 104 44 lacte
1518 1656 104 44 manum
1587 1656 92 44 suam
1645 1656 150 44 injiciet.
1760 1656 81 44 Non
1795 1656 104 44 affici-

1070 1695 94 35 lent
1129 1695 94 35 malo
1188 1695 106 35 neque
1259 1695 165 35 corrumpent
1389 1695 71 35 in
1425 1695 94 35 toto
1484 1695 106 35 monte
1554 1695 177 35 sanctitatis
1696 1695 106 35 meae,
1767 1695 94 35 quum
1814 1695 83 35 plena

1075 1730 90 38 erit
1131 1730 101 38 terra
1199 1730 90 38 haec
1255 1730 135 38 scientia
1356 1730 124 38 Iehovae
1447 1730 101 38 velut
1514 1730 101 38 aquis
1582 1730 113 38 alveum
1661 1730 101 38 maris
1717 1730 169 38 operientibus.

1085 1763 90 40 Tam
1137 1763 167 40 salutatis
1265 1763 90 40 est
1316 1763 141 40 Christi
1419 1763 180 40 nativitas,
1560 1763 103 40 quae
1624 1763 116 40 pacem
1701 1763 90 40 cum
1753 1763 103 40 Deo,
1804 1763 90 40 pacem

1084 1803 75 37 um
1121 1803 162 37 hominibus
1245 1803 112 37 nobis
1320 1803 149 37 attulit:
1432 1803 224 37 potentissimis,
1618 1803 199 37 ferocissimis
1780 1803 62 37 &
1793 1803 100 37 damno-

1068 1829 148 40 sissimis
1179 1829 161 40 quibusque
1303 1829 74 40 ad
1340 1829 161 40 Ecclesiam
1463 1829 161 40 adductis.
1587 1829 124 40 Ingens
1673 1829 87 40 hoc
1723 1829 148 40 solatium
1822 1829 74 40 est,

1070 1869 142 35 quamvis
1173 1869 116 35 inter
1251 1869 129 35 medios
1341 1869 129 35 hostes
1431 1869 64 35 &
1457 1869 155 35 tumultus
1573 1869 168 35 versemur,
1702 1869 116 35 nobis
1779 1869 116 35 tamen
1843 1869 52 35 in

1073 1897 114 41 terra
1149 1897 102 41 esse
1213 1897 127 41 pacem,
1302 1897 102 41 quam
1365 1897 152 41 Christus
1479 1897 114 41 pacis
1555 1897 114 41 autor
1632 1897 76 41 ex
1670 1897 114 41 Maria
1746 1897 140 41 Virgine
1835 1897 63 41 na-

1065 1931 83 38 tus
1113 1931 107 38 nobis
1184 1931 143 38 advexit.
1291 1931 131 38 Fideles
1386 1931 83 38 qui
1434 1931 71 38 in
1470 1931 107 38 terra
1541 1931 131 38 pepetuo
1636 1931 143 38 militant
1743 1931 143 38 adversus
1839 1931 59 38 Sa-

1064 1963 125 36 tanam,
1152 1963 150 36 adversus
1265 1963 213 36 Antichristum,
1441 1963 150 36 adversus
1553 1963 113 36 alios
1629 1963 138 36 hostes:
1729 1963 125 36 habent
1804 1963 88 36 tamer

1073 1999 72 36 in
1109 1999 108 36 terra
1181 1999 120 36 pacem.
1264 1999 108 36 Inter
1336 1999 120 36 medias
1420 1999 179 36 tentationum
1563 1999 167 36 procellas,
1695 1999 108 36 inter
1766 1999 108 36 varia
1826 1999 72 36 dis-

1074 2033 145 34 crimina,
1183 2033 109 34 inter
1255 2033 157 34 violentos
1376 2033 121 34 motus,
1461 2033 109 34 inter
1533 2033 121 34 pugnas
1618 2033 60 34 &
1642 2033 133 34 timores
1727 2033 169 34 constituitur

1075 2065 106 46 sedes
1146 2065 118 46 pacis,
1228 2065 71 46 ne
1264 2065 106 46 fides
1334 2065 118 46 nostra
1417 2065 106 46 ullis
1488 2065 141 46 macninis
1594 2065 130 46 impulsa
1688 2065 141 46 vacillet
1794 2065 82 46 aut
1829 2065 59 46 la

1057 2098 100 48 bascat.

1101 2126 96 52 III.
1161 2126 144 52 Laetitia
1269 2126 60 52 &
1293 2126 168 52 Consolatio
1426 2126 96 52 quam
1486 2126 132 52 fideles
1582 2126 144 52 sentiunt
1690 2126 72 52 in
1727 2126 144 52 cordibus
1823 2126 72 52 suit

1073 2171 62 43 ex
1104 2171 144 43 nativitate
1216 2171 123 43 Christi,
1309 2171 82 43 Luc.
1360 2171 62 43 2.
1391 2171 62 43 v.
1422 2171 72 43 10,
1463 2171 72 43 11,
1494 2171 51 43 25.

1111 2194 75 50 V.
1149 2194 176 50 Desiderium
1287 2194 151 50 migrandi
1400 2194 75 50 ex
1438 2194 88 50 hac
1488 2194 113 50 vita.
1564 2194 88 50 Nam
1614 2194 138 50 Christi
1714 2194 163 50 nativitas
1827 2194 63 50 ef-

1071 2230 103 46 fecit
1139 2230 68 46 in
1173 2230 125 46 Simeone
1264 2230 91 46 illo
1321 2230 114 46 justo,
1401 2230 68 46 ut
1435 2230 125 46 peteret
1526 2230 57 46 a
1549 2230 80 46 Deo
1595 2230 68 46 se
1629 2230 125 46 dimitti
1720 2230 80 46 cum
1766 2230 103 46 pace,
1823 2230 68 46 Luc-

1075 2272 64 38 2.
1107 2272 75 38 28,
1150 2272 75 38 29.
1193 2272 75 38 Sic
1236 2272 64 38 in
1268 2272 97 38 aliis
1333 2272 97 38 verae
1397 2272 139 38 fidelibus
1504 2272 172 38 consideratio
1644 2272 161 38 nativitatis
1772 2272 107 38 Chisti
1837 2272 64 38 adi-

1077 2304 91 36 mit
1129 2304 116 36 metum
1206 2304 142 36 mortis,
1310 2304 129 36 minuit
1400 2304 65 36 &
1426 2304 129 36 tandem
1517 2304 129 36 aufert
1607 2304 129 36 amorem
1698 2304 116 36 hujus
1763 2304 129 36 terrena-

1063 2340 112 37 vitae,
1141 2340 167 37 accenditque
1275 2340 156 37 desiderium
1397 2340 134 37 aeternae
1498 2340 112 37 vitae:
1576 2340 89 37 quum
1632 2340 123 37 sciant,
1721 2340 78 37 non
1765 2340 89 37 ideo
1810 2340 78 37 Chri-

1073 2372 100 39 stum
1136 2372 125 39 natum,
1224 2372 75 39 ut
1261 2372 75 39 in
1299 2372 88 39 hac
1349 2372 138 39 mortali
1449 2372 100 39 vita
1512 2372 188 39 haeretemus,
1662 2372 88 39 sed
1712 2372 75 39 ut
1737 2372 163 39 sempiternam

1077 2409 108 33 illam
1149 2409 192 33 caelestemque
1306 2409 217 33 consequeremur.
1486 2409 84 33 Ita
1534 2409 156 33 nativitas
1654 2409 132 33 Christi
1751 2409 84 33 nos
1787 2409 120 33 consola-

1065 2441 89 35 tur
1116 2441 152 35 adversus
1230 2441 114 35 metum
1306 2441 127 35 mortis
1382 2441 165 35 corporalis.

1112 2468 156 42 SUBJECTA
1229 2468 195 42 nativitatis
1385 2468 143 42 Christi
1489 2468 91 42 jam
1542 2468 182 42 explicanda
1685 2468 117 42 sunt.
1763 2468 117 42 Natus
1828 2468 65 42 est

1080 2507 139 39 Christus
1184 2507 162 39 Bethlchemi
1311 2507 69 39 in
1346 2507 127 39 Judaea,
1439 2507 69 39 ut
1473 2507 139 39 legitur,
1577 2507 116 39 Matth.
1658 2507 69 39 2.
1693 2507 69 39 v.
1727 2507 69 39 1.
1762 2507 58 39 &
1773 2507 116 39 sequenti

1077 2547 90 39 bus,
1133 2547 90 39 Luc.
1189 2547 67 39 2.
1223 2547 67 39 v.
1256 2547 67 39 4,
1290 2547 67 39 5,
1323 2547 67 39 6,
1357 2547 67 39 7,
1391 2547 78 39 10,
1435 2547 78 39 11.
1480 2547 67 39 Id
1514 2547 112 39 factum
1592 2547 101 39 juxta
1660 2547 168 39 prophetiam,
1794 2547 101 39 Mich.
1850 2547 45 39 5.

1078 2578 69 44 v.
1112 2578 69 44 2.
1146 2578 69 44 At
1181 2578 69 44 tu
1215 2578 149 44 Bethlehem
1330 2578 161 44 Euphratae,
1456 2578 115 44 minima
1537 2578 69 44 ut
1571 2578 80 44 sis
1617 2578 69 44 in
1651 2578 126 44 ducibus
1743 2578 115 44 Iudae,
1824 2578 69 44 ex
1847 2578 57 44 te-

1085 2610 90 39 nihi
1141 2610 135 39 prodibit
1242 2610 123 39 futurus
1332 2610 146 39 dominator
1444 2610 67 39 in
1478 2610 135 39 Israele.
1579 2610 67 39 Et
1612 2610 67 39 I.
1646 2610 112 39 Chron.
1725 2610 79 39 11.
1770 2610 67 39 v.
1803 2610 79 39 17.
1848 2610 67 39 Et

1080 2644 158 35 desiderio
1201 2644 109 35 motus
1274 2644 109 35 David
1347 2644 121 35 dixit:
1432 2644 61 35 O
1456 2644 73 35 si
1492 2644 97 35 quis
1553 2644 146 35 bibendam
1662 2644 109 35 daret
1735 2644 97 35 mihi
1796 2644 121 35 aquam,
1869 2644 36 35 e

1073 2682 157 36 cisterna
1191 2682 183 36 Bethlehemi
1335 2682 105 36 quae
1400 2682 92 36 est
1453 2682 79 36 ad
1492 2682 144 36 portam!
1597 2682 118 36 David
1675 2682 157 36 Christum
1780 2682 118 36 Dominum

1078 2714 188 40 Bethichemae
1229 2714 175 40 nasciturum
1366 2714 75 40 in
1404 2714 138 40 spiritu
1504 2714 163 40 sitiebat,
1629 2714 88 40 non
1679 2714 113 40 aquam
1741 2714 163 40 corporalem,

1095 2752 94 42 quam
1154 2752 129 42 allatam
1248 2752 117 42 noluit
1330 2752 129 42 bibere,
1424 2752 82 42 sed
1470 2752 129 42 effudit
1564 2752 82 42 eam
1599 2752 106 42 Jehovae

1105 2776 114 43 USUS
1176 2776 85 43 I.
1219 2776 213 43 Confirmatur
1389 2776 171 43 Christum
1517 2776 142 43 revera
1617 2776 100 43 jam
1674 2776 185 43 exhibitum
1801 2776 100 43 esse,

1077 2815 141 44 quoniam
1179 2815 102 44 urbs
1243 2815 205 44 Bethlehemum,
1410 2815 89 44 ubi
1461 2815 115 44 nasci
1537 2815 141 44 debuit,
1640 2815 89 44 jam
1691 2815 128 44 deleta
1780 2815 89 44 est
1819 2815 89 44 ultra

1086 2849 111 45 innos
1159 2849 111 45 mille
1233 2849 184 45 quingentos,
1381 2849 135 45 nunquam
1479 2849 184 45 instauranda
1627 2849 61 45 a
1651 2849 148 45 Judaeis,
1762 2849 74 45 ut
1799 2849 86 45 ibi
1836 2849 61 45 do-

1085 2886 145 47 minatum
1177 2886 172 47 recuperent.

1105 2910 91 60 II.
1157 2910 196 60 Confirmatur
1314 2910 196 60 providentia
1470 2910 104 60 Dei,
1535 2910 91 60 qua
1587 2910 117 60 locus
1665 2910 78 60 in
1705 2910 91 60 quo
1757 2910 169 60 unumquod

1089 2951 74 51 que
1132 2951 95 51 fieri
1195 2951 95 51 debet
1258 2951 147 51 destinatus
1363 2951 63 51 est,

1119 2988 101 43 III.
1183 2988 101 43 Quod
1246 2988 152 43 Christus
1360 2988 177 43 Bethlehemi
1499 2988 114 43 natus
1575 2988 101 43 est,
1638 2988 89 43 hoc
1689 2988 101 43 est,
1752 2988 76 43 in
1790 2988 101 43 domo
1841 2988 63 43 pa-

1070 3017 99 49 nis,
1131 3017 74 49 eo
1168 3017 148 49 docemur,
1279 3017 148 49 Christum
1390 3017 99 49 esse
1451 3017 111 49 verum
1525 3017 111 49 illum
1599 3017 111 49 panem
1673 3017 111 49 vitae
1747 3017 86 49 qui
1796 3017 74 49 de
1821 3017 86 49 caelo

1079 3056 151 37 descendit,
1198 3056 86 37 Joh.
1252 3056 65 37 6.
1284 3056 65 37 v.
1316 3056 75 37 33.
1359 3056 65 37 De
1392 3056 75 37 quo
1435 3056 129 37 legitur,
1532 3056 97 37 Apoc.
1596 3056 65 37 2.
1629 3056 65 37 v.
1661 3056 75 37 17.
1704 3056 65 37 Et
1737 3056 151 37 quivicerit
1844 3056 65 37 tri-

1083 3091 97 47 buam
1143 3091 72 47 ut
1180 3091 97 47 edat
1240 3091 109 47 Manna
1312 3091 109 47 illud
1385 3091 193 47 absconditum,
1542 3091 72 47 id
1578 3091 97 47 est,
1638 3091 145 47 Christum
1747 3091 85 47 qui
1795 3091 85 47 est
1844 3091 85 47 ab

1072 3123 150 47 sconditus
1187 3123 81 47 iis
1233 3123 81 47 qui
1267 3123 115 47 pereunt.

1113 3150 87 44 IV.
1162 3150 99 44 Quod
1224 3150 148 44 Christus
1335 3150 111 44 natus
1409 3150 87 44 est
1459 3150 74 44 in
1496 3150 161 44 Bethlehem
1620 3150 161 44 Ephratae,
1743 3150 87 44 hoc
1793 3150 99 44 est,
1842 3150 62 44 in-

1043 3195 59 42 &
1067 3195 95 42 loco
1126 3195 154 42 frugifero
1244 3195 59 42 &
1268 3195 142 42 geniali,
1374 3195 71 42 eo
1410 3195 142 42 docemur,
1516 3195 130 42 Christi
1611 3195 165 42 nativitate
1741 3195 142 42 plurimos
1835 3195 71 42 fru-

1078 3219 94 42 ctus
1137 3219 70 42 ad
1172 3219 82 42 nos
1219 3219 129 42 redite,
1313 3219 129 42 Christi
1407 3219 164 42 nativitate
1536 3219 129 42 nostram
1630 3219 176 42 nativitatem
1759 3219 153 42 sanctifica-

1072 3267 81 48 ri,
1119 3267 128 48 Christi
1212 3267 163 48 nativitate
1340 3267 81 48 nos
1386 3267 116 48 quoque
1468 3267 105 48 denuo
1526 3267 93 48 gigni.
