2063 3444
206 178 76 56 V.
244 178 114 56 Natus
320 178 89 56 est
371 178 203 56 Bethiehemae,
535 178 101 56 quae
599 178 114 56 inter
675 178 114 56 omnes
751 178 139 56 Judaeae
852 178 165 56 civitates
966 178 63 56 mi-

180 212 103 55 trima
248 212 92 55 erat
306 212 92 55 quia
363 212 115 55 noluit
444 212 138 55 quemquam
547 212 69 55 de
582 212 172 55 cujuscunque
720 212 138 55 tersenae
823 212 149 55 civitatis
927 212 57 55 vel

185 251 162 48 sublimitate
314 251 140 48 gloriari,
422 251 75 48 vel
465 251 151 48 humilitate
584 251 54 48 &
605 251 129 48 vilitate
691 251 108 48 doleres.

216 284 106 47 Porro
287 284 82 47 nan
334 284 70 47 in
369 284 141 47 parentum
474 284 106 47 domo,
545 284 82 47 sed
591 284 70 47 in
627 284 82 47 via
673 284 106 47 atque
744 284 70 47 in
779 284 117 47 alieno
861 284 106 47 natus
920 284 70 47 est:

179 324 73 39 ut
215 324 85 39 nos
264 324 73 39 in
301 324 134 39 patriam
399 324 110 39 veram
472 324 73 39 ac
509 324 147 39 propriam
618 324 171 39 adduceret.

440 356 82 54 Sic
487 356 82 54 est
534 356 71 54 de
570 356 141 54 subiecto
664 356 82 54 loco.

223 411 81 43 Cui
270 411 104 43 natus
339 411 81 43 sit
386 411 151 43 Christus,
501 411 139 43 expresse
606 411 104 43 docet
675 411 127 43 Angelus
768 411 81 43 cum
814 411 81 43 ait
849 411 139 43 pastoribus

190 445 79 48 Luc
235 445 68 48 2.
269 445 68 48 v.
303 445 79 48 10,
348 445 79 48 11.
393 445 91 48 Ecce
450 445 79 48 ego
495 445 158 48 evangelixo
620 445 113 48 vobis,
699 445 124 48 gaudium
789 445 124 48 magnum,
880 445 91 48 quod
925 445 68 48 erit

189 477 101 52 TOTI
253 477 139 52 POPULO:
354 477 101 52 quia
417 477 114 52 natus
493 477 89 52 est
544 477 114 52 VOBIS
620 477 114 52 hodie
696 477 152 52 Servator
810 477 89 52 qui
860 477 89 52 est
898 477 89 52 Chri-

190 512 98 45 stus
251 512 146 45 Dominus.
360 512 171 45 Intelligit
495 512 110 45 autem
568 512 134 45 Angelus
665 512 110 45 totum
738 512 134 45 populum
836 512 98 45 vere
885 512 98 45 credem

187 552 88 33 tium
242 552 66 33 in
275 552 133 33 Christum
375 552 55 33 &
397 552 66 33 fi
430 552 66 33 se
463 552 77 33 eum
507 552 199 33 suscipientium,
673 552 99 33 sicut
739 552 121 33 Jesaias
827 552 66 33 de
861 552 66 33 se
894 552 55 33 &
916 552 88 33 alii

182 585 81 42 vere
233 585 122 42 fidelib.
324 585 71 42 ait
364 585 61 42 c.
395 585 61 42 9.
425 585 61 42 v.
455 585 61 42 6.
486 585 81 42 Puer
536 585 91 42 natus
597 585 71 42 est
638 585 101 42 nobis,
709 585 101 42 filius
779 585 101 42 daulus
850 585 101 42 nobis.
911 585 71 42 Huju-

195 616 222 34 circumstantiae
379 616 99 34 usum
441 616 160 34 sequentia
564 616 172 34 theoremata
687 616 148 34 ostendunt:

223 648 67 46 I.
256 648 101 46 JESUS
324 648 135 46 Christus
425 648 79 46 pro
470 648 101 46 solis
537 648 124 46 electis
627 648 67 46 ad
661 648 101 46 vitam
729 648 146 46 aeternam,
841 648 79 46 est
875 648 112 46 incarna.

199 684 69 46 us
234 684 58 46 &
257 684 115 46 natus.
338 684 115 46 Quibus
419 684 92 46 enim
476 684 138 46 aeternum
580 684 150 46 servandis
695 684 81 46 est
741 684 173 46 suscitatus,
880 684 81 46 pro
914 684 81 46 illis

191 717 79 45 est
236 717 158 45 incarnatus
360 717 57 45 &
383 717 113 45 natus.
462 717 102 45 Atqui
530 717 102 45 solis
598 717 125 45 electis
689 717 68 45 ad
723 717 102 45 vitam
791 717 147 45 aeternam,
892 717 91 45 aeter-

190 748 80 39 num
235 748 149 39 servandis
350 748 80 39 est
396 748 172 39 suscitatus.
534 748 103 39 Ergo,
592 748 57 39 &c.

233 780 194 40 Agnoverunt
385 780 97 40 hoc
441 780 69 40 &
468 780 152 40 veteres
579 780 152 40 Patres:
690 780 180 40 GRECORIUS
828 780 152 40 Magnus,
925 780 69 40 Ro-

189 814 109 36 manus
261 814 157 36 Episcopus
382 814 85 36 lib
430 814 72 36 2.
467 814 109 36 super
539 814 181 36 Ezechielem,
684 814 133 36 homilia
781 814 205 36 decimatertia,
938 814 60 36 pa-

196 852 91 39 gina
253 852 171 39 ducentesima
389 852 125 39 quarta,
480 852 125 39 secundi
571 852 102 39 tomi,
639 852 91 39 ait;
696 852 137 39 Redemtor
799 852 114 39 noster
878 852 80 39 pro
912 852 80 39 boni-

201 877 203 47 misericordter
357 877 144 47 incarnatus

230 914 97 37 II.
286 914 181 37 Electorum
425 914 83 37 ad
467 914 125 37 vitam
550 914 167 37 aeternam
675 914 167 37 Mediator
800 914 111 37 apud
870 914 111 37 Deum
925 914 70 37 est

205 939 152 52 Christus.
322 939 82 52 Nam
369 939 117 52 quibus
450 939 140 52 Christus
555 939 82 52 est
602 939 175 52 suscitatus,
742 939 105 52 eorum
811 939 82 52 est
858 939 140 52 Mediator
951 939 47 52 a-

203 985 80 49 pud
248 985 103 49 Deum:
317 985 69 49 At
352 985 126 49 electis
444 985 69 49 ad
478 985 103 49 vitam
547 985 138 49 aeternam
650 985 138 49 Christus
754 985 80 49 est
800 985 172 49 suscitatus:
926 985 69 49 Ergo

197 1011 115 37 eorum
274 1011 89 37 est
312 1011 140 37 Mediator.

238 1048 97 53 III.
298 1048 84 53 Pro
347 1048 109 53 solis
419 1048 133 53 electis
515 1048 72 53 ad
552 1048 109 53 vitam
624 1048 145 53 aeternam
733 1048 145 53 Christus
841 1048 84 53 est
889 1048 121 53 passus
962 1048 36 53 &

206 1084 132 32 mortuus:
305 1084 88 32 quia
360 1084 99 32 solis
426 1084 88 32 llis
481 1084 77 32 est
525 1084 154 32 suscitatus
646 1084 55 32 &
657 1084 77 32 natus

231 1112 81 42 IV.
278 1112 69 42 In
312 1112 92 42 solo
370 1112 127 42 Christo
462 1112 92 42 sita
520 1112 81 42 est
566 1112 115 42 nostra
647 1112 138 42 justitia
750 1112 58 42 &
773 1112 196 42 reconciliatio
923 1112 81 42 coram

202 1148 85 45 Deo,
255 1148 127 45 salusque
351 1148 127 45 aeterna:
446 1148 85 45 quia
499 1148 85 45 ipse
552 1148 74 45 est
595 1148 148 45 suscitatus
701 1148 74 45 nobis

229 1181 124 34 Errant
315 1181 124 34 igitur
402 1181 161 34 plurimum,
526 1181 87 34 qui
576 1181 161 34 statuunt,
700 1181 149 34 Christum
812 1181 87 34 pro
861 1181 137 34 omnibus
948 1181 50 34 o-

193 1214 129 35 mnino
279 1214 187 35 hominibus
422 1214 201 35 incarnatum
580 1214 72 35 &
609 1214 144 35 natum:
710 1214 144 35 Eundem
810 1214 144 35 omnium
896 1214 101 35 omni-

195 1247 81 33 no
235 1247 148 33 hominum
342 1247 188 33 Mediatorem
490 1247 108 33 apud
557 1247 108 33 Deum
625 1247 121 33 esse:
705 1247 121 33 ipsum
786 1247 94 33 pro
840 1247 175 33 universis
961 1247 40 33 &

204 1277 148 40 singulis
315 1277 161 40 hominibus
438 1277 136 40 passuin
537 1277 62 40 &
562 1277 148 40 mortuum:
673 1277 173 40 justitiam,
809 1277 185 40 expiationem
945 1277 62 40 no-

194 1312 101 41 stri
257 1312 63 41 &
283 1312 139 41 salutem
383 1312 151 41 aeternam
497 1312 88 41 vel
547 1312 113 41 totam
623 1312 88 41 vel
673 1312 76 41 ex
711 1312 113 41 parte
787 1312 113 41 alibi
850 1312 151 41 quaerendam

195 1346 105 45 quam
260 1346 78 45 in
286 1346 131 45 Christo.

240 1374 105 45 Haec
306 1374 224 45 circumstantia
490 1374 145 45 nostram
595 1374 145 45 accusat
700 1374 237 45 ingratitudinem
884 1374 132 45 adversus

203 1412 122 35 Deum,
285 1412 108 35 quum
352 1412 95 35 non
407 1412 176 35 desinamus
542 1412 163 35 peccatis
664 1412 108 35 Deum
732 1412 176 35 irritare,
867 1412 108 35 quum
921 1412 95 35 nobis

210 1444 152 35 Christum
325 1444 216 35 suscitaverit,
502 1444 102 35 quum
566 1444 127 35 nostro
655 1444 102 35 bono
718 1444 152 35 Christus
832 1444 127 35 carnem
908 1444 102 35 assum-

198 1478 104 47 serit
268 1478 139 47 humanam.
372 1478 81 47 Qui
419 1478 70 47 in
453 1478 139 47 peccatis
558 1478 186 47 perseverant,
709 1478 128 47 perinde
801 1478 104 47 agunt
871 1478 70 47 ac
906 1478 70 47 si
929 1478 81 47 Chri-

205 1513 97 40 stus
266 1513 110 40 ipsis
339 1513 134 40 gratiam
436 1513 122 40 habere
521 1513 146 40 deberet,
631 1513 97 40 quod
691 1513 97 40 homo
752 1513 122 40 factus
838 1513 97 40 sit.
898 1513 110 40 Atqui
959 1513 61 40 non

211 1545 96 41 sibi
271 1545 108 41 natus
343 1545 96 41 est,
403 1545 84 41 non
451 1545 84 41 suo
499 1545 96 41 bono
559 1545 60 41 &
583 1545 144 41 commodo:
691 1545 84 41 sed
739 1545 120 41 nobis,
823 1545 84 41 sed
871 1545 120 41 nostro
943 1545 60 41 bo-

207 1586 78 33 no
246 1586 65 33 &
272 1586 156 33 commodo.
389 1586 91 33 Bis
442 1586 130 33 igitur
533 1586 143 33 ingrati
637 1586 130 33 sumus,
728 1586 91 33 qui
780 1586 130 33 tantum
859 1586 156 33 beneficium

201 1610 84 43 non
249 1610 181 43 agnoscimus,
394 1610 60 43 &
418 1610 72 43 ut
454 1610 84 43 par
502 1610 84 43 est
550 1610 181 43 aestimamus,
695 1610 108 43 verum
767 1610 108 43 etiam
839 1610 157 43 maleficia
948 1610 60 43 re

188 1648 150 45 ponimus.

237 1676 108 49 Eadem
309 1676 120 49 igitur
393 1676 192 49 circumstatia
549 1676 132 49 incitat
646 1676 84 49 nos
694 1676 72 49 ad
730 1676 192 49 gratitudinem
886 1676 96 49 erga
934 1676 72 49 Deum

211 1708 83 41 Nam
258 1708 118 41 quibus
341 1708 141 41 Christus
447 1708 165 41 suscitatus
577 1708 59 41 &
600 1708 106 41 natus
671 1708 94 41 est,
730 1708 106 41 eorum
801 1708 141 41 officium
907 1708 83 41 est
942 1708 71 41 Deo.

205 1742 112 42 Patri,
283 1742 101 42 Filio
351 1742 56 42 &
373 1742 135 42 Spiritui
475 1742 112 42 Sancto
553 1742 124 42 gratias
643 1742 112 42 agere,
722 1742 79 42 eum
767 1742 124 42 debitis
857 1742 135 42 laudibus
947 1742 56 42 ex-

211 1778 131 39 toliere,
309 1778 76 39 non
353 1778 98 39 solum
418 1778 120 39 verbis,
505 1778 76 39 sed
549 1778 98 39 etiam
615 1778 76 39 to:
658 1778 55 39 a
680 1778 87 39 vita
734 1778 65 39 At
767 1778 98 39 nobis
833 1778 153 39 suscitatus
942 1778 65 39 est,

210 1813 112 37 nobis
284 1813 87 37 est
334 1813 125 37 natus,
422 1813 125 37 nobis,
509 1813 137 37 inquam,
609 1813 87 37 qui
658 1813 137 37 perditi
758 1813 162 37 fueramus,
883 1813 87 37 qui
933 1813 87 37 cum
970 1813 75 37 ipso

208 1849 127 43 collati
300 1849 104 43 nihil
369 1849 115 43 sumus:
449 1849 81 43 ita
495 1849 69 43 ut
530 1849 115 43 merito
610 1849 173 43 unusquisque
748 1849 115 43 dicere
829 1849 81 43 cum
875 1849 115 43 Davide
944 1849 58 43 Re-

217 1873 69 46 ge
251 1873 126 46 debeat,
342 1873 91 46 Quis
399 1873 80 46 sum
445 1873 91 46 ego,
502 1873 114 46 Domine
582 1873 126 46 Iehivi,
673 1873 57 46 &
696 1873 91 46 quae
753 1873 80 46 est
799 1873 126 46 familia
890 1873 91 46 mea,
947 1873 91 46 quod

213 1906 115 46 deducis
296 1906 63 46 me
328 1906 115 46 eousque
412 1906 63 46 2.
443 1906 84 46 Sam.
495 1906 63 46 7.
527 1906 63 46 v.
558 1906 73 46 19.
600 1906 63 46 Et
631 1906 63 46 ex
663 1906 63 46 Ps
694 1906 63 46 8.
726 1906 63 46 5.
757 1906 84 46 Quid
810 1906 73 46 est
851 1906 136 46 mortalis,
956 1906 84 46 quod

214 1941 102 41 memor
282 1941 68 41 es
316 1941 137 41 eju:gaut
418 1941 114 41 filius
498 1941 137 41 hominis,
601 1941 91 41 quod
657 1941 125 41 visitas
737 1941 57 41 eum

258 1972 91 46 dos
310 1972 130 46 igitur
401 1972 156 46 laudibus
518 1972 104 46 Deum
583 1972 169 46 exto:dere
714 1972 156 46 aeternum
831 1972 169 46 debeamus,
948 1972 65 46 nos

212 2005 104 53 grati
282 2005 93 53 esse
340 2005 139 53 debemus,
444 2005 81 53 non
490 2005 139 53 tantummo
594 2005 69 53 so
629 2005 127 53 verbis,
721 2005 81 53 sed
767 2005 104 53 etiam
837 2005 104 53 vitam
895 2005 69 53 tota

246 2028 113 55 Eadem
322 2028 214 55 circumstantia
499 2028 113 55 nobis
574 2028 214 55 consolationem
751 2028 177 55 suppeditat
877 2028 126 55 multipli

215 2069 101 44 cem,
279 2069 76 44 ad
317 2069 101 44 quam
380 2069 203 44 amplectendam
545 2069 165 44 Prophetae
672 2069 63 44 &
697 2069 127 44 Angeli
786 2069 127 44 sancti
874 2069 89 44 nos
912 2069 89 44 exhor

225 2104 111 42 tantur,
306 2104 91 42 Lach.
366 2104 50 42 9
386 2104 61 42 v.
417 2104 61 42 9.
447 2104 81 42 ait:
497 2104 111 42 Exsulta
578 2104 91 42 valde
639 2104 91 42 filia
699 2104 131 42 TEijonis,
800 2104 101 42 clange
871 2104 91 42 filia
921 2104 91 42 Ieroso-

213 2133 138 46 lymorum,
317 2133 92 46 Ecce
375 2133 81 46 Rex
421 2133 92 46 tuus
478 2133 127 46 advenit
571 2133 104 46 tibi,
640 2133 115 46 iustus
720 2133 58 46 &
743 2133 115 46 salute
824 2133 150 46 praeditus
939 2133 92 46 est.
985 2133 58 46 Per

228 2170 122 42 Iesaiam
317 2170 144 42 Prophetam
427 2170 89 42 cap.
483 2170 78 42 40.
527 2170 67 42 v.
561 2170 67 42 1.
594 2170 55 42 &
616 2170 67 42 2.
649 2170 89 42 Deus
705 2170 89 42 ait,
760 2170 177 42 Consolamini,
893 2170 111 42 consola;

213 2198 93 46 mini
271 2198 127 46 populum
364 2198 104 46 meum,
434 2198 104 46 dicit
503 2198 93 46 Deus
561 2198 127 46 vester:
654 2198 151 46 Loquimini
770 2198 70 46 ad
804 2198 81 46 cor
839 2198 174 46 Ierosolymorum

219 2235 55 44 &
241 2235 155 44 praedicate
363 2235 78 44 ei,
407 2235 144 44 completum
518 2235 89 44 esse
574 2235 111 44 tempus
651 2235 166 44 praefinitum
784 2235 100 44 eius,
851 2235 144 44 exsolutam
951 2235 55 44 est

228 2272 159 38 iniquitatem
356 2272 96 38 etus.
419 2272 117 38 Angelus
504 2272 85 38 vero
557 2272 85 38 Luc.
610 2272 64 38 2.
642 2272 64 38 v.
674 2272 74 38 10,
717 2272 74 38 11,
759 2272 85 38 ait:
812 2272 85 38 Ecce
865 2272 127 38 annuncio
950 2272 53 38 vo-

219 2296 86 51 bis
268 2296 135 51 gaudium
366 2296 122 51 magnum
451 2296 98 51 quod
512 2296 135 51 futurum
610 2296 86 51 est
659 2296 98 51 toti
720 2296 135 51 populo,
818 2296 110 51 Nempe
892 2296 110 51 natum
953 2296 61 51 ese

218 2340 108 38 vobis
290 2340 108 38 hodie
362 2340 180 38 Servatorem,
506 2340 84 38 qui
554 2340 84 38 est
602 2340 144 38 Christus
709 2340 144 38 Dominus,
817 2340 72 38 in
853 2340 96 38 urbe
901 2340 108 38 Davidis

231 2372 81 39 Unde
281 2372 71 39 sic
322 2372 152 39 ratiocinari
443 2372 101 39 licet:

252 2389 110 65 Quibus
329 2389 132 65 Christus
428 2389 77 65 est
472 2389 110 65 natus,
549 2389 66 65 ii
582 2389 121 65 gaudere
670 2389 55 65 &
692 2389 110 65 solari
769 2389 88 65 sese
824 2389 154 65 nativitate
934 2389 77 65 Chri-

224 2435 82 45 sti
259 2435 106 45 debent:

266 2469 75 42 At
304 2469 113 42 NOBIS
380 2469 151 42 Christus
493 2469 88 42 est
530 2469 101 42 natus:

257 2489 82 55 Nos
304 2489 118 55 igitur
387 2489 129 55 gaudere
481 2489 59 55 &
504 2489 118 55 solari
587 2489 82 55 nos
634 2489 165 55 nativitate
763 2489 129 55 Christi
845 2489 118 55 debemus.

262 2527 134 51 Laetitia
363 2527 101 51 autem
430 2527 56 51 &
452 2527 157 51 consolatio
575 2527 90 51 haec
631 2527 67 51 ex
665 2527 157 51 nativitate
788 2527 123 51 Christi
878 2527 78 51 non
922 2527 78 51 est
956 2527 56 51 va-

225 2567 69 44 na
260 2567 69 44 ac
295 2567 127 44 inanis.
388 2567 81 44 Nam
434 2567 58 44 I
457 2567 116 44 Quibus
538 2567 139 44 Christus
642 2567 81 44 est
689 2567 116 44 natus,
770 2567 69 44 ii
805 2567 93 44 sunt
862 2567 174 44 reconciliat

226 2601 89 46 Deo,
281 2601 100 46 illis
348 2601 133 46 justitia
448 2601 56 46 &
470 2601 100 46 salus
537 2601 122 46 aeterna
626 2601 122 46 reducta
715 2601 89 46 est.
770 2601 67 46 At
804 2601 100 46 nobis
871 2601 133 46 Christus
959 2601 56 46 na-

227 2629 79 48 tus
272 2629 90 48 est:
328 2629 79 48 Nos
373 2629 112 48 igitur
452 2629 101 48 sumus
519 2629 180 48 reconciliati
665 2629 90 48 Deo,
721 2629 101 48 nobis
789 2629 135 48 justitia
890 2629 56 48 &
913 2629 101 48 salus
969 2629 56 48 ae-

223 2663 109 45 cerna
295 2663 169 45 restituta.
428 2663 97 45 Hanc
489 2663 205 45 consolationem
658 2663 133 45 Angelus
754 2663 133 45 indicat
851 2663 97 45 quum
911 2663 97 45 ait:
960 2663 60 45 Na-

221 2699 79 42 tum
266 2699 91 42 esse
323 2699 102 42 vobis
390 2699 102 42 hodie
458 2699 170 42 Servatorem:
594 2699 68 42 Et
628 2699 113 42 Paulus
707 2699 91 42 Gal.
764 2699 68 42 4.
798 2699 68 42 v.
832 2699 68 42 4.
866 2699 136 42 Postquam
956 2699 57 42 ve-

223 2728 79 55 nit
268 2728 146 55 plenitudo
380 2728 146 55 temporis,
493 2728 101 55 misit
560 2728 90 55 Deus
616 2728 112 55 Filium
695 2728 90 55 suum
751 2728 112 55 factum
830 2728 67 55 ex
864 2728 135 55 multere,
954 2728 56 55 fa-

224 2775 94 44 ctum
283 2775 94 44 Legi
330 2775 142 44 subiectum,

259 2787 83 58 II.
307 2787 118 58 Quibus
389 2787 142 58 Christus
496 2787 107 58 natus
567 2787 95 58 est,
626 2787 107 58 illos
698 2787 142 58 profecto
804 2787 95 58 Deus
863 2787 142 58 diligit:
970 2787 107 58 sicut

222 2831 132 47 dicitur
318 2831 96 47 Joh.
378 2831 72 47 3.
414 2831 84 47 Sic
462 2831 96 47 Deus
522 2831 132 47 dilexit
618 2831 132 47 mundum,
713 2831 72 47 ut
749 2831 120 47 Filium
833 2831 96 47 suum
881 2831 144 47 udigenitum

224 2866 133 48 dederi,
321 2866 73 48 At
357 2866 109 48 nobis
429 2866 145 48 Christus
538 2866 109 48 natus
611 2866 97 48 est.
671 2866 85 48 Nos
720 2866 121 48 igitur
804 2866 97 48 Deus
865 2866 145 48 diligit.
961 2866 73 48 Hanc

230 2898 192 45 consolationem
388 2898 170 45 consignavit
524 2898 136 45 Johanne-
625 2898 68 45 in
659 2898 136 45 epistola
761 2898 113 45 prima,
840 2898 68 45 c.
874 2898 68 45 4.
908 2898 68 45 v.
942 2898 68 45 9.
964 2898 57 45 Pet

228 2925 79 60 hoc
273 2925 147 60 manifesta
386 2925 102 60 facta
454 2925 79 60 est
499 2925 136 60 charitas
601 2925 79 60 Dei
646 2925 68 60 in
680 2925 91 60 nos,
737 2925 91 60 quod
793 2925 113 60 Filium
873 2925 102 60 illum
940 2925 91 60 suum
986 2925 45 60 u-

226 2974 166 43 nigenitum
354 2974 115 43 misit
431 2974 102 43 Deus
495 2974 77 43 in
521 2974 102 43 mundum

258 2981 93 68 III.
317 2981 116 68 Quibus
398 2981 140 68 Christus
503 2981 105 68 natus
573 2981 93 68 est,
631 2981 105 68 illis
701 2981 82 68 est
747 2981 128 68 gloriae
841 2981 58 68 &
864 2981 128 68 honori:
945 2981 82 68 Nobis

231 3028 103 53 natus
299 3028 92 53 est:
357 3028 92 53 Ergo
414 3028 103 53 nobis
483 3028 80 53 est
528 3028 126 53 gloriae
620 3028 57 53 &
643 3028 126 53 honori.
735 3028 92 53 Haec
792 3028 160 53 consolatio
906 3028 115 53 proponi-

236 3059 72 51 tur
277 3059 93 51 Jesa.
339 3059 62 51 4.
370 3059 62 51 v.
401 3059 62 51 1.
432 3059 114 51 Tempore
515 3059 83 51 illo
567 3059 83 51 erit
618 3059 103 51 germen
691 3059 114 51 Iehovae
774 3059 103 51 gloria
846 3059 52 51 &
867 3059 114 51 honori,
950 3059 52 51 &
960 3059 62 51 fru-

226 3100 89 40 ctus
282 3100 89 40 ipse
338 3100 112 40 terrae
416 3100 168 40 excellentia
550 3100 56 40 &
572 3100 145 40 ornamento
684 3100 190 40 superstitibus
841 3100 145 40 Israelis.
953 3100 78 40 Luc
986 3100 45 40 2.

236 3126 82 55 30.
283 3126 82 55 31,
330 3126 82 55 32.
376 3126 140 55 Viderunt
481 3126 105 55 oculi
551 3126 82 55 mei
597 3126 128 55 salutem
690 3126 105 55 tuam,
760 3126 93 55 Quam
819 3126 128 55 parasti
912 3126 70 55 in
947 3126 116 55 oculis
1016 3126 47 55 o-

225 3157 114 54 mnium
301 3157 177 54 populorum,
440 3157 114 54 Lumen
516 3157 177 54 detegendum
655 3157 152 54 Gentibus
769 3157 63 54 &
794 3157 139 54 gloriam
895 3157 126 54 populi
971 3157 63 54 tui

233 3194 125 57 Israelis.
330 3194 58 57 1.
359 3194 77 57 Pet.
407 3194 58 57 2.
436 3194 58 57 v.
465 3194 58 57 7.
494 3194 87 57 Vobis
552 3194 68 57 est
590 3194 96 57 honori
658 3194 68 57 qui
687 3194 106 57 creditis,

1063 192 85 52 IV.
1111 192 121 52 Quibus
1196 192 146 52 Christus
1306 192 109 52 natus
1379 192 97 52 est,
1439 192 109 52 illis
1512 192 109 52 etiam
1585 192 85 52 cum
1634 192 73 52 eo
1670 192 97 52 bona
1731 192 121 52 neces

1033 220 105 56 saria
1103 220 105 56 omnia
1173 220 93 56 Deus
1231 220 140 56 gratiose
1336 220 151 56 largitur.
1452 220 105 56 Atqui
1522 220 105 56 nobis
1592 220 140 56 Christus
1697 220 105 56 natus
1755 220 70 56 est:

1038 268 110 51 Nobis
1111 268 122 51 igitur
1197 268 98 51 Deus
1258 268 86 51 una
1307 268 86 51 cum
1356 268 134 51 Christo
1453 268 98 51 bona
1514 268 110 51 omnia
1588 268 171 51 necessaria
1710 268 110 51 gratio-

1027 301 72 44 Se
1063 301 156 44 largietur
1183 301 84 44 Hoc
1231 301 132 44 Jesaias
1327 301 144 44 indicare
1435 301 132 44 voluit,
1531 301 84 44 cum
1579 301 144 44 promissa
1687 301 120 44 nomine
1759 301 72 44 Dei.

1039 334 111 42 urbis
1113 334 210 42 Jerosolymorum
1286 334 185 42 liberatione
1434 334 62 42 &
1459 334 173 42 defensione
1594 334 148 42 adversus
1693 334 136 42 Retrinem.

1027 364 122 45 Regem
1109 364 163 45 Damasci,
1231 364 68 45 &
1258 364 163 45 Pelachum
1380 364 136 45 filium
1475 364 163 45 Remaliae
1597 364 122 45 Regem
1665 364 163 45 Israelita-

1030 400 99 44 rum,
1091 400 173 44 obtulisset
1227 400 148 44 optionem
1339 400 111 44 signi
1413 400 124 44 Achazo
1499 400 99 44 Regi
1561 400 124 44 Judae,
1648 400 62 44 &
1672 400 74 44 is
1697 400 136 44 recusaret

1046 438 116 40 petere
1127 438 104 40 illud
1197 438 69 40 ex
1231 438 92 40 mera
1289 438 196 40 infidelitate,
1451 438 104 40 ultro
1520 438 104 40 dedit
1589 438 127 40 DOMINUS
1682 438 92 40 ipse
1728 438 104 40 signum,

1034 472 140 42 nimirum
1136 472 192 42 nativitatem
1290 472 179 42 Immanuelis
1430 472 77 42 ex
1468 472 153 42 Virgine:
1583 472 102 42 quae
1647 472 166 42 nativitas
1762 472 64 42 si-

1047 500 87 39 num
1096 500 161 39 fidelibus
1220 500 87 39 tum
1270 500 99 39 erat
1332 500 112 39 atque
1406 500 149 39 etiamnum
1518 500 99 39 est,
1580 500 112 39 omnes
1642 500 186 39 promissiones.

1043 535 77 38 Dei
1087 535 166 38 universales
1220 535 55 38 &
1242 535 166 38 singulares,
1375 535 133 38 publicas
1474 535 166 38 privatasque
1607 535 100 38 ratas
1673 535 88 38 esse
1728 535 66 38 in
1751 535 77 38 Chri

1034 600 64 37 8.
1066 600 75 37 31,
1109 600 75 37 32.
1152 600 85 37 Quid
1205 600 107 37 igitur
1280 600 118 37 dicemus
1366 600 64 37 ad
1398 600 96 37 haec?
1462 600 64 37 Si
1494 600 85 37 Deus
1547 600 75 37 pro
1590 600 107 37 nobis,
1665 600 85 37 quis
1718 600 96 37 cotra
1772 600 53 37 nos

1040 632 64 36 Is
1072 632 107 36 quidem
1147 632 75 36 qui
1190 632 117 36 proprio
1275 632 96 36 filio
1339 632 75 36 non
1382 632 139 36 popercit,
1488 632 75 36 sed
1531 632 75 36 pro
1574 632 96 36 nobis
1638 632 117 36 omnibus
1712 632 107 36 tradidi.

1035 665 81 43 eum
1082 665 127 43 (nempe,
1174 665 69 43 ut
1208 665 69 43 se
1243 665 173 43 exinaniret,
1381 665 104 43 servi
1450 665 104 43 forma
1519 665 127 43 assumta
1612 665 58 43 &
1635 665 92 43 Legi
1681 665 138 43 perfectis

1035 731 139 39 mortem,
1136 731 126 39 mortem
1224 731 113 39 autem
1300 731 139 39 crucis)
1401 731 139 39 quomodo
1501 731 88 39 non
1552 731 113 39 etiam
1627 731 88 39 cum
1678 731 76 39 eo
1716 731 113 39 nobis
1779 731 50 39 o-

1044 761 82 43 mnia
1095 761 194 43 gratificabitur:

1075 794 71 40 V.
1111 794 118 40 Quibus
1193 794 141 40 Christus
1299 794 106 40 natus
1370 794 94 40 est,
1429 794 94 40 illi
1487 794 130 40 propter
1582 794 165 40 praesentes
1711 794 59 40 &
1723 794 106 40 futuras

1037 830 197 41 calamitates
1194 830 171 41 nequaquam
1326 830 184 41 formidare,
1470 830 171 41 nequaquam
1602 830 171 41 trepidare
1733 830 66 41 &
1746 830 79 41 ani-

1038 864 74 40 mo
1075 864 135 40 abjecto
1173 864 98 40 esse
1234 864 135 40 debent.
1332 864 74 40 At
1369 864 110 40 nobis
1443 864 147 40 Christus
1553 864 110 40 natus
1626 864 98 40 est:
1688 864 86 40 Nos
1737 864 123 40 igitur

1031 896 144 38 propter
1136 896 183 38 praelentes
1279 896 65 38 &
1306 896 144 38 futuras
1410 896 196 38 calamitates
1567 896 196 38 consternato
1724 896 65 38 &
1737 896 92 38 meti-

1038 932 123 37 culoso
1124 932 111 37 animo
1198 932 99 37 esse
1260 932 123 37 minime
1346 932 148 37 debemus.
1458 932 86 37 Hac
1507 932 198 37 consolatione
1667 932 123 37 utitur
1742 932 86 37 Jesai

1047 963 84 39 as,
1095 963 168 39 confirmans
1227 963 96 39 pios
1287 963 72 39 ex
1323 963 96 39 Juda
1383 963 60 39 &
1407 963 132 39 Israele
1502 963 144 39 adversus
1610 963 132 39 futuras
1694 963 132 39 calamita-

1046 994 86 36 tes,
1100 994 86 36 quum
1154 994 75 36 ait
1197 994 107 36 capite
1272 994 64 36 9.
1304 994 97 36 vers.
1368 994 64 36 6.
1400 994 86 36 Puer
1454 994 97 36 natus
1518 994 75 36 est
1561 994 107 36 nobis,
1637 994 107 36 filius
1712 994 97 36 datus
1765 994 54 36 no-

1040 1026 91 41 bis,
1097 1026 80 41 &c.
1142 1026 68 41 Et
1176 1026 114 41 capite
1256 1026 80 41 11.
1302 1026 103 41 vers.
1370 1026 68 41 1.
1405 1026 80 41 Nam
1450 1026 137 41 prodibit
1553 1026 125 41 virgula
1644 1026 57 41 e
1667 1026 114 41 rrunco
1735 1026 103 41 succiso

1051 1059 121 39 ischai,
1139 1059 55 39 &
1161 1059 133 39 surculus
1261 1059 155 39 eradicibus
1382 1059 88 39 eius
1437 1059 177 39 efflorescet,
1581 1059 77 39 &c.
1625 1059 66 39 Si
1658 1059 121 39 fideles
1736 1059 99 39 Vetrris

1041 1091 168 37 Testamenti
1173 1091 72 37 se
1209 1091 144 37 adversus
1317 1091 180 37 calamitates
1462 1091 156 37 consolari
1582 1091 156 37 debuerunt
1690 1091 144 37 nativitate

1053 1126 141 35 Christi
1156 1126 128 35 futura
1246 1126 103 35 post
1310 1126 141 35 aliquot
1413 1126 116 35 demum
1490 1126 141 35 secuia:
1593 1126 116 35 Multo
1670 1126 116 35 magis
1734 1126 90 35 Chri-

1036 1157 135 42 stianos
1134 1157 209 42 consolationem
1306 1157 147 42 adversus
1416 1157 147 42 aerumnas
1527 1157 74 42 ex
1564 1157 98 42 illa
1625 1157 86 42 jam
1674 1157 111 42 facta
1736 1157 98 42 hauri-

1046 1189 60 46 re
1076 1189 70 46 par
1106 1189 60 46 est.

1086 1220 81 42 VI.
1133 1220 116 42 Quibus
1214 1220 140 42 Christus
1319 1220 105 42 natus
1389 1220 93 42 est,
1447 1220 81 42 eos
1494 1220 81 42 pro
1540 1220 151 42 fratribus
1656 1220 140 42 agnoscit
1761 1220 58 42 &
1773 1220 58 42 ha-

1042 1244 92 49 bet:
1100 1244 69 49 At
1135 1244 104 49 nobis
1204 1244 138 49 Christus
1307 1244 104 49 natus
1376 1244 92 49 est:
1434 1244 81 49 Nos
1480 1244 115 49 igitur
1560 1244 138 49 Christus
1664 1244 81 49 pro
1698 1244 127 49 fratribus

1054 1291 141 36 agnoscit
1160 1291 59 36 &
1183 1291 117 36 habet,
1266 1291 94 36 Hanc
1324 1291 200 36 consolationem
1489 1291 129 36 adhibet
1582 1291 117 36 Paulus
1665 1291 94 36 Heb.
1723 1291 70 36 1.
1759 1291 70 36 v.
1782 1291 47 36 11

1048 1322 80 39 Nam
1093 1322 57 39 &
1116 1322 80 39 qui
1162 1322 184 39 sanctificat,
1312 1322 57 39 &
1335 1322 80 39 qui
1381 1322 218 39 sanctificantur,
1564 1322 69 39 ex
1599 1322 80 39 uno
1645 1322 92 39 sunt
1702 1322 115 39 omnes.
1771 1322 69 39 Quam

1042 1355 66 34 ob
1075 1355 110 34 causam
1152 1355 77 34 non
1196 1355 143 34 erubescit
1305 1355 77 34 eos
1349 1355 110 34 vocare
1415 1355 110 34 fratres.

1090 1388 96 41 VII.
1150 1388 120 41 Quibus
1235 1388 145 41 Christus
1343 1388 108 41 natus
1415 1388 96 41 est,
1476 1388 96 41 illi
1536 1388 84 41 nec
1584 1388 157 41 diabolum,
1704 1388 84 41 nec
1741 1388 96 41 mortem

1055 1420 123 43 amplius
1144 1420 123 43 metuere
1234 1420 123 43 debent.
1324 1420 78 43 Nam
1369 1420 112 43 quibus
1447 1420 134 43 Christus
1548 1420 101 43 natus
1615 1420 90 43 est.
1671 1420 90 43 illi
1727 1420 90 43 sunt
1772 1420 56 43 iu-

1060 1463 90 37 ipso
1116 1463 112 37 renati
1195 1463 67 37 ad
1228 1463 101 37 vitam
1296 1463 146 37 aeternam.
1408 1463 67 37 At
1442 1463 101 37 nobis
1509 1463 135 37 Christus
1610 1463 101 37 natus
1678 1463 90 37 est:
1734 1463 90 37 Ergo
1779 1463 56 37 nos

1047 1493 120 30 neque
1127 1493 173 30 Diabolum,
1260 1493 120 30 neque
1340 1493 133 30 mortem
1433 1493 146 30 amplius
1539 1493 146 30 metuere
1646 1493 160 30 debemus.
1752 1493 80 30 Hanc

1059 1520 184 32 consolationem
1211 1520 108 32 tradit
1287 1520 108 32 Paulus
1363 1520 87 32 Heb.
1417 1520 65 32 2.
1450 1520 65 32 v.
1482 1520 76 32 13,
1525 1520 76 32 14,
1569 1520 76 32 15,
1612 1520 76 32 16.
1656 1520 87 32 Ecce
1710 1520 76 32 ego
1753 1520 54 32 &
1764 1520 65 32 pue-

1047 1552 79 41 ri,
1092 1552 91 41 quos
1149 1552 91 41 mihi
1205 1552 102 41 dedit
1273 1552 102 41 Deus.
1341 1552 125 41 Quoniam
1432 1552 113 41 igitur
1511 1552 102 41 pueri
1579 1552 159 41 participes
1704 1552 91 41 sunt
1749 1552 91 41 carnis

1058 1582 51 39 &
1078 1582 144 39 sauguinis,
1192 1582 82 39 ipse
1243 1582 103 39 quoque
1315 1582 165 39 consimiliter
1449 1582 134 39 particeps
1552 1582 103 39 factus
1624 1582 72 39 est
1665 1582 134 39 eorundem,
1768 1582 62 39 ut
1789 1582 51 39 per

1058 1616 111 42 mortem
1135 1616 133 42 aboleret
1235 1616 78 42 eum
1279 1616 100 42 penes
1346 1616 89 42 quem
1401 1616 78 42 est
1445 1616 111 42 mortis
1523 1616 133 42 imperium
1623 1616 78 42 seu
1667 1616 111 42 robur,
1744 1616 78 42 hoc
1778 1616 66 42 est,

1062 1651 153 48 liabolum:
1180 1651 71 48 Et
1215 1651 129 48 liberos
1309 1651 141 48 redderet
1415 1651 141 48 quotquot
1521 1651 94 48 metu
1580 1651 118 48 mortis
1662 1651 82 48 per
1709 1651 106 48 omnem
1768 1651 82 48 vitam

1058 1681 116 46 obnoxti
1143 1681 95 46 erant
1196 1681 127 46 servituti.

1212 1716 98 55 Haec
1273 1716 74 55 de
1310 1716 159 55 subiectis
1432 1716 184 55 nativitatis
1567 1716 123 55 Christi.

1085 1773 137 41 Adjuncta
1187 1773 171 41 nativitatis
1324 1773 126 41 Christi
1416 1773 91 41 sunt
1473 1773 126 41 tempus,
1564 1773 126 41 status,
1656 1773 160 41 desideeum,
1770 1773 80 41 pate-

1052 1804 125 42 factio
1140 1804 113 42 eius.
1215 1804 188 42 perturbatio
1365 1804 163 42 impiorum,
1490 1804 63 42 &
1515 1804 175 42 persecutio
1653 1804 75 42 ob
1690 1804 150 42 Christum
1790 1804 63 42 mo-

1059 1840 72 43 ca
1095 1840 203 43 innocentibus,
1250 1840 60 43 &c.

1090 1863 105 43 Natus
1160 1863 82 43 est
1207 1863 152 43 imperante
1324 1863 129 43 Caesare
1418 1863 140 43 augusto,
1523 1863 175 43 praesidente
1663 1863 117 43 Syriae
1733 1863 117 43 Cyrenios

1052 1906 101 43 Anno
1116 1906 139 43 nimirum
1217 1906 291 43 quadragesimosecundo
1471 1906 139 43 imperii
1572 1906 152 43 Augusti,
1686 1906 101 43 anno
1737 1906 101 43 trigo-

1048 1940 162 41 simosexto
1172 1940 112 41 regni
1247 1940 137 41 Herodis
1347 1940 187 41 Ascalonitae
1497 1940 87 41 seu
1547 1940 112 41 Magni
1622 1940 75 41 in
1660 1940 137 41 Judaea,
1760 1940 75 41 de
1785 1940 62 41 quo

1060 1973 98 38 Rege
1121 1973 122 38 Matth.
1206 1973 73 38 1.
1243 1973 61 38 1
1267 1973 146 38 postquam
1377 1973 98 38 idem
1438 1973 134 38 Herodes
1535 1973 98 38 anno
1596 1973 158 38 trigesimo
1718 1973 110 38 regni
1779 1973 61 38 sua

1054 2001 140 41 interfici
1162 2001 129 41 curasset
1258 2001 118 41 judices
1344 2001 150 41 ordinarios
1462 2001 54 41 e
1484 2001 86 41 domo
1537 2001 118 41 Davidis
1623 2001 64 41 ad
1655 2001 97 41 illud
1720 2001 97 41 usque
1774 2001 64 41 ten-

1058 2037 70 39 pus
1098 2037 110 39 lectos,
1178 2037 100 39 iisque
1248 2037 90 39 alios
1308 2037 170 39 substituisset
1448 2037 80 39 ipsi
1499 2037 130 39 addictos,
1599 2037 60 39 ut
1629 2037 100 39 refert
1699 2037 90 39 Philo
1749 2037 100 39 Judaeus;

1056 2067 85 40 hoc
1104 2067 97 40 est,
1165 2067 85 40 quo
1214 2067 134 40 tempore
1311 2067 85 40 jam
1360 2067 134 40 ablatum
1457 2067 97 40 erat
1518 2067 122 40 tribui
1603 2067 97 40 Juda
1664 2067 158 40 temporale
1773 2067 61 40 do-

1055 2105 127 38 minium
1144 2105 76 38 in
1182 2105 152 38 Judaeam,
1296 2105 76 38 in
1334 2105 127 38 terram
1423 2105 165 38 promissam
1550 2105 165 38 Abrahamo,
1677 2105 127 38 Isaaco
1766 2105 63 38 &
1779 2105 63 38 Ja-

1054 2133 112 37 cobo,
1128 2133 87 37 sic
1178 2133 75 37 ut
1215 2133 137 37 nunquam
1315 2133 137 37 amplius
1414 2133 224 37 recuperaretur,
1601 2133 149 37 secundum
1701 2133 149 37 vaticinium

1073 2168 99 35 acobi
1139 2168 176 35 Patriarchae,
1283 2168 88 35 Gen.
1338 2168 77 35 49.
1382 2168 66 35 v.
1415 2168 77 35 10.
1459 2168 77 35 Non
1503 2168 132 35 desistet
1602 2168 132 35 scepirum
1702 2168 55 35 a
1724 2168 99 35 Iuda,
1779 2168 55 35 nec

1049 2202 96 43 legis
1113 2202 106 43 latore
1188 2202 96 43 medio
1251 2202 96 43 pedum
1315 2202 96 43 eius,
1379 2202 96 43 usque
1443 2202 74 43 dum
1485 2202 128 43 venturus
1581 2202 85 43 erit
1634 2202 106 43 filius
1709 2202 96 43 eius,
1773 2202 53 43 &
1783 2202 64 43 erit

1054 2228 67 44 ei
1087 2228 155 44 obedientia
1198 2228 133 44 populorum.

1087 2259 167 43 Praedictum
1218 2259 72 43 id
1254 2259 95 43 fuit
1314 2259 107 43 typis
1385 2259 131 43 Veteris
1480 2259 179 43 Testamenti;
1624 2259 131 43 veluti,
1719 2259 95 43 quum
1767 2259 83 43 popu-

1060 2293 79 46 lus
1105 2293 180 46 Israeliticus
1251 2293 68 46 in
1285 2293 124 46 AEgypto
1375 2293 147 46 libertate
1488 2293 124 46 amissa,
1578 2293 56 46 a
1601 2293 135 46 Pharaone
1702 2293 169 46 premeretur,

1061 2327 101 39 venit
1128 2327 101 39 Moses
1195 2327 112 39 popull
1262 2327 134 39 liberator.

1091 2357 153 46 Similiter
1209 2357 118 46 populo
1292 2357 71 46 in
1327 2357 118 46 terram
1410 2357 153 46 promissam
1528 2357 142 46 deducto,
1634 2357 130 46 quoties
1728 2357 94 46 ille
1775 2357 71 46 ser-

1067 2389 103 45 vitute
1139 2389 113 45 pressus
1221 2389 92 45 fuit,
1282 2389 154 45 liberatores
1405 2389 92 45 illis
1467 2389 82 45 Deus
1518 2389 133 45 excitavit
1611 2389 92 45 judices

1084 2425 85 50 Sic
1132 2425 146 50 Christus
1242 2425 109 50 Jesus
1315 2425 109 50 natus
1388 2425 85 50 est
1437 2425 73 50 eo
1473 2425 134 50 tempore
1570 2425 85 50 quo
1619 2425 134 50 populus
1716 2425 122 50 alieno
1789 2425 61 50 do

974 2457 100 56 Hi

1084 2477 118 54 Paulus
1167 2477 94 54 vero
1226 2477 153 54 Apostolus
1343 2477 71 54 de
1379 2477 130 54 tempore
1473 2477 82 54 sic
1520 2477 130 54 scribit
1614 2477 94 54 Gal.
1673 2477 71 54 4.
1709 2477 71 54 v.
1744 2477 71 54 4.
1768 2477 82 54 Post-

1055 2521 94 54 quam
1114 2521 106 54 venit
1185 2521 153 54 plenitudo
1303 2521 153 54 temporis,
1421 2521 106 54 misit
1492 2521 94 54 Deus
1551 2521 118 54 Filium
1633 2521 106 54 suum,
1692 2521 59 54 &c.

1089 2556 114 44 USUS.
1165 2556 76 44 I.
1203 2556 189 44 Confirmatur
1355 2556 139 44 veritas
1456 2556 202 44 promissionum
1620 2556 101 44 Dei.
1683 2556 88 44 Nam
1733 2556 88 44 quo
1771 2556 76 44 tem-

1059 2580 87 63 pore
1114 2580 87 63 Deus
1168 2580 142 63 promittit
1277 2580 120 63 aliquid
1364 2580 120 63 facere:
1452 2580 65 63 eo
1484 2580 76 63 sit
1517 2580 131 63 necessarie

1096 2622 86 41 II.
1145 2622 184 41 Confirmatur
1292 2622 147 41 doctrina
1402 2622 73 41 de
1439 2622 184 41 providentia
1586 2622 98 41 Dei,
1647 2622 86 41 qua
1696 2622 122 41 tempus
1769 2622 86 41 etiam

1062 2655 77 51 quo
1106 2655 122 51 aliquid
1195 2655 100 51 fieri
1261 2655 100 51 debet
1327 2655 133 51 decretum
1416 2655 55 51 est

1099 2685 100 43 III.
1162 2685 126 43 Servit
1250 2685 88 43 hoc
1300 2685 75 43 ad
1338 2685 176 43 refutandum
1476 2685 138 43 errorem
1576 2685 176 43 Judaeorum,
1714 2685 88 43 qui
1752 2685 88 43 negan

1069 2718 126 42 Messiam
1160 2718 138 42 venisse,
1264 2718 80 42 sed
1310 2718 103 42 adhuc
1379 2718 172 42 exspectant.
1516 2718 138 42 Sceptrum
1620 2718 92 42 Juda
1677 2718 138 42 defecit,
1769 2718 69 42 nula

1069 2752 120 42 lumque
1153 2752 132 42 amplius
1249 2752 108 42 habet
1321 2752 72 42 in
1357 2752 120 42 Judaea
1441 2752 180 42 principatum
1585 2752 120 42 tribus
1669 2752 96 42 Juda
1729 2752 84 42 jam
1765 2752 84 42 ultra

1069 2788 106 52 annos
1140 2788 106 52 mille
1210 2788 165 52 sexcentos,
1340 2788 82 52 nec
1387 2788 177 52 principatum
1528 2788 71 52 in
1564 2788 118 52 Judaea
1646 2788 118 52 unquam
1728 2788 82 52 est
1764 2788 82 52 recu-

1078 2821 136 47 peratura:
1182 2821 115 47 Messias
1266 2821 105 47 igitur
1328 2821 84 47 venit.

1104 2836 84 57 IV.
1152 2836 109 57 Facit
1225 2836 72 57 ad
1261 2836 217 57 consolationem.
1442 2836 109 57 Sicut
1514 2836 97 57 enim
1574 2836 84 57 suo
1623 2836 133 57 tempore
1719 2836 157 57 implevit:

1068 2880 97 49 Deus
1129 2880 194 49 promissiones
1286 2880 97 49 suas
1347 2880 73 49 de
1383 2880 121 49 Messia
1468 2880 170 49 exhibendo,
1601 2880 97 49 quem
1662 2880 158 49 tantopere
1771 2880 85 49 fide-

1077 2918 75 45 es
1114 2918 75 45 in
1151 2918 124 45 veteri
1238 2918 174 45 Testamento
1375 2918 211 45 expetiveruntt
1549 2918 87 45 Ita
1598 2918 87 45 suo
1648 2918 137 45 tempore
1735 2918 124 45 implebit

1071 2952 112 51 preces
1149 2952 134 51 nostras,
1250 2952 90 51 quas
1306 2952 67 51 se
1340 2952 168 51 exanditurum
1463 2952 134 51 promittit:

1101 2973 78 52 V.
1140 2973 130 52 Servit
1231 2973 221 52 reprehensioni
1413 2973 117 52 eorum
1491 2973 91 52 qui
1543 2973 91 52 Deo
1595 2973 195 52 determinant
1738 2973 117 52 tempus,

1072 3012 112 57 quando
1150 3012 135 57 libidini
1252 3012 101 57 eorum
1319 3012 146 57 vIstultae
1432 3012 67 57 ex
1465 3012 146 57 ectationi
1578 3012 169 57 satisfacere
1713 3012 124 57 debeat,

1095 3043 104 48 Natus
1165 3043 93 48 est,
1223 3043 93 48 quum
1281 3043 162 48 prodiisse:
1408 3043 58 48 a
1431 3043 127 48 Caesare
1524 3043 127 48 Augusto
1616 3043 139 48 edictum,
1721 3043 69 48 ut
1744 3043 104 48 descri-

1078 3084 118 39 peretur
1164 3084 97 39 totus
1229 3084 129 39 terrarum
1325 3084 107 39 orbis:
1400 3084 64 39 ut
1432 3084 172 39 mostraretur,
1572 3084 97 39 illum
1636 3084 150 39 apparuisse
1754 3084 64 39 in
1776 3084 75 39 carne

1069 3111 126 45 descript
1164 3111 84 45 onis
1217 3111 95 45 mundi
1280 3111 116 45 tepore,
1364 3111 74 45 qui
1407 3111 116 45 electos
1491 3111 84 45 suos
1544 3111 147 45 descripsit
1659 3111 63 45 ad
1691 3111 116 45 aeterna
1775 3111 63 45 in
1796 3111 53 45 li-

1075 3142 79 46 bro
1120 3142 112 46 vitae:
1198 3142 67 46 At
1232 3142 67 46 e:
1266 3142 124 46 otrario
1356 3142 67 46 de
1389 3142 135 46 reprobis
1490 3142 79 46 per
1535 3142 146 46 Prophetam
1648 3142 124 46 dicitur
1737 3142 79 46 Ps.
1782 3142 79 46 69.
1816 3142 45 46 v.

1074 3176 79 56 29.
1119 3176 147 56 Deleantur
1232 3176 68 56 de
1266 3176 102 56 libro
1334 3176 158 56 viventium,
1458 3176 57 56 &
1481 3176 79 56 cum
1526 3176 113 56 justis
1606 3176 79 56 non
1651 3176 170 56 scribantur:
