2063 3442
176 200 74 58 in
213 200 111 58 statu
287 200 124 58 humili
374 200 87 58 pro
423 200 136 58 Christo
522 200 136 58 nollent
621 200 173 58 agnoscere,
757 200 87 58 sed
806 200 87 58 pro
856 200 161 58 impostore
967 200 62 58 ha

170 238 108 38 berent.

222 270 134 54 Quamvis
319 270 110 54 autem
392 270 158 54 verissime
514 270 183 54 asseveraret
660 270 73 54 se
697 270 97 54 esse
758 270 146 54 Christum
867 270 110 54 illum
928 270 61 54 Fi-

181 302 109 53 lium
249 302 109 53 Dei;
317 302 122 53 tamen
399 302 150 53 tanquam
508 302 191 53 blasphemus
658 302 82 53 in
699 302 109 53 Deum
767 302 68 53 a
794 302 122 53 Summo
862 302 136 53 Pontifi-

176 345 80 41 ce
216 345 66 41 &
242 345 345 41 Pseudoecclesiasticorum
547 345 159 41 Concilio
666 345 93 41 est
719 345 199 41 condemnatus
879 345 66 41 &
892 345 106 41 mortis

188 377 90 52 reus
244 377 192 52 pronunciatus,
402 377 147 52 consputus
515 377 68 52 in
549 377 124 52 faciem,
639 377 135 52 colaphis
741 377 124 52 caesus,
831 377 135 52 bacillis
921 377 68 52 per-

187 412 145 42 cussus,
292 412 198 42 deliberatum
451 412 145 42 denique
556 412 66 42 &
583 412 172 42 conclusum
715 412 79 42 in
754 412 158 42 consilio
860 412 132 42 summorum

178 443 181 44 Pontificum
320 443 65 44 &
346 443 155 44 Seniorum
462 443 129 44 populi
553 443 142 44 Judaici
656 443 78 44 de
695 443 103 44 ipso
759 443 233 44 interficiendo:
940 443 52 44 ut

179 475 135 44 lueret
274 475 163 44 peccatum
396 475 149 44 nostrum
504 475 81 44 in
545 475 122 44 Deum,
626 475 108 44 quod
694 475 81 44 in
735 475 122 44 Adamo
802 475 190 44 commiseramus

182 512 201 37 aequalitatem
346 512 88 37 cum
396 512 88 37 Deo
446 512 201 37 affectantes;
609 512 75 37 ut
647 512 88 37 nos
697 512 138 37 exemplo
797 512 88 37 suo
847 512 151 37 formaret
948 512 50 37 ad

190 545 183 40 patientiam
334 545 65 40 &
360 545 183 40 solaretur,
504 545 105 40 quum
569 545 65 40 a
595 545 118 40 Summo
674 545 170 40 Pontifice
805 545 131 40 Romano
896 545 65 40 &
909 545 92 40 Pseu-

188 573 252 49 doecclesiasticis
403 573 214 49 Romanensibus,
579 573 139 49 propter
680 573 139 49 liberam
781 573 202 49 professionem
932 573 63 49 Ev-

180 619 145 32 angelii
285 619 105 32 Jesu
351 619 158 32 Christi,
469 619 145 32 tanquam
574 619 171 32 blasphemi
706 619 210 32 candemnamur,
864 619 131 32 excommu.

183 650 154 35 nicamur,
299 650 103 35 male
363 650 180 35 tractamur:
505 650 116 35 utque
582 650 154 35 doceret,
698 650 167 35 veritatem
827 650 103 35 apud
878 650 129 35 Christum

200 682 190 47 quaerendam,
352 682 89 47 non
403 682 101 47 apud
466 682 164 47 Concilium
592 682 190 47 Sacerdotum,
744 682 101 47 quod
807 682 177 47 gravissime
934 682 63 47 er-

194 716 100 45 rare
257 716 138 45 potest,
357 716 88 45 imo
408 716 150 45 Christum
520 716 113 45 etiam
583 716 163 45 condemnate.

307 773 155 52 Hactenus
423 773 103 52 quae
488 773 116 52 Iesus
565 773 129 52 passus
655 773 77 52 in
694 773 142 52 iudicio
784 773 103 52 Eccle

541 816 121 53 siastico.

228 869 72 49 Ab
264 869 97 49 illo
324 869 72 49 in
361 869 145 49 judicium
469 869 157 49 politicum
590 869 121 49 ductus
674 869 97 49 fuit
735 869 133 49 propter
831 869 157 49 sequentes
940 869 60 49 ra

191 902 102 48 tiones:

219 938 72 50 I.
255 938 72 50 Ut
291 938 169 50 innocentia
424 938 121 50 ipsius
508 938 109 50 adhuc
581 938 181 50 manifestior
726 938 133 50 fieret:
822 938 84 50 nam
870 938 72 50 si
907 938 109 50 Jesus
967 938 36 50 a

194 979 153 35 consessu
309 979 191 35 Pontificum,
462 979 178 35 Sacerdotum
602 979 64 35 &
627 979 153 35 Seniorum
742 979 127 35 populi
831 979 140 35 Judaici
921 979 76 35 con-

201 1012 156 36 demnatus
318 1012 65 36 &
344 1012 130 36 mortis
435 1012 104 36 reus
500 1012 221 36 pronunciatus,
683 1012 130 36 statim
774 1012 91 36 per
826 1012 156 36 tumultum
930 1012 78 36 tan-

198 1047 96 40 quam
258 1047 167 40 blasphemus
389 1047 131 40 fuisset
485 1047 60 40 a
509 1047 131 40 Judaeis
604 1047 179 40 interemtus;
747 1047 167 40 innocentia
879 1047 119 40 ipsius
950 1047 60 40 tam

190 1083 103 42 clara
258 1083 103 42 atque
327 1083 126 42 evidens
418 1083 80 42 non
464 1083 137 42 fuisset,
566 1083 68 42 ac
601 1083 114 42 postea
680 1083 103 42 facta
749 1083 91 42 est.
806 1083 171 42 Innocentiam
932 1083 68 42 por-

192 1112 71 39 ro
228 1112 107 39 illam
299 1112 119 39 abunde
382 1112 130 39 testata
477 1112 95 39 fuit
536 1112 130 39 propria
631 1112 107 39 Judae
702 1112 166 39 proditoris
832 1112 154 39 confessio
939 1112 71 39 quam

194 1149 69 38 ei
229 1149 138 38 tormenta
333 1149 184 38 conscientiae
482 1149 196 38 expresserunt:
643 1149 115 38 divina
724 1149 104 38 ultio
793 1149 81 38 qua
839 1149 138 38 proditor
931 1149 69 38 pau-

190 1180 72 44 lo
226 1180 96 44 post
286 1180 156 44 miserrime
406 1180 132 44 periit,
501 1180 84 44 suo
549 1180 120 44 ipsius
633 1180 132 44 indicio
729 1180 168 44 accusatus,
860 1180 60 44 &
884 1180 132 44 judicio
968 1180 72 44 reus

197 1215 73 35 ac
233 1215 146 35 damnatus
343 1215 61 35 &
367 1215 158 35 spontaneo
488 1215 158 35 supplicio
609 1215 73 35 ex
646 1215 194 35 desperatione
804 1215 134 35 seipsum
889 1215 121 35 strangu-

190 1247 100 42 lans:
257 1247 178 42 accusationis
402 1247 189 42 inconstantia,
557 1247 134 42 varietas
658 1247 56 42 &
680 1247 134 42 vanitas,
780 1247 89 42 ipsi
836 1247 111 42 quoque
914 1247 111 42 Pilati

204 1280 153 50 perspecta:
325 1280 110 50 Pilati
401 1280 153 50 confessio,
522 1280 55 50 &
544 1280 88 50 alia
587 1280 77 50 multa

219 1309 87 51 II.
268 1309 75 51 Ut
306 1309 75 51 ab
343 1309 162 51 ordinario
468 1309 125 51 aliquo
555 1309 125 51 judice
642 1309 75 51 ad
680 1309 125 51 mortem
767 1309 187 51 damnaretur:
917 1309 112 51 siqui

191 1349 88 38 dem
242 1349 126 38 Judaei
330 1349 88 38 jus
380 1349 126 38 gladii
469 1349 63 38 &
494 1349 227 38 jurisdictionem
683 1349 113 38 meram
758 1349 88 38 tum
809 1349 88 38 non
859 1349 151 38 habebant

231 1380 99 48 III.
292 1380 74 48 Ut
329 1380 136 48 Judaeis
428 1380 62 48 &
452 1380 148 48 Gentibus
563 1380 197 48 innotesceret
724 1380 111 48 ipsum
798 1380 86 48 pro
847 1380 148 48 peccatis
945 1380 62 48 Ju-

206 1412 138 40 daeorum
307 1412 63 40 &
332 1412 163 40 Gentilium
445 1412 163 40 satisfacere

232 1445 96 40 IV.
287 1445 83 40 Ut
329 1445 179 40 iniquitas
466 1445 69 40 &
494 1445 193 40 crudelitas
645 1445 165 40 Summorum
769 1445 193 40 Pontificum
921 1445 69 40 &
934 1445 83 40 con-

196 1482 110 36 cilii
269 1482 134 36 ipsorum
367 1482 207 36 innotesceret,
537 1482 98 36 quum
598 1482 110 36 Jesus
672 1482 159 36 aequiorem
794 1482 61 36 &
818 1482 171 36 humaniorem
940 1482 61 36 Je-

193 1516 114 45 dicem
270 1516 140 45 Pilatum
371 1516 153 45 expertus
486 1516 102 45 sit,
549 1516 102 45 quam
613 1516 127 45 summos
702 1516 191 45 Pontifices;
854 1516 76 45 Hi
893 1516 102 45 enim
943 1516 64 45 se-

188 1548 90 38 sum
240 1548 129 38 inique
330 1548 194 38 damnaverant
485 1548 65 38 &
511 1548 142 38 occisum
614 1548 181 38 cupiebant:
756 1548 103 38 ille
820 1548 103 38 vero
885 1548 65 38 &
898 1548 116 38 confes-

203 1583 85 45 sus
251 1583 85 45 est
300 1583 73 45 se
336 1583 121 45 nullum
421 1583 73 45 in
457 1583 73 45 eo
493 1583 121 45 crimen
578 1583 157 45 invenire,
699 1583 60 45 &
723 1583 157 45 dimittere
844 1583 109 45 modis
904 1583 109 45 omnibus

195 1622 126 38 conatus
286 1622 92 38 est.
344 1622 80 38 Ita
390 1622 103 38 etiam
459 1622 149 38 superiore
574 1622 115 38 seculo
654 1622 69 38 in
689 1622 218 38 persecutionibus
873 1622 69 38 ob
907 1622 138 38 religio

196 1649 86 37 nem
245 1649 197 37 Evangelicam,
405 1649 160 37 seculares
529 1649 136 37 judices
627 1649 160 37 aequiores
751 1649 62 37 &
775 1649 173 37 humaniores
911 1649 136 37 fuerunt

202 1682 121 39 saepe,
287 1682 97 39 quam
347 1682 206 39 Ecclesiastici
517 1682 133 39 Papani.
613 1682 133 39 Pilatus
710 1682 133 39 aequior
807 1682 61 39 &
831 1682 145 39 humanior
940 1682 85 39 est
977 1682 48 39 in

211 1717 115 37 esum,
288 1717 103 37 quam
352 1717 128 37 summus
442 1717 154 37 Pontifex
557 1717 90 37 cum
609 1717 90 37 suo
660 1717 167 37 Concilio.
788 1717 90 37 Ita
839 1717 115 37 primi
916 1717 103 37 sunt
968 1717 51 37 in

213 1748 131 42 Christo
309 1748 143 42 opprimen
416 1748 84 42 do,
464 1748 84 42 qui
512 1748 143 42 primatum
619 1748 72 42 in
655 1748 143 42 Ecclesia
762 1748 167 42 affectant.
894 1748 96 42 Quod
941 1748 72 42 sce-

194 1783 85 42 lus
242 1783 133 42 ipsorum
339 1783 109 42 tanto
412 1783 85 42 est
460 1783 145 42 gravius,
569 1783 121 42 quanto
654 1783 182 42 conspectior
799 1783 61 42 &
823 1783 182 42 exploratior
956 1783 61 42 est

200 1819 127 40 Christi
292 1819 173 40 innocentia,
430 1819 92 40 quam
487 1819 104 40 Judas
556 1819 161 40 Iscariotes
683 1819 138 40 proditor
786 1819 127 40 ipsius,
878 1819 115 40 ductus
947 1819 69 40 poe-

195 1848 140 36 nitentia
300 1848 82 36 est
347 1848 164 36 confessus;
476 1848 93 36 quam
534 1848 128 36 ejusdem
628 1848 164 36 proditoris
756 1848 210 36 infelicissimus
920 1848 93 36 hotri-

204 1881 134 38 bilisque
305 1881 112 38 exitus
383 1881 179 38 confirmavit.
529 1881 90 38 quam
585 1881 112 38 Pilati
663 1881 157 38 aliquoties
786 1881 134 38 reperita
876 1881 134 38 testificat

206 1917 88 39 tio
257 1917 176 39 approbavit
395 1917 63 39 &
421 1917 126 39 Summis
509 1917 214 39 Pontificibus,
685 1917 202 39 Sacerdotibus
849 1917 63 39 &
862 1917 151 39 proceribus

223 1949 150 46 udaeorum
335 1949 200 46 exprobravit:
497 1949 100 46 quam
560 1949 137 46 poenae,
660 1949 100 46 quas
722 1949 175 46 posteritas
860 1949 162 46 Judaeorum
972 1949 50 46 in

207 1985 151 40 hodiernum
323 1985 104 40 usque
393 1985 93 40 diem
451 1985 104 40 luit,
521 1985 186 40 attestantur.

242 2005 164 45 Politicum
368 2005 151 45 judicium
482 2005 76 45 in
520 2005 101 45 quod
583 2005 101 45 fuit
646 2005 139 45 ductus,
746 2005 139 45 tanquam
835 2005 176 45 facinorosus.

223 2045 86 46 Joh.
277 2045 75 46 18.
320 2045 64 46 v.
352 2045 75 46 30.
395 2045 107 46 duplex
470 2045 96 46 erat:
534 2045 86 46 unum
588 2045 96 46 coram
652 2045 107 46 Pontio
727 2045 107 46 Pilato
802 2045 64 46 in
834 2045 150 46 praetorio,
941 2045 75 46 alte-

210 2082 103 42 rum
269 2082 133 42 coram
343 2082 118 42 Herode

244 2104 127 54 Pontius
337 2104 127 54 Pilatus
429 2104 92 54 erat
487 2104 127 54 Praeses
580 2104 139 54 Judaeae,
683 2104 116 54 Romani
764 2104 139 54 Caesaris
868 2104 127 54 nomine,
949 2104 58 54 ho-

198 2144 74 48 mo
235 2144 161 48 gentilis,
359 2144 161 48 profanus,
483 2144 62 48 &
508 2144 174 48 violentus:
644 2144 112 48 coram
719 2144 74 48 eo
756 2144 112 48 tamen
830 2144 149 48 judicari
930 2144 74 48 Jesu

205 2184 124 42 debuit
292 2184 62 42 &
304 2184 112 42 voluit:

240 2204 65 52 I.
273 2204 87 52 quia
327 2204 76 52 sic
370 2204 163 52 ordinaverat
500 2204 163 52 providentia
630 2204 119 52 divina,
717 2204 98 52 sicut
782 2204 87 52 Joh.
837 2204 76 52 19.
880 2204 76 52 10,
923 2204 76 52 11.
956 2204 54 52 Pi-

218 2241 86 48 lato
272 2241 129 48 dicenti,
369 2241 86 48 Mini
423 2241 75 48 non
466 2241 129 48 loqueris
562 2241 118 48 ?nescis
649 2241 65 48 me
681 2241 151 48 potestatem
799 2241 118 48 habere,
874 2241 151 48 crucifigendi

210 2282 73 41 te
246 2282 61 41 &
271 2282 170 41 potestatem
405 2282 122 41 habere
490 2282 73 41 te
526 2282 183 41 dimittendi?
672 2282 158 41 Respondit
794 2282 122 41 Jesus,
879 2282 85 41 Non
916 2282 97 41 habere

213 2310 155 56 potestatem
335 2310 133 56 adversum
434 2310 66 56 me
467 2310 111 56 ullam,
545 2310 89 56 nisi
600 2310 77 56 hoc
644 2310 89 56 tibi
700 2310 100 56 datum
766 2310 100 56 esset
821 2310 111 56 superne.

240 2334 84 54 II.
288 2334 96 54 quia
348 2334 84 54 vel
396 2334 72 54 ex
432 2334 72 54 eo
468 2334 144 54 constare
576 2334 132 54 debuit,
673 2334 144 54 sceptrum
781 2334 120 54 regium
865 2334 60 54 a
889 2334 96 54 domo
937 2334 84 54 Juda,

208 2383 127 38 ablatum
300 2383 127 38 fuisse,
392 2383 104 38 juxta
461 2383 161 38 vaticinium
587 2383 115 38 Jacobi
668 2383 184 38 Patriarchae,
817 2383 92 38 Gen.
875 2383 81 38 49.
921 2383 92 38 ver.
967 2383 58 38 10.

219 2410 104 44 sicut
289 2410 127 44 ipsimet
382 2410 162 44 fatebantur
509 2410 116 44 Judaei
590 2410 185 44 respondentes
741 2410 127 44 Pilato;
834 2410 104 44 Nobis
903 2410 81 44 non
938 2410 81 44 licet

217 2442 148 43 occidere
328 2442 161 43 quenquam,
451 2442 87 43 Joh
501 2442 74 43 18
538 2442 74 43 v.
575 2442 87 43 31.
625 2442 87 43 Nam
674 2442 87 43 jam
723 2442 87 43 tum
773 2442 148 43 temporis
884 2442 62 43 &
896 2442 124 43 deinceps

224 2487 75 35 us
261 2487 125 35 regium
348 2487 125 35 nullum
435 2487 75 35 ac
473 2487 224 35 jurisdictionem
660 2487 125 35 nullam
747 2487 112 35 domus
822 2487 100 35 Juda
884 2487 125 35 habuit
959 2487 50 35 i:

219 2509 156 46 hodiernum
339 2509 108 46 usque
411 2509 108 46 diem:
483 2509 72 46 ac
519 2509 132 46 proinde
615 2509 132 46 Messias
710 2509 108 46 alius
782 2509 84 46 non
830 2509 72 46 ex
854 2509 156 46 spectandus.

255 2543 90 42 III.
311 2543 90 42 quia
368 2543 124 42 exemplo
458 2543 79 42 suo
503 2543 113 42 voluit
582 2543 147 42 instruere
696 2543 124 42 fideles
786 2543 102 42 suos,
854 2543 90 42 sive
899 2543 113 42 Ecclesia

211 2577 103 40 stici
279 2577 91 40 sint
336 2577 91 40 sive
394 2577 114 40 laici,
474 2577 80 40 non
519 2577 91 40 esse
576 2577 103 40 ipsis
645 2577 183 40 detrectandum
794 2577 137 40 judicium
885 2577 126 40 politicum

212 2607 92 45 imo
264 2607 79 45 ne
304 2607 131 45 quidem
396 2607 158 45 judicium
514 2607 197 45 magistratus
671 2607 158 45 diversam
790 2607 184 45 religionem
921 2607 105 45 profi-

214 2642 133 45 tentis,
311 2642 85 45 imo
359 2642 109 45 etiam
431 2642 157 45 Gentilis.
552 2642 133 45 Viderit
649 2642 193 45 Antichristus
806 2642 145 45 Romanus,
914 2642 72 45 an
938 2642 85 45 Chri-

215 2682 78 39 sti
260 2682 78 39 sit
304 2682 135 39 vicarius
405 2682 56 39 &
428 2682 146 39 imitator.
540 2682 135 39 Christus
641 2682 90 39 enim
697 2682 101 39 etiam
764 2682 135 39 Gentilis
865 2682 146 39 Praesidis
966 2682 56 39 ju-

215 2719 130 33 dicium
306 2719 91 33 non
358 2719 182 33 recusavit:
501 2719 104 33 Papa
566 2719 117 33 autem
644 2719 143 33 Romanus
748 2719 117 33 etiam
826 2719 182 33 Christiani
956 2719 65 33 Im-

226 2744 165 42 peratoris,
356 2744 118 42 Regis.
439 2744 153 42 Principis
557 2744 59 42 &
580 2744 177 42 Magistratus
722 2744 142 42 judicium
828 2744 153 42 repudiat,
935 2744 94 42 cidem-

212 2782 91 55 que
264 2782 208 55 pseudoclerum
433 2782 104 55 suum
497 2782 143 55 eximere
588 2782 130 55 conatur.

246 2805 99 49 Coram
312 2805 110 49 Pilato
388 2805 142 49 accusatus
498 2805 88 49 fuit
553 2805 99 49 Jesus
619 2805 164 49 seductionis
750 2805 121 49 populi,
838 2805 164 49 seditionis,
958 2805 66 49 cri-

215 2853 98 41 minis
281 2853 109 41 laesae
357 2853 153 41 maiestatis
477 2853 76 41 tum
521 2853 120 41 humanae
608 2853 76 41 tum
652 2853 120 41 divinae
739 2853 98 41 Lucae
805 2853 76 41 23.
848 2853 66 41 v.
870 2853 44 41 2.

252 2874 173 47 Seductionis
390 2874 115 47 populi
470 2874 150 47 accusatus
585 2874 104 47 fuit,
654 2874 69 47 ut
689 2874 81 47 qui
735 2874 173 47 perverteret
873 2874 127 47 gentem,
953 2874 69 47 eaut

220 2909 139 48 doctrina
324 2909 81 48 sua
371 2909 150 48 depravans
486 2909 58 48 &
509 2909 139 48 inducens
613 2909 69 48 in
648 2909 139 48 errores,
752 2909 81 48 qui
798 2909 162 48 concitaret
914 2909 104 48 populus

222 2949 123 43 docens
308 2949 86 43 per
357 2949 160 43 universam
480 2949 148 43 Judaeam,
591 2949 135 43 exorsus
689 2949 61 43 a
714 2949 135 43 Gallaea
812 2949 172 43 Jerosolyma
935 2949 86 43 usque

221 2975 94 48 Luc.
280 2975 70 48 23
315 2975 70 48 v.
350 2975 70 48 2,
386 2975 70 48 5.
421 2975 82 48 Hoc
468 2975 94 48 ideo
526 2975 117 48 factum
608 2975 70 48 ut
644 2975 117 48 lueret
726 2975 117 48 culpam
808 2975 106 48 Adami
878 2975 59 48 &
902 2975 106 48 Evae,
960 2975 59 48 qui

221 3017 131 43 saassi
316 3017 95 43 sunt
376 3017 119 43 seduci
459 3017 60 43 a
483 3017 143 43 serpente
590 3017 143 43 antiquo,
698 3017 60 43 &
721 3017 167 43 seduxerunt
852 3017 107 43 falsa
912 3017 119 43 opinione

222 3049 100 42 onse
284 3049 124 42 quendi
371 3049 162 42 scientiam
495 3049 100 42 boni
557 3049 62 42 &
582 3049 112 42 mali,
657 3049 75 42 se
694 3049 62 42 &
719 3049 112 42 totam
794 3049 199 42 posteritatem
943 3049 87 42 suam:

220 3079 118 43 utiqvi
303 3079 129 43 exemplo
397 3079 82 43 suo
444 3079 82 43 nos
491 3079 153 43 solaretur
608 3079 141 43 adversu:
714 3079 118 43 falsas
796 3079 188 43 accusationes
937 3079 94 43 quibus

221 3111 118 49 Slugn
300 3111 79 49 Et
339 3111 131 49 fectio
431 3111 105 49 ejus
496 3111 118 49 conju
575 3111 92 49 ata
627 3111 92 49 ant
680 3111 144 49 aliorum
785 3111 184 49 improborum
916 3111 118 49 hominum

213 3144 144 48 imelitia
321 3144 84 48 nos
369 3144 132 48 innquam
465 3144 168 48 seductoros
596 3144 120 48 passim
668 3144 120 48 traducit

260 3173 111 51 Saucim
337 3173 155 51 anccesutus
459 3173 100 51 svit,
525 3173 66 51 ut
559 3173 77 51 qui
603 3173 122 51 vetaret
691 3173 122 51 tributa
780 3173 88 51 dare
835 3173 133 51 Caesari,
934 3173 88 51 Luc.
979 3173 55 51 23.

217 3215 93 43 vers
275 3215 70 43 2.
310 3215 128 43 Fectuia
403 3215 105 43 ideo:
473 3215 70 43 ut
508 3215 116 43 sueret
589 3215 116 43 culpam
671 3215 116 43 Adami,
752 3215 81 43 qui
799 3215 70 43 se
833 3215 163 43 participem
950 3215 81 43 fece-

213 3239 82 53 ra:
260 3239 163 53 suditionis
388 3239 128 53 Sntanae
482 3239 117 53 contra
563 3239 105 53 Deum,
633 3239 58 53 &
657 3239 82 53 nos
703 3239 70 53 in
738 3239 93 53 lese
797 3239 93 53 reos
855 3239 163 53 seditionis
972 3239 58 53 ad

1035 224 119 53 versus
1118 224 107 53 Deum,
1189 224 83 53 imo
1237 224 95 53 vere
1296 224 166 53 seditiosos
1427 224 142 53 fecerat:
1533 224 107 53 utque
1605 224 83 53 nos
1652 224 107 53 falso
1711 224 131 53 accusator

1033 253 170 44 seditionis
1166 253 194 44 consolaretur
1324 253 133 44 exemplo
1408 253 61 44 suo

1070 285 130 56 Criminis
1168 285 109 56 laesae
1244 285 152 56 maiestutis
1364 285 109 56 regiae
1440 285 141 56 accusatus
1549 285 98 56 fuit,
1614 285 65 56 ut
1646 285 76 56 qui
1690 285 65 56 se
1723 285 120 56 diceret
1799 285 54 56 Re-

1043 322 80 49 gem
1088 322 103 49 esse.
1157 322 92 49 Luc.
1214 322 80 49 23.
1260 322 69 49 v.
1294 322 69 49 2.
1329 322 149 49 quicunque
1443 322 103 49 autem
1512 322 69 49 se
1546 322 103 49 Regem
1615 322 126 49 faciat,
1707 322 80 49 cum
1741 322 103 49 contra-

1043 362 107 41 dicere
1118 362 129 41 Caesari,
1215 362 86 41 Joh.
1269 362 75 41 19.
1312 362 75 41 12.
1355 362 107 41 Factum
1430 362 97 41 ideo,
1494 362 64 41 ut
1527 362 64 41 in
1559 362 64 41 se
1591 362 161 41 transferret
1720 362 107 41 crimen
1784 362 54 41 la-

1048 385 81 59 sae
1095 385 163 59 majestatis
1223 385 93 59 vere
1281 385 128 59 regiae,
1374 385 105 59 cujus
1443 385 81 59 nos
1490 385 81 59 rei
1536 385 116 59 eramus
1618 385 70 59 in
1653 385 116 59 Adamo,
1734 385 81 59 dum
1769 385 81 59 Regis

1038 421 144 45 caelorum
1146 421 168 45 potestatem
1277 421 108 45 nobis
1349 421 144 45 usurpare
1457 421 156 45 voluimus:
1577 421 108 45 utque
1648 421 84 45 nos
1696 421 108 45 faleo
1756 421 84 45 accu-

1044 452 105 54 satos
1115 452 141 54 criminis
1220 452 117 54 laesae
1302 452 164 54 majestatis
1431 452 188 54 Imperatoriae
1583 452 82 54 aut
1630 452 117 54 regiae
1712 452 82 54 suo
1748 452 105 54 exemplo

1051 490 203 50 consolaretur,
1218 490 83 50 cui
1266 490 83 50 nos
1313 490 179 50 conformari,
1456 490 191 50 aequanimiter
1611 490 155 50 ferendum.
1731 490 83 50 Hoc
1766 490 72 50 puae

1038 526 109 52 cipue
1110 526 121 52 crimen
1195 526 145 52 urserunt
1304 526 181 52 accusatores
1449 526 145 52 Christi,
1558 526 60 52 &
1582 526 133 52 Pilatus
1679 526 85 52 pro
1715 526 133 52 praecipuo

1051 555 107 38 nabuit
1126 555 64 38 ut
1158 555 118 38 titulus
1244 555 96 38 cruci
1308 555 139 38 impositus
1415 555 139 38 ostendit.

1075 576 143 56 Criminis
1182 576 119 56 laesae
1265 576 166 56 majestatis
1396 576 131 56 divinae
1491 576 83 56 seu
1538 576 178 56 blasphemiae
1681 576 71 56 in
1716 576 95 56 Deum
1764 576 83 56 accu-

1054 610 90 58 atus
1110 610 101 58 fuit,
1177 610 101 58 quasi
1244 610 112 58 Filium
1323 610 78 58 Dei
1367 610 67 58 se
1401 610 146 58 fecisset.
1513 610 101 58 Johan
1580 610 78 58 18.
1625 610 134 58 versicul
1726 610 67 58 7.
1760 610 67 58 ut
1782 610 56 58 no-

1054 651 99 51 trum
1115 651 148 51 peccatum
1227 651 74 51 in
1264 651 74 51 se
1301 651 198 51 transferret,
1462 651 87 51 qui
1511 651 74 51 in
1548 651 111 51 Adamo
1622 651 161 51 blasphemi
1746 651 74 51 in
1771 651 74 51 Deum

1054 685 120 57 suimus,
1142 685 77 57 dum
1185 685 131 57 aequales
1284 685 77 57 Deo
1327 685 98 57 fieri
1393 685 142 57 voluimus,
1502 685 109 57 Genes.
1579 685 66 57 3.
1611 685 142 57 versicul.
1721 685 77 57 22.
1764 685 66 57 ut
1786 685 55 57 que

1041 727 92 44 nos
1093 727 118 44 falso
1172 727 170 44 accusatos
1303 727 223 44 blasphemiarum
1486 727 79 44 in
1526 727 118 44 Deum,
1604 727 144 44 exemplo
1709 727 92 44 suo
1748 727 105 44 conso

1033 750 106 44 laretur.

1087 773 70 58 Ad
1122 773 81 58 has
1169 773 186 58 accusationes
1320 773 151 58 plerasque
1436 773 163 58 constanter
1564 773 128 58 siluit,
1657 773 58 58 &
1681 773 116 58 jussus
1750 773 105 58 respon-

1049 817 86 42 dere
1092 817 86 42 nolut,

1063 857 76 47 I.
1101 857 101 47 quia
1164 857 176 47 defensione
1303 857 88 47 non
1353 857 164 47 indigebat
1479 857 164 47 innocens.
1605 857 63 47 &
1630 857 139 47 Christo
1731 857 88 47 seu
1769 857 88 47 Regis

1051 889 202 46 convenienter
1215 889 76 46 se
1253 889 139 46 gerens.
1354 889 126 46 Regium
1443 889 88 46 est
1493 889 101 46 male
1556 889 139 46 audire,
1657 889 88 46 cum
1695 889 164 46 benesacias.

1047 920 152 50 Dignitati
1164 920 117 50 regiae
1246 920 82 50 non
1293 920 152 50 convenit,
1410 920 140 50 adversus
1516 920 117 50 falsas
1597 920 164 50 subditorum
1726 920 117 50 suorum
1796 920 59 50 ac-

1053 957 168 43 cusationes
1185 957 96 43 sibi
1245 957 144 43 verbotum
1353 957 180 43 patrocinium
1485 957 132 43 quaerere.

1089 981 83 49 II.
1137 981 95 49 quia
1196 981 190 49 accusationem
1351 981 83 49 non
1398 981 178 49 confirmabat
1541 981 143 49 tacendo,
1648 981 83 49 sed
1684 981 166 49 despiciebat,

1053 1024 81 37 non
1100 1024 174 37 refellendo,
1239 1024 116 37 sciens
1320 1024 151 37 vanitatem
1436 1024 93 37 ejus
1494 1024 81 37 per
1541 1024 70 37 se
1576 1024 116 37 Pilato
1657 1024 162 37 manifestam
1773 1024 81 37 futu-

1057 1059 98 41 tam.
1118 1059 123 41 Magnum
1204 1059 74 41 id
1241 1059 111 41 certe
1315 1059 61 41 &
1340 1059 160 41 mirisicum
1463 1059 74 41 in
1499 1059 172 41 Servatore,
1635 1059 86 41 qui
1684 1059 135 41 tacendo
1782 1059 61 41 &
1795 1059 61 41 non

1054 1089 177 39 respondendo
1196 1089 83 39 tam
1243 1089 130 39 efficax
1338 1089 95 39 erat
1397 1089 71 39 in
1432 1089 189 39 persuadendo,
1586 1089 71 39 ut
1622 1089 106 39 judex
1693 1089 106 39 ultio
1752 1089 106 39 factio-

1045 1123 86 34 nes
1094 1123 257 34 conspirationesque
1314 1123 147 34 adversus
1423 1123 86 34 cum
1472 1123 122 34 initas
1558 1123 61 34 &
1582 1123 171 34 agnosceret
1717 1123 61 34 &
1729 1123 122 34 confite-

1062 1156 118 36 retur,
1145 1156 106 36 seque
1215 1156 106 36 magis
1286 1156 118 36 turbis
1368 1156 129 36 hominum
1462 1156 94 36 quam
1521 1156 153 36 justitiae
1638 1156 188 36 gratificatum
1779 1156 71 36 esse

1059 1187 100 48 Vide
1121 1187 112 48 plura
1196 1187 75 48 in
1233 1187 112 48 primo
1308 1187 100 48 tomo
1370 1187 162 48 Athanasii
1495 1187 62 48 &
1520 1187 75 48 in
1557 1187 162 48 Passionem
1682 1187 62 48 &
1706 1187 137 48 crucent
1794 1187 62 48 Do-

1059 1216 107 41 mini,
1130 1216 118 41 pagina
1213 1216 225 41 septingentesima
1391 1216 118 41 secunda.

1089 1246 99 44 III.
1150 1246 74 44 Ut
1188 1246 198 44 fortitudinem
1348 1246 111 44 animi
1422 1246 87 44 sui
1472 1246 74 44 in
1509 1246 185 44 contemnenda
1657 1246 124 44 inorte
1731 1246 124 44 declava-

1055 1287 91 36 ret.
1111 1287 79 36 Nam
1157 1287 68 36 si
1191 1287 182 36 respondisset
1338 1287 125 36 Pilato,
1429 1287 125 36 poterat
1520 1287 91 36 ille
1577 1287 148 36 suspicati
1690 1287 148 36 formidine
1792 1287 57 36 eum

1051 1320 122 37 mortis
1136 1320 73 37 ad
1173 1320 159 37 loquendum
1295 1320 146 37 inductum
1405 1320 134 37 fuisse.
1502 1320 73 37 Sc
1539 1320 134 37 Filatus
1636 1320 73 37 ex
1673 1320 146 37 silentio
1771 1320 85 37 Jesu.

1057 1353 93 45 ejus
1116 1353 187 45 fortitudinem
1267 1353 163 45 stupeliat.
1395 1353 93 45 Quid
1454 1353 93 45 enim
1512 1353 140 45 timeret,
1617 1353 82 45 qui
1663 1353 82 45 non
1710 1353 128 45 ambiret
1792 1353 58 45 sa-

1060 1382 124 38 lutem?
1146 1382 112 38 Salus
1221 1382 124 38 omnium
1307 1382 99 38 suam
1369 1382 136 38 prodii,
1468 1382 74 38 ut
1506 1382 173 38 acquireret
1630 1382 112 38 omnium.

1090 1412 86 43 IV.
1139 1412 74 43 Ut
1176 1412 74 43 se
1213 1412 98 43 esse
1274 1412 160 43 C.hristum
1397 1412 111 43 illum
1471 1412 160 43 promissum
1594 1412 209 43 demonstiater,
1766 1412 74 43 de
1791 1412 61 43 que

1055 1453 165 45 praedictum
1185 1453 106 45 erat,
1256 1453 95 45 quod
1315 1453 83 45 non
1363 1453 106 45 esset
1433 1453 154 45 aperturus
1552 1453 71 45 os
1587 1453 106 45 suum.
1658 1453 130 45 Jesaiae
1741 1453 118 45 quinqua-

1069 1481 187 49 gesimotertio,
1223 1481 143 49 versiculo
1322 1481 110 49 septimo.

1079 1509 77 53 V.
1118 1509 77 53 Ut
1156 1509 154 53 silentio
1271 1509 90 53 suo
1323 1509 167 53 expiaret,
1451 1509 154 53 quicquid
1566 1509 128 53 unquam
1656 1509 103 53 male
1720 1509 128 53 locuti
1797 1509 64 53 su

1033 1549 95 50 mus.

1102 1574 80 44 VI.
1147 1574 69 44 Ut
1182 1574 92 44 nunc
1239 1574 80 44 sit
1285 1574 103 44 nobis
1354 1574 138 44 patronus
1458 1574 57 44 &
1481 1574 80 44 sua
1526 1574 195 44 intercessione
1687 1574 57 44 a
1710 1574 103 44 reatu
1779 1574 80 44 nos
1814 1574 57 44 li

1054 1610 103 43 berarer

1098 1643 107 55 VII.
1164 1643 80 55 Ut
1204 1643 120 55 nobis
1284 1643 133 55 copiam
1378 1643 67 55 &
1404 1643 160 55 fiduciam
1524 1643 160 55 clamanti
1644 1643 80 55 ad
1684 1643 107 55 Deum
1738 1643 133 55 faceret,

1062 1676 107 45 Roman
1134 1676 72 45 8.
1169 1676 72 45 v.
1193 1676 60 45 15.

1092 1709 111 41 VIII.
1166 1709 74 41 Ut
1203 1709 111 41 falso
1277 1709 161 41 accusati,
1401 1709 198 41 aequanimiter
1562 1709 136 41 exemplo
1661 1709 136 41 Christi
1747 1709 124 41 injurias

1056 1742 154 40 subcamus,
1174 1742 71 40 ut
1210 1742 118 40 quibus
1292 1742 177 40 excusatione
1434 1742 83 40 non
1481 1742 83 40 sit
1529 1742 106 40 opus.
1599 1742 94 40 Bene
1658 1742 118 40 tacet,
1741 1742 83 40 qui
1777 1742 94 40 defen-

1056 1781 111 39 sione
1130 1781 86 39 nan
1179 1781 148 39 indiget.
1290 1781 135 39 Ambiant
1388 1781 148 39 defendi,
1499 1781 86 39 qui
1548 1781 123 39 timent
1634 1781 123 39 vinci:
1720 1781 123 39 Melior
1794 1781 74 39 enim

1059 1820 84 41 cau
1107 1820 72 41 a,
1143 1820 96 41 quae
1203 1820 84 41 non
1251 1820 168 41 defenditur
1383 1820 60 41 &
1407 1820 156 41 probatur.
1526 1820 84 41 Ita
1574 1820 132 41 Susanna
1670 1820 132 41 injuste
1754 1820 120 41 accusata

1068 1846 102 46 tacuit,
1142 1846 47 46 &
1152 1846 75 46 vicit.

1094 1870 77 45 Et
1133 1870 155 45 quanquam
1249 1870 129 45 postea
1339 1870 77 45 ad
1378 1870 220 45 accusationem,
1559 1870 103 45 quod
1624 1870 77 45 se
1662 1870 116 45 Regem
1727 1870 129 45 diceret.

1062 1913 181 37 responderit
1207 1913 85 37 per
1255 1913 109 37 regni
1328 1913 218 37 distinctionem,
1509 1913 121 37 docens
1594 1913 121 37 regnum
1679 1913 97 37 suum
1739 1913 85 37 non
1775 1913 85 37 esse.

1054 1946 73 34 ex
1090 1946 85 34 hoc
1139 1946 122 34 mundo,
1225 1946 122 34 Johan.
1310 1946 85 34 18.
1359 1946 98 34 vers
1420 1946 85 34 36.
1469 1946 110 34 tamen
1542 1946 159 34 accusatus
1664 1946 98 34 quod
1725 1946 73 34 se
1750 1946 122 34 fecisset

1061 1980 114 34 Filium
1140 1980 80 34 Dei
1186 1980 57 34 &
1208 1980 182 34 interrogatus
1356 1980 57 34 a
1379 1980 114 34 Pilato
1459 1980 91 34 unde
1515 1980 114 34 esset?
1595 1980 102 34 nihil
1663 1980 68 34 ad
1697 1980 80 34 eam
1743 1980 148 34 quaestio

1053 2015 83 36 nem
1101 2015 167 36 respondit,
1232 2015 83 36 tum
1279 2015 95 36 quia
1339 2015 119 36 noluit
1422 2015 107 36 Jesus
1493 2015 119 36 Pilato
1577 2015 143 36 recegere
1684 2015 131 36 Patrem,
1767 2015 95 36 Matth.

1060 2042 97 47 11I.
1120 2042 85 47 27.
1169 2042 85 47 tum
1217 2042 97 47 quia
1278 2042 85 47 non
1326 2042 97 47 erat
1386 2042 97 47 tunc
1447 2042 121 47 tempus
1531 2042 193 47 patefaciendi
1689 2042 97 47 suam
1737 2042 133 47 Deitatem,

1053 2074 92 40 sed
1105 2074 157 40 patiendi
1223 2074 65 40 &
1249 2074 157 40 moriendi
1367 2074 157 40 secundum
1472 2074 183 40 humanitatem.

1095 2100 146 46 Deinceps
1204 2100 61 46 a
1229 2100 122 46 Pilato
1314 2100 134 46 majoris
1411 2100 146 46 faciente
1521 2100 219 46 instaurationem
1704 2100 158 46 amicitiae
1813 2100 61 46 cum

1055 2140 139 38 homine,
1156 2140 101 38 quam
1219 2140 88 38 cum
1270 2140 101 38 Deo,
1333 2140 126 38 missus
1421 2140 88 38 est
1472 2140 76 38 ad
1510 2140 139 38 Herodem
1611 2140 151 38 Antipam,
1712 2140 151 38 Tetrarchi,

1059 2178 124 33 factus
1145 2178 161 33 ludibrium
1270 2178 161 33 Principum
1394 2178 124 33 mundi,
1480 2178 74 33 ut
1518 2178 87 33 nos
1567 2178 161 33 gloriosos
1691 2178 124 33 contra
1766 2178 99 33 magno-

1059 2206 86 43 illo
1113 2206 54 43 &
1135 2206 86 43 vero
1188 2206 129 43 Principe
1285 2206 97 43 caeli
1350 2206 54 43 &
1371 2206 108 43 terrae
1447 2206 140 43 redderet.

1097 2235 118 39 Herodi
1180 2235 118 39 signum
1263 2235 130 39 aliquod
1358 2235 118 39 videre
1441 2235 142 39 cupienti
1547 2235 83 39 non
1595 2235 83 39 est
1630 2235 154 39 obsequutus.

1095 2267 70 45 I.
1130 2267 93 45 quia
1188 2267 128 45 sciebat
1281 2267 128 45 Herodem
1374 2267 104 45 velle
1443 2267 104 45 abuti
1513 2267 81 45 Dei
1559 2267 151 45 potentia,
1675 2267 70 45 ut
1710 2267 128 45 ludicro
1791 2267 70 45 ali-

1070 2304 90 43 quo
1122 2304 193 43 spectaculo,
1276 2304 77 43 ad
1315 2304 103 43 suam
1379 2304 180 43 vanitatem.
1521 2304 129 43 Itaque
1611 2304 116 43 mirum
1689 2304 90 43 non
1740 2304 90 43 est
1779 2304 77 43 quo-

1065 2337 140 40 Christus
1170 2337 105 40 illum
1240 2337 82 40 non
1287 2337 93 40 fuit
1346 2337 140 40 dignatus
1451 2337 93 40 ullo
1497 2337 117 40 miraculo

1099 2365 85 43 II.
1147 2365 97 43 quia
1208 2365 134 43 sciebat
1306 2365 85 43 tum
1354 2365 146 43 patiendi
1464 2365 122 43 tempus
1549 2365 109 43 esse,
1622 2365 85 43 non
1670 2365 158 43 potentiam
1780 2365 85 43 exse

1052 2412 20 41 si

1095 2435 108 43 Eidem
1167 2435 120 43 Herodi
1251 2435 108 43 multa
1322 2435 203 43 interroganti,
1490 2435 108 43 nihil
1549 2435 144 43 respondit:

1093 2469 68 39 I.
1127 2469 91 39 quia
1184 2469 114 39 noluit
1263 2469 148 39 projicere
1377 2469 159 39 margaritas
1502 2469 91 39 ante
1559 2469 125 39 porcos,
1650 2469 91 39 quum
1707 2469 114 39 sciret
1786 2469 68 39 se
1809 2469 57 39 ni-

1059 2501 86 44 hil
1108 2501 185 44 profecturum
1256 2501 99 44 apud
1318 2501 99 44 eum,
1380 2501 99 44 quem
1441 2501 148 44 superbia
1552 2501 198 44 inebriaverat
1713 2501 86 44 aut
1750 2501 111 44 potius.

1066 2540 173 38 dementarat.

1095 2565 87 46 II.
1144 2565 100 46 quia
1207 2565 87 46 non
1257 2565 75 46 ab
1294 2565 137 46 Herode,
1394 2565 87 46 sed
1444 2565 62 46 a
1469 2565 137 46 Pilato,
1569 2565 125 46 Romani
1656 2565 187 46 Imperatoris
1794 2565 62 46 le-

1067 2606 115 44 gato,
1144 2606 77 44 ad
1183 2606 128 44 mortem
1272 2606 179 44 condemnati
1413 2606 64 44 &
1439 2606 103 44 more
1503 2606 128 44 Romano
1593 2606 90 44 seu
1644 2606 141 44 Gentili
1734 2606 128 44 crucifi-

1072 2638 63 53 gi
1093 2638 95 53 debuit.

1094 2660 120 47 Coram
1173 2660 133 47 Herode
1267 2660 120 47 magna
1346 2660 199 47 contentione
1506 2660 66 47 a
1533 2660 173 47 primariis
1666 2660 213 47 Sacerdotibus
1825 2660 40 47 &

1074 2700 125 41 Scribis
1165 2700 148 41 accusatus
1278 2700 91 41 est,
1335 2700 68 41 ut
1369 2700 102 41 coram
1437 2700 91 41 illo
1494 2700 102 41 etiam
1562 2700 159 41 innocentia
1687 2700 91 41 ejus
1744 2700 68 41 ex
1767 2700 91 41 tumul-

1073 2732 110 42 tuosa
1146 2732 134 42 actione
1244 2732 171 42 Sacerdotum
1378 2732 61 42 &
1403 2732 159 42 Scribarum
1525 2732 208 42 innotesceret:
1696 2732 159 42 propterea
1806 2732 49 42 al

1067 2764 114 43 Herode
1146 2764 80 43 sic
1192 2764 136 43 remissus
1294 2764 80 43 est
1339 2764 68 43 ad
1373 2764 136 43 Filatum,
1476 2764 68 43 ut
1510 2764 80 43 hic
1555 2764 114 43 postea
1635 2764 136 43 restatus
1737 2764 91 43 sit,
1782 2764 80 43 Hero-

1065 2800 79 50 dem
1110 2800 113 50 nullam
1189 2800 68 50 in
1224 2800 68 50 eo
1258 2800 102 50 noxam
1326 2800 159 50 reperisse,
1450 2800 91 50 Luc.
1507 2800 79 50 23.
1541 2800 57 50 15.

1108 2820 69 56 Ab
1142 2820 115 56 Herode
1222 2820 57 56 &
1245 2820 161 56 satellitio
1372 2820 92 56 ejus
1429 2820 126 56 improbo
1521 2820 80 56 pro
1567 2820 115 56 nihilo
1648 2820 126 56 habitus
1740 2820 92 56 est,
1797 2820 57 56 &
1809 2820 57 56 ir-

1071 2869 122 40 risus,
1156 2869 85 40 tum
1205 2869 73 40 ut
1241 2869 85 40 nos
1290 2869 85 40 Deo
1339 2869 61 40 &
1363 2869 183 40 exereitibus
1509 2869 158 40 sanctorum
1631 2869 158 40 Angelorum
1752 2869 134 40 pretio

1066 2896 79 47 sos
1111 2896 146 47 redderet:
1223 2896 79 47 tum
1268 2896 68 47 ut
1302 2896 135 47 sciamus,
1404 2896 68 47 ab
1437 2896 101 47 illis
1505 2896 124 47 Christo
1595 2896 79 47 non
1640 2896 113 47 haberi
1719 2896 124 47 honorem
1798 2896 56 47 de-

1065 2933 121 41 bitum.
1150 2933 85 41 qui
1198 2933 133 41 pompi:s
1295 2933 145 41 mundanis
1403 2933 133 41 dediti,
1500 2933 121 41 sensus
1585 2933 109 41 omnes
1657 2933 181 41 vanitatibus
1790 2933 73 41 mun-

1071 2971 70 46 di
1106 2971 151 46 occupatos
1222 2971 116 46 habent

1114 2994 122 42 Anictus
1203 2994 100 42 veste
1270 2994 122 42 candida
1359 2994 133 42 remissus
1459 2994 67 42 ab
1492 2994 111 42 Herode
1570 2994 78 42 est
1614 2994 67 42 ad
1648 2994 133 42 Pilatum,
1748 2994 78 42 tum
1792 2994 67 42 ut
1815 2994 44 42 ao

1080 3027 99 56 ipsum
1146 3027 132 56 referret
1245 3027 132 56 indicium
1345 3027 88 56 suae
1400 3027 176 56 innocentiae,
1543 3027 88 56 quod
1598 3027 99 56 Agnus
1664 3027 88 56 ille
1720 3027 77 56 Dei
1764 3027 88 56 sine
1808 3027 55 56 ma-

1079 3065 84 41 cula
1131 3065 136 41 exsistes,
1235 3065 94 41 mundi
1298 3065 115 41 peccata
1381 3065 63 41 in
1413 3065 63 41 se
1444 3065 167 41 suscepisset:
1580 3065 73 41 tum
1622 3065 63 41 ut
1653 3065 157 41 ostenderet,
1778 3065 63 41 se
1799 3065 63 41 vers

1083 3101 90 38 llum
1139 3101 146 38 caelestis
1251 3101 101 38 regni
1318 3101 157 38 candidatum
1441 3101 101 38 atque
1509 3101 90 38 adeo
1565 3101 101 38 verum
1632 3101 90 38 Rege
1688 3101 101 38 esse.
1755 3101 134 38 Quanquam

1088 3135 113 40 erodes
1167 3135 136 40 ludibrii
1269 3135 102 40 causa
1337 3135 68 40 id
1371 3135 113 40 fecit,
1450 3135 68 40 ut
1484 3135 79 40 qui
1529 3135 102 40 risui
1597 3135 136 40 exponere
1699 3135 125 40 publice
1779 3135 79 40 volus

1092 3169 101 33 esum
1155 3169 139 33 tanquam
1256 3169 113 33 regni
1332 3169 176 33 temerarium
1470 3169 214 33 affectatorem:
1647 3169 113 33 tamen
1722 3169 139 33 inscius
1811 3169 50 33 in

1073 3194 143 46 nocentiae
1183 3194 55 46 &
1205 3194 110 46 regiae
1282 3194 143 46 dignitati
1392 3194 88 46 Jesu
1447 3194 165 46 testimonium
1578 3194 143 46 exhibuit,
1688 3194 132 46 serviens
1787 3194 77 46 eca
1820 3194 55 46 in-

1083 3233 66 45 re
1116 3233 177 45 puovidentiae
1260 3233 132 45 divinae,
1359 3233 132 45 quanquam
1458 3233 99 45 nihil
1524 3233 88 45 tale
1569 3233 121 45 cogitaret
