2063 3440
237 156 98 67 III.
298 156 73 67 Ut
335 156 86 67 nos
383 156 159 67 libernter
506 156 61 67 e
530 156 122 67 clavis
615 156 183 67 servitutis,
762 156 122 67 quibus
848 156 134 67 Satanas
945 156 86 67 nos
982 156 61 67 af-

208 222 101 45 fixos
264 222 134 45 detinebat,

256 251 106 47 Manus
327 251 59 47 &
350 251 106 47 pedes
420 251 94 47 ejus
479 251 176 47 perfoderunt
620 251 59 47 &
643 251 188 47 vulnerarunt.
796 251 70 47 I.
831 251 70 47 Ut
866 251 94 47 suis
913 251 94 47 vulne-

211 283 97 48 ribus
276 283 118 48 nostrae
361 283 118 48 naturae
447 283 118 48 vulnera
533 283 54 48 a
555 283 129 48 serpente
651 283 129 48 inflicta
748 283 129 48 sanaret.

240 309 89 52 II.
291 309 76 52 Ut
329 309 140 52 vulnera
431 309 76 52 ab
469 309 152 52 hostibus
583 309 165 52 veritatis
710 309 114 52 nobis
786 309 152 52 imposita
887 309 127 52 ferremus

210 353 172 48 patienter,
345 353 135 48 tanquam
443 353 147 48 stigmata
553 353 123 48 Domini
639 353 98 48 Jesu
700 353 98 48 Unde
762 353 123 48 Paulus
848 353 110 48 dicit
921 353 98 48 Gal.
970 353 37 48 6

216 390 78 50 17.
260 390 78 50 Ego
305 390 133 50 stigmata
404 390 111 50 Domini
482 390 89 50 Iesu
537 390 66 50 in
570 390 122 50 corpore
659 390 78 50 meo
692 390 89 50 porte.

246 412 67 49 In
279 412 101 49 altum
347 412 135 49 sublatus
448 412 90 49 est,
504 412 124 49 tanquam
594 412 180 49 sceleratorum
740 412 225 49 sceleratissimus:
931 412 67 49 I.
954 412 56 49 Ut.

211 452 136 38 impleret
313 452 193 38 praedictiones
471 452 68 38 de
505 452 159 38 sublatione
630 452 125 38 Christi
721 452 68 38 in
755 452 125 38 sublime
845 452 68 38 in
879 452 113 38 Veteri
947 452 57 38 Te-

216 489 134 35 stamento
316 489 145 35 traditas.
428 489 78 35 Nam
473 489 101 35 sicut
540 489 123 35 victima
630 489 56 35 a
652 489 179 35 Sacerdotibus
797 489 67 35 in
831 489 112 35 altare
898 489 112 35 attolles

209 518 103 37 batur
277 518 57 37 &
300 518 103 37 illic
369 518 172 37 mactabatur:
507 518 80 37 Ita
552 518 138 37 Christus
656 518 57 37 a
679 518 103 37 terra
747 518 160 37 exaltatus,
873 518 149 37 suspensus
977 518 34 37 &

211 556 173 41 interfectus
350 556 81 41 est
396 556 69 41 in
430 556 104 41 cruce
499 556 127 41 tanquam
591 556 69 41 in
626 556 127 41 altari.
718 556 92 41 Ideo
776 556 104 41 eadem
845 556 138 41 loquendi
937 556 69 41 for-

216 588 70 43 ma
251 588 141 43 Apostoli
357 588 70 43 de
392 588 129 43 Christi
486 588 187 43 crucifixione
638 588 152 43 lequentes
755 588 129 43 utuntur
849 588 82 43 qua
896 588 70 43 de
919 588 94 43 victi-

217 620 103 44 matum
285 620 160 44 oblatione.
411 620 68 44 Et
445 620 103 44 sicut
513 620 103 44 Moses
582 620 126 44 extulit
673 620 160 44 serpentem:
799 620 80 44 Ita
844 620 126 44 extolli
924 620 80 44 opor-

214 660 86 41 tuit
268 660 107 41 Filium
343 660 129 41 hominis,
440 660 86 41 Joh.
494 660 64 41 3.
526 660 64 41 v.
547 660 54 41 14.

245 691 84 42 II.
293 691 72 42 Ut
329 691 131 42 peccata
424 691 120 42 nostra
508 691 120 42 sursum
592 691 120 42 ferret
675 691 72 42 in
711 691 131 42 corpore
807 691 84 42 suo
855 691 108 42 super
914 691 96 42 lignum

220 723 56 39 &
242 723 147 39 auferret,
355 723 68 39 1.
389 723 90 39 Pet.
446 723 68 39 2.
479 723 79 39 24.
525 723 90 39 Joh.
581 723 68 39 1.
615 723 79 39 29.
660 723 90 39 Heb.
716 723 56 39 9
739 723 79 39 26.
784 723 68 39 ad
818 723 135 39 peccatum
920 723 79 39 per
954 723 56 39 im-

217 762 160 32 molationem
342 762 80 32 sui
388 762 114 32 ipsius
468 762 69 32 se
503 762 103 32 medio
571 762 160 32 tollendum,
697 762 114 32 factus
777 762 80 32 est
823 762 172 32 manifestus:
960 762 57 32 &
972 762 34 32 v

216 796 81 34 28.
263 796 139 34 Chiistus
367 796 104 34 semel
437 796 139 34 oblatus,
541 796 70 34 ut
576 796 162 34 attolleret
703 796 139 34 multorum
796 796 116 34 peccata.

239 822 109 37 I.III.
315 822 65 37 Ut
348 822 76 37 nos
391 822 65 37 in
424 822 109 37 caelum
500 822 98 37 usque
565 822 152 37 attolleret

244 852 84 42 IV.
292 852 72 42 Ut
328 852 145 42 Christus
437 852 72 42 in
473 852 109 42 aerem
546 852 145 42 sublatus
654 852 169 42 potestates
787 852 109 42 aeris
859 852 181 42 debellaret,

223 894 109 44 easque
299 894 152 44 traduceret
419 894 98 44 palam
484 894 163 44 triumphatis
614 894 98 44 illis
680 894 76 44 per
723 894 120 44 crucem,
810 894 120 44 Coloss.
897 894 65 44 2.
919 894 54 44 15.

251 919 159 45 Crucifixio
376 919 125 45 Christi
466 919 125 45 igitur,
557 919 80 45 est
603 919 91 45 pars
660 919 182 45 perpessionis
807 919 114 45 poenae
887 919 80 45 pro
921 919 102 45 nostris

214 967 150 37 peccatis,
330 967 81 37 qua
376 967 104 37 ligno
446 967 116 37 crucis
527 967 231 37 ignominiosissime
724 967 127 37 affixus
816 967 93 37 fuit
874 967 127 37 tanquam
955 967 58 37 ex-

220 993 159 34 secrabilis
344 993 57 34 &
367 993 170 34 maledictus,
503 993 102 34 sicut
571 993 136 34 scriptum
673 993 91 34 est,
730 993 159 34 Maledictus
854 993 79 34 qui
900 993 113 34 pendet
968 993 45 34 in

216 1024 104 42 ligno.
288 1024 94 42 Matt.
351 1024 73 42 27.
392 1024 73 42 28.
434 1024 94 42 Marci
496 1024 73 42 15.
538 1024 73 42 27.
580 1024 83 42 Luc.
632 1024 73 42 23.
673 1024 73 42 33.
715 1024 62 42 2.
746 1024 83 42 Cor.
798 1024 73 42 13.
840 1024 62 42 4.
871 1024 83 42 Heb.
923 1024 73 42 13.
954 1024 52 42 13.

234 1060 77 45 Joh.
282 1060 67 45 19.
321 1060 57 45 18
349 1060 77 45 Gal.
397 1060 57 45 3.
416 1060 48 45 13.

401 1102 104 53 Osus
466 1102 221 53 crucifixionis
648 1102 143 53 Christi
739 1102 91 53 sunt:

209 1187 180 38 Servatonem
351 1187 116 38 mundi
428 1187 154 38 Patribus
543 1187 180 38 promissum,
685 1187 103 38 Joh.
749 1187 64 38 8
762 1187 64 38 28.

249 1213 73 53 2.
285 1213 73 53 Ut
322 1213 206 53 maledictionem
491 1213 109 53 Legis
564 1213 61 53 a
588 1213 109 53 nobis
661 1213 73 53 in
697 1213 73 53 se
733 1213 170 53 derivaret,
867 1213 61 53 &
891 1213 85 53 nos
927 1213 85 53 bene-

213 1249 153 43 dictionem
331 1249 200 43 possideremus,
495 1249 94 43 Gal.
554 1249 70 43 3.
589 1249 82 43 13,
624 1249 59 43 14.

243 1279 70 51 3.
278 1279 70 51 Ut
313 1279 139 51 corrupta
418 1279 116 51 nostra
499 1279 116 51 natura
580 1279 81 51 cum
627 1279 70 51 eo
662 1279 163 51 crucifixa,
790 1279 163 51 aboleretur
906 1279 116 51 vitiosi-

219 1324 95 34 tas,
279 1324 95 34 quae
338 1324 107 34 nobis
409 1324 155 34 inhaeret,
528 1324 71 34 ne
564 1324 131 34 posthac
659 1324 83 34 nos
707 1324 155 34 serviamus
826 1324 143 34 peccato,
933 1324 95 34 Rom.
980 1324 48 34 6.

213 1356 94 41 v.6.
272 1356 106 41 Illud
343 1356 153 41 scientes,
460 1356 129 41 veterem
554 1356 106 41 illum
625 1356 129 41 nostrum
719 1356 129 41 hominem
813 1356 82 41 cum
860 1356 71 41 eo
883 1356 141 41 crucifixum

227 1389 94 40 isse,
289 1389 63 40 ut
320 1389 146 40 aboleretur
435 1389 104 40 corpus
508 1389 125 40 peccati,
602 1389 63 40 ne
633 1389 115 40 posthac
717 1389 73 40 nos
758 1389 146 40 serviremus
863 1389 104 40 peccato.

248 1422 75 41 4.
286 1422 75 41 Ut
324 1422 125 41 debito
411 1422 88 41 pro
461 1422 113 41 nobis
536 1422 150 41 exsoluto
649 1422 213 41 chirographum,
824 1422 88 41 quo
874 1422 88 41 rei
912 1422 100 41 teneba

213 1454 99 44 mut,
275 1454 161 44 induceret
398 1454 62 44 &
423 1454 161 44 aboleret,
547 1454 74 44 ut
584 1454 87 44 sic
634 1454 124 44 deleta
721 1454 173 44 peccatorum
857 1454 149 44 memoria,
956 1454 62 44 nun

219 1498 95 42 quam
278 1498 71 42 in
314 1498 166 42 conspectum
444 1498 83 42 Dei
491 1498 142 42 veniant,
598 1498 130 42 Coloss.
692 1498 71 42 2.
716 1498 59 42 14.

246 1529 73 39 5.
282 1529 73 39 Ut
319 1529 182 39 sacrificium
464 1529 121 39 esset,
549 1529 85 39 quo
597 1529 133 39 peccata
694 1529 121 39 nostra
779 1529 109 39 coram
851 1529 85 39 Deo
888 1529 133 39 expiaret.

220 1557 101 38 atque
287 1557 78 38 sic
332 1557 123 38 placata
422 1557 78 38 Dei
466 1557 90 38 ira,
522 1557 78 38 nos
567 1557 78 38 cum
612 1557 67 38 eo
646 1557 67 38 in
679 1557 123 38 gratiam
769 1557 157 38 reduceret.
892 1557 90 38 Eph.
949 1557 67 38 2.
971 1557 56 38 16.

220 1590 85 40 Heb.
274 1590 64 40 9.
306 1590 75 40 26,
348 1590 75 40 28.
391 1590 53 40 &
412 1590 85 40 cap.
466 1590 75 40 10.
509 1590 64 40 v.
541 1590 75 40 12,
583 1590 75 40 13,
626 1590 75 40 14.
669 1590 75 40 Ita
711 1590 85 40 Crux
765 1590 85 40 fuit
818 1590 139 40 mortifera
914 1590 107 40 Christo-

220 1620 80 43 sed
265 1620 160 43 salutifera
380 1620 149 43 Christiano.

256 1653 138 42 Christus
360 1653 104 42 cruci
429 1653 127 42 affixus
521 1653 127 42 effudit
602 1653 138 42 sanguinem:

256 1685 74 45 I.
293 1685 74 45 Ut
330 1685 148 45 impleret
441 1685 136 45 figuras
540 1685 136 45 veteris
639 1685 185 45 Testamenti.
787 1685 136 45 Sanguis
886 1685 99 45 enim
935 1685 87 45 victi

219 1725 108 37 marum
291 1725 132 37 effusus
387 1725 96 37 suit
446 1725 72 37 in
482 1725 120 37 veteri
566 1725 167 37 Testamento
698 1725 60 37 a
710 1725 179 37 sacerdotibus.

259 1754 81 41 II.
306 1754 70 41 Ut
341 1754 128 41 peccata
434 1754 116 41 nostra
515 1754 151 41 expiaret,
631 1754 70 41 ad
666 1754 81 41 Heb
713 1754 70 41 9.
736 1754 58 41 28.

253 1788 113 49 III.
323 1788 85 49 Ut
366 1788 212 49 remissionem
535 1788 198 49 peccatorum
690 1788 127 49 nobis
775 1788 71 49 a
803 1788 99 49 Deo
846 1788 183 49 impetraret,

224 1820 109 55 Matth.
301 1820 76 55 26.
344 1820 66 55 v.
377 1820 76 55 28.
421 1820 87 55 Heb.
475 1820 66 55 9.
508 1820 66 55 v.
541 1820 76 55 18.
584 1820 55 55 &
606 1820 175 55 sequentibus.
748 1820 109 55 Absque
825 1820 142 55 sanguinis
923 1820 109 55 effusio-

230 1854 58 45 ne
259 1854 86 45 nulla
317 1854 67 45 sit
346 1854 106 45 remissio-

247 1884 84 44 IV.
295 1884 72 44 Ut
331 1884 133 44 sangnis
428 1884 133 44 Christi
524 1884 145 44 lavacrum
632 1884 108 44 esset
705 1884 84 44 quo
753 1884 120 44 animae
837 1884 133 44 nostrae
934 1884 60 44 a
946 1884 72 44 pec-

222 1926 130 44 catorum
316 1926 130 44 maculis
411 1926 247 44 omnibpurgarentur,
623 1926 71 44 1.
658 1926 94 44 Cor.
717 1926 71 44 6.
752 1926 71 44 v.
787 1926 82 44 11.
835 1926 59 44 &
858 1926 71 44 1.
893 1926 94 44 Joh.
952 1926 71 44 1.
976 1926 47 44 7.

230 1955 90 47 Apoc.
290 1955 60 47 I.
320 1955 60 47 v.
350 1955 60 47 5.
380 1955 50 47 &
400 1955 60 47 c.
430 1955 60 47 7.
450 1955 50 47 14.

260 1990 72 44 V.
296 1990 72 44 Ut
332 1990 133 44 sanguis
429 1990 133 44 Christi
526 1990 109 44 nobis
598 1990 109 44 esset
671 1990 109 44 potus
743 1990 72 44 ad
779 1990 109 44 vitam
852 1990 157 44 aeternam.
961 1990 72 44 Joh.

229 2027 62 38 6.
260 2027 73 38 55,
291 2027 52 38 56.

263 2051 89 51 VI.
314 2051 76 51 Ut
352 2051 139 51 sanguis
453 2051 139 51 Christi
554 2051 114 51 esset
630 2051 202 51 medicamentum
794 2051 177 51 ,
933 2051 76 51 ad
959 2051 63 51 cu-

231 2092 127 43 tandas
320 2092 63 43 &
346 2092 152 43 sanandas
460 2092 114 43 omnes
536 2092 152 43 animarum
650 2092 165 43 nostrarum
777 2092 203 43 infirmitates
942 2092 63 43 &
955 2092 76 43 lan

209 2124 120 47 guores.

266 2161 92 41 Esfe
323 2161 80 41 cta
369 2161 160 41 effusionis
495 2161 149 41 sanguinis
609 2161 126 41 Christi
701 2161 103 41 sunt:
769 2161 69 41 I.
804 2161 80 41 Pax
849 2161 57 41 &
872 2161 195 41 reconciliatio

222 2191 126 45 nostri
310 2191 88 45 cum
361 2191 101 45 Deo.
424 2191 101 45 Rom.
487 2191 63 45 .
512 2191 88 45 25.
562 2191 126 45 Coloss
638 2191 75 45 120.

267 2226 79 45 II.
312 2226 148 45 Emundatio
426 2226 114 45 nostri
505 2226 68 45 ab
539 2226 125 45 omnibus
630 2226 148 45 peccatis,
744 2226 57 45 1
766 2226 91 45 Joh.
823 2226 68 45 1.
857 2226 68 45 v.
891 2226 68 45 7.
925 2226 91 45 Heb.
971 2226 45 45 9.

226 2264 72 50 v.
262 2264 84 50 14.
310 2264 84 50 seu
358 2264 144 50 remissio
466 2264 180 50 peccatorum,
610 2264 96 50 Heb.
669 2264 72 50 9.
705 2264 84 50 22.
753 2264 60 50 &
777 2264 96 50 cap.
837 2264 84 50 19.
885 2264 84 50 22.
933 2264 96 50 Rom.
981 2264 48 50 5.

235 2289 82 48 vers.
281 2289 37 48 9.

263 2325 91 43 III.
319 2325 125 43 Adeptio
410 2325 136 43 aeternae
512 2325 170 43 redemtionis
648 2325 136 43 nostrae.
750 2325 91 43 Heb.
807 2325 68 43 9.
841 2325 68 43 v.
864 2325 45 43 12

266 2360 78 38 IV.
311 2360 156 38 Patefactio
433 2360 101 38 caeli
501 2360 89 38 quod
556 2360 78 38 jam
601 2360 101 38 nobis
668 2360 112 38 patet,
746 2360 89 38 Heb.
802 2360 67 38 9.
836 2360 67 38 v.
858 2360 56 38 12.

259 2389 77 53 V.
298 2389 154 53 Redemtio
413 2389 64 53 &
439 2389 167 53 liberatio
567 2389 128 53 nostri
657 2389 64 53 a
683 2389 180 53 ceremoniis
824 2389 154 53 Mofaicis
940 2389 64 53 &
953 2389 64 53 hu-

230 2423 92 43 manis
291 2423 185 43 traditionibus,
445 2423 62 43 1.
476 2423 82 43 Pet.
527 2423 62 43 1.
558 2423 72 43 18,
589 2423 51 43 19.

273 2453 84 46 VI.
321 2453 131 46 Dirutio
416 2453 119 46 illius
500 2453 107 46 septi
571 2453 84 46 quo
619 2453 119 46 Judaei
703 2453 60 46 a
727 2453 143 46 Gentibus
834 2453 191 46 dirimebantur
977 2453 36 46 &

238 2491 161 61 utrorumque
365 2491 69 61 in
400 2491 138 61 Christo,
503 2491 58 61 &
526 2491 104 61 inter
595 2491 69 61 se
630 2491 58 61 &
653 2491 81 61 cum
699 2491 81 61 Deo
745 2491 161 61 copulatio,
871 2491 115 61 Ephes.
952 2491 69 61 2.
986 2491 69 61 v.
1009 2491 35 61 ,

247 2519 65 43 12,
284 2519 47 43 &
293 2519 75 43 seqque

271 2543 135 55 Christus
372 2543 158 55 crucifixus
496 2543 79 55 est
541 2543 135 55 expansis
631 2543 113 55 manibus:

272 2589 69 53 I.
306 2589 69 53 Ut
340 2589 103 53 omnes
409 2589 126 53 electos
501 2589 80 53 tum
547 2589 69 53 ex
581 2589 138 53 Judaeis,
685 2589 80 53 tum
731 2589 69 53 ex
765 2589 138 53 gentibus
868 2589 69 53 ad
903 2589 69 53 se
926 2589 80 53 trahe

239 2621 82 52 ret,
290 2621 51 52 &
310 2621 92 52 secum
372 2621 92 52 atque
433 2621 92 52 inter
494 2621 61 52 se
525 2621 112 52 uniret,
606 2621 92 52 sicut
668 2621 143 52 praedictum
780 2621 82 52 erat
831 2621 92 52 Zach.
892 2621 61 52 3.
923 2621 61 52 v.
954 2621 61 52 9,
974 2621 51 52 10.

240 2649 86 52 Ecce
294 2649 75 52 ego
337 2649 129 52 amoturus
434 2649 75 52 sum
477 2649 161 52 iniquitatem
606 2649 108 52 terrae
681 2649 108 52 istius
757 2649 75 52 die
800 2649 86 52 uno.
854 2649 75 52 Die
897 2649 86 52 illo
940 2649 75 52 dicti

243 2685 124 57 Iehovae
333 2685 158 57 exercituum
457 2685 147 57 vocabitis
570 2685 124 57 quisque
660 2685 113 57 amicum
739 2685 90 57 suum
795 2685 79 57 sub
841 2685 102 57 vitem
908 2685 56 57 &
931 2685 79 57 sub
965 2685 56 57 fi-

240 2721 92 50 cum.
298 2721 116 50 Sensus
379 2721 92 50 est:
437 2721 81 50 die
483 2721 81 50 uno
529 2721 81 50 quo
576 2721 162 50 crucifigar
703 2721 58 50 &
726 2721 116 50 moriar
807 2721 69 50 in
842 2721 104 50 cruce
899 2721 116 50 amovebos

240 2754 87 60 aut
289 2754 87 60 tam
339 2754 137 60 peccata
439 2754 124 60 mundi;
526 2754 62 60 &
550 2754 112 60 inter
625 2754 87 60 vos
675 2754 62 60 &
700 2754 124 60 gentes
787 2754 162 60 amicitiam
899 2754 124 60 pacemque

239 2787 172 59 constituam,
376 2787 80 59 sic
422 2787 69 59 ut
457 2787 80 59 vos
503 2787 126 59 ipsimet
595 2787 80 59 per
641 2787 207 59 praedicationem
813 2787 149 59 Evangelii
917 2787 103 59 vocatu-

231 2820 72 52 ri
267 2820 107 52 sitis
339 2820 119 52 Gentes
422 2820 72 52 ad
458 2820 179 52 communionem
601 2820 155 52 Ecclesiae
721 2820 60 52 &
744 2820 107 52 pacis
816 2820 107 52 meae.
888 2820 72 52 Id
912 2820 107 52 clarius

232 2852 147 55 exponitur
345 2852 90 55 Joh.
401 2852 68 55 12
435 2852 79 55 32.
480 2852 90 55 Eph.
537 2852 102 55 2.16.
605 2852 136 55 Videatur
707 2852 136 55 Irenaeus
808 2852 90 55 lib.
865 2852 68 55 5.
888 2852 124 55 adversus.

245 2884 124 47 haereses,
341 2884 76 47 cap.
389 2884 76 47 dec,
436 2884 105 47 quinto.

262 2917 75 58 2.
299 2917 75 58 Ut
336 2917 100 58 inde
399 2917 125 58 amorem
486 2917 150 58 Christi,
598 2917 112 58 manus
673 2917 75 58 ad
711 2917 87 58 nos
761 2917 200 58 amplectendos
910 2917 100 58 expan-

232 2941 128 78 dentis,
326 2941 93 78 erga
384 2941 82 78 nos
430 2941 198 78 cognosceremus
593 2941 58 78 &
617 2941 198 78 celebraremus.
780 2941 93 78 Eph.
838 2941 70 78 5.
861 2941 47 78 2.

254 2995 131 58 Titulus
350 2995 96 58 fuit
409 2995 108 58 cruci
481 2995 155 58 impositus
601 2995 143 58 scriptus
708 2995 84 58 his
756 2995 131 58 verbis,
852 2995 108 58 JESUS
911 2995 108 58 NALARE-

219 3028 91 54 Nus
271 3028 91 54 REX
323 3028 104 54 ILLE
387 3028 168 54 JUDEORUM:
517 3028 78 54 ut
556 3028 117 54 Jesus
633 3028 78 54 in
672 3028 117 54 solio
750 3028 130 54 crucis
841 3028 142 54 sedens,
931 3028 91 54 palam

228 3057 79 58 Rex
273 3057 91 58 ille
330 3057 136 58 aeternus
432 3057 57 58 &
454 3057 102 58 verus
522 3057 125 58 Messia:
613 3057 91 58 ejus
669 3057 113 58 ipsius
749 3057 91 58 manu
805 3057 57 58 &
828 3057 147 58 scriptura
930 3057 79 58 prae-

225 3089 165 58 dicaretur,
355 3089 106 58 cujus
426 3089 83 58 ore
473 3089 118 58 fuerat
556 3089 142 58 usurpati
662 3089 106 58 regni
733 3089 106 58 antea
804 3089 153 58 damnatus.
910 3089 106 58 Pilatus

222 3123 150 57 imprudens
338 3123 116 57 factus
419 3123 81 57 est
465 3123 127 57 aeterni
558 3123 116 57 illis:
639 3123 104 57 regni
708 3123 127 57 Christi
800 3123 127 57 praeco:
893 3123 58 57 &
904 3123 116 57 monitus.

229 3162 56 55 a
251 3162 147 55 primariis
364 3162 180 55 sacerdotibus
511 3162 158 55 Judaeorum,
635 3162 68 55 ut
669 3162 124 55 titulum
759 3162 135 55 mutaret,
860 3162 113 55 noluit
928 3162 79 55 Scri-

228 3194 96 55 psit
288 3194 108 55 autem
360 3194 132 55 titulum
456 3194 108 55 illum
528 3194 156 55 Hebraire.
649 3194 120 55 Ciaece
733 3194 60 55 &
757 3194 132 55 Latine,
853 3194 72 55 ad
877 3194 132 55 ostendens

219 3228 103 61 dum,
284 3228 103 61 hunc
348 3228 116 61 Regem
425 3228 90 61 nun
477 3228 142 61 Judaeis
580 3228 142 61 tantum,
684 3228 90 61 sed
735 3228 65 61 &
761 3228 155 61 Gentibus
864 3228 142 61 imperatur

236 180 100 51 III.
299 180 75 51 Ut
337 180 88 51 nos
387 180 163 51 liberatet
512 180 63 51 e
537 180 125 51 clavis
625 180 188 51 servitutis,
775 180 125 51 quibus
863 180 138 51 Satanas
963 180 88 51 nos
1000 180 63 51 af-

1050 214 119 36 demque
1133 214 95 36 illi
1193 214 71 36 in
1228 214 107 36 mundo
1300 214 131 36 habitum
1395 214 95 36 iri;
1454 214 95 36 quod
1514 214 59 36 &
1537 214 119 36 factum
1621 214 95 36 est,
1680 214 71 36 ut
1716 214 143 36 testatur
1811 214 71 36 Pau-

1048 248 80 38 lus
1093 248 149 38 Apostolus
1208 248 69 38 1.
1242 248 92 38 Tim.
1300 248 103 38 3.16.
1369 248 92 38 Deus
1426 248 183 38 manifestatus
1575 248 80 38 est
1621 248 69 38 in
1655 248 115 38 carne;
1735 248 80 38 &c.
1770 248 103 38 praedi-

1065 277 95 45 catus
1129 277 74 45 est
1171 277 137 45 Gentibus,
1277 277 95 45 fides
1340 277 85 45 illi
1393 277 106 45 habita
1467 277 74 45 est
1509 277 63 45 in
1530 277 85 45 mundos

1093 311 116 42 Postea
1175 311 163 42 vestimenta
1302 311 93 42 Iesu
1360 311 163 42 diviserunt
1488 311 139 42 milites,
1593 311 58 42 &
1616 311 105 42 super
1686 311 128 42 tunicam
1778 311 93 42 ejus
1825 311 58 42 in-

1055 356 128 38 consut:
1148 356 81 38 lem
1195 356 140 38 jecerunt
1300 356 128 38 sortem:
1393 356 70 38 ut
1427 356 163 38 impleretur
1555 356 93 38 quod
1614 356 116 38 dictum
1695 356 81 38 est
1741 356 58 38 a
1753 356 128 38 Propheta.

1055 385 159 32 deChristo,
1179 385 79 32 Ps.
1225 385 79 32 22.
1270 385 79 32 19.
1316 385 125 32 Partiti
1406 385 91 32 sunt
1463 385 159 32 vestimenta
1588 385 79 32 mea
1633 385 102 32 inter
1701 385 79 32 se,
1747 385 57 32 &
1770 385 79 32 pro
1804 385 79 32 indu-

1062 417 113 35 mento
1138 417 88 35 meo
1188 417 189 35 projecerunt
1340 417 139 35 sortem.
1441 417 101 35 Unde
1504 417 151 35 sequitur
1617 417 113 35 Jesum
1693 417 76 35 in
1731 417 88 35 quo
1769 417 113 35 prophe-

1064 447 79 39 cia
1109 447 90 39 haec
1165 447 79 39 est
1210 447 135 39 impleta,
1311 447 90 39 esse
1367 447 135 39 Christum
1457 447 90 39 illum.

1080 478 127 47 Milites
1173 478 81 47 qui
1219 478 138 47 Christum
1322 478 104 47 cruci
1391 478 173 47 affixerant,
1529 478 127 47 partiti
1621 478 92 47 sunt
1679 478 104 47 inter
1748 478 69 47 se
1771 478 115 47 vestime-

1064 521 68 43 ca
1098 521 137 43 Christi;
1201 521 68 43 ut
1235 521 205 43 significaretur
1406 521 137 43 Christum
1509 521 103 43 etiam
1577 521 137 43 hostibus
1680 521 91 43 suis
1737 521 126 43 gratiam
1817 521 57 43 re-

1053 554 157 37 missionis
1174 554 169 37 peccatorum
1306 554 60 37 &
1331 554 217 37 resipiscentiae
1512 554 181 37 largiturum,
1657 554 121 37 eosque
1741 554 97 37 suis
1789 554 85 37 boni-

1056 588 235 39 locupletaturum:
1253 588 99 39 quod
1315 588 123 39 factum
1401 588 99 39 esse
1463 588 99 39 Acta
1525 588 173 39 Apostolica
1661 588 161 39 testantur
1784 588 99 39 cap.
1834 588 49 39 2.

1060 618 59 42 &
1084 618 106 42 seqq.
1154 618 141 42 testatur
1260 618 59 42 &
1283 618 141 42 hodierna
1377 618 164 42 experientia.

1087 647 67 46 In
1120 647 122 46 quatuor
1209 647 111 46 partes
1287 647 156 46 vestimenta
1409 647 89 46 Iesu
1465 647 111 46 divisa
1543 647 89 46 sunt
1598 647 89 46 Joh.
1654 647 78 46 19,
1698 647 78 46 23.
1743 647 67 46 ut
1765 647 111 46 signifit

1057 690 149 48 caretur,
1168 690 99 48 fore
1231 690 75 48 ut
1268 690 112 48 Jesus
1342 690 87 48 mox
1392 690 99 48 suis
1454 690 124 48 opibus
1541 690 75 48 in
1578 690 112 48 omnes
1653 690 137 48 quatuor
1752 690 112 48 mundi
1814 690 75 48 par-

1053 721 85 40 tes
1101 721 134 40 divisis
1199 721 109 40 omnes
1272 721 134 40 electos
1369 721 97 40 suos
1430 721 85 40 Deo
1479 721 207 40 reconciliatos
1637 721 170 40 locupletaret

1084 749 92 45 Quod
1141 749 172 45 vestimentis
1278 749 69 45 in
1312 749 126 45 quatuor
1404 749 114 45 partes
1484 749 137 45 divisis,
1587 749 114 45 tunica
1667 749 92 45 sola
1724 749 137 45 indivisa
1816 749 57 45 res

1056 796 130 31 mansit,
1151 796 142 31 mysticae
1257 796 142 31 cujusdam
1363 796 83 31 rei
1411 796 118 31 signum
1493 796 106 31 fuit:
1564 796 189 31 significatum
1718 796 94 31 enim
1777 796 106 31 fuit,
1836 796 47 31 u-

1051 822 95 36 num
1106 822 68 36 &
1133 822 162 36 integrum
1254 822 149 36 masurum
1363 822 176 36 Ecclesiae
1498 822 189 36 thesaurum.
1647 822 149 36 Quatuor
1755 822 108 36 enim
1809 822 68 36 Or-

1056 855 86 44 bis
1105 855 135 44 partes,
1203 855 123 44 Oriens
1289 855 61 44 &
1314 855 160 44 Occidens,
1437 855 147 44 Meridies
1547 855 61 44 &
1572 855 184 44 Septentrio,
1719 855 74 44 ad
1756 855 135 44 salutem
1842 855 37 44 &

1058 888 113 37 ternam
1137 888 147 37 reductae,
1250 888 125 37 tunicam
1341 888 113 37 Verbi,
1420 888 68 37 id
1454 888 91 37 est,
1511 888 91 37 ejus
1568 888 102 37 carne
1636 888 204 37 impartibiliter
1794 888 91 37 inter-

1066 924 66 37 se
1099 924 132 37 partitae
1198 924 99 37 sunt.
1264 924 66 37 In
1297 924 132 37 singulos
1396 924 176 37 partibiliter
1538 924 143 37 transiens
1648 924 165 37 Unigenitus,
1780 924 55 37 &
1791 924 88 37 anima;

1062 958 62 35 &
1086 958 136 35 corpora
1185 958 111 35 eorum
1259 958 86 35 per
1308 958 123 35 carnem
1395 958 99 35 suam
1456 958 210 35 sanctificans,
1629 958 222 35 impartibiliter
1802 958 86 35 atque

1061 990 124 36 integre
1151 990 68 36 in
1185 990 113 36 omnibs
1263 990 90 36 est,
1320 990 79 36 cum
1365 990 90 36 unus
1421 990 113 36 ubique
1500 990 79 36 sit
1545 990 101 36 nullo
1613 990 90 36 modo
1669 990 135 36 divisus,
1770 990 68 36 ut
1793 990 90 36 Cyril-

1054 1024 80 34 lus
1099 1024 80 34 ait
1145 1024 80 34 lib
1190 1024 80 34 12.
1236 1024 68 34 in
1270 1024 137 34 Johannem
1372 1024 91 34 cap.
1429 1024 80 34 32.
1475 1024 148 34 Sententia
1588 1024 91 34 est:
1645 1024 125 34 singuli
1736 1024 125 34 fideles
1816 1024 68 34 par-

1059 1058 144 36 tibiliter,
1172 1058 62 36 id
1203 1058 82 36 est,
1254 1058 134 36 ,
1450 1058 93 36 inter
1512 1058 62 36 se
1542 1058 113 36 divisi,
1625 1058 154 36 partiuntur,
1748 1058 62 36 id
1779 1058 82 36 est,
1820 1058 62 36 par-

1066 1093 136 40 ticipant
1168 1093 113 40 carnem
1247 1093 91 40 ejus
1304 1093 159 40 e,
1429 1093 216 40 impartibiliter,
1610 1093 68 40 in
1644 1093 125 40 solidum
1735 1093 91 40 puta
1780 1093 91 40 singu-

1064 1127 68 34 li
1098 1127 124 34 virtute
1188 1127 136 34 Spiritus
1290 1127 124 34 Sancti.
1380 1127 90 34 Ergo
1436 1127 113 34 tunica
1516 1127 124 34 Christi
1606 1127 113 34 divisa
1685 1127 79 34 non
1730 1127 102 34 fuit,
1798 1127 79 34 tum
1832 1127 45 34 u-

249 1148 75 51 I.
287 1148 75 51 Ut
325 1148 113 51 palam
400 1148 138 51 fieret,
501 1148 113 51 Jesum
576 1148 176 51 crucifixum
714 1148 101 51 esse
777 1148 101 51 vere
840 1148 138 51 Messiam
940 1148 113 51 illum
1016 1148 63 51 &
1028 1148 38 51 D

1066 1160 108 47 ipsum
1138 1160 167 47 haberemus,
1269 1160 120 47 Patris
1353 1160 191 47 indivisibile
1508 1160 132 47 Verbum:
1604 1160 84 47 tum
1652 1160 72 47 ut
1688 1160 179 47 unusquisque
1819 1160 60 47 fi-

1066 1193 124 41 delium
1152 1193 87 41 non
1202 1193 124 41 partem
1289 1193 87 41 sed
1338 1193 111 41 totam
1412 1193 136 41 tunicam
1511 1193 186 41 obedientiae
1660 1193 62 41 &
1685 1193 161 41 justitiae
1796 1193 87 41 Chri-

1068 1229 83 36 sti
1116 1229 83 36 per
1163 1229 107 36 fidem
1234 1229 142 36 indueret
1341 1229 59 36 &
1364 1229 178 36 possideret:
1507 1229 83 36 tum
1554 1229 71 36 ut
1590 1229 166 36 concordiam
1720 1229 154 36 Ecclesiae
1827 1229 59 36 in-

1067 1262 151 37 violatam
1181 1262 177 37 conservare
1307 1262 164 37 studeremus.

1099 1291 85 46 Sors
1152 1291 127 46 projecta
1247 1291 74 46 est
1290 1291 95 46 super
1353 1291 106 46 tunica
1427 1291 127 46 Christi,
1522 1291 74 46 quo
1564 1291 95 46 isset
1628 1291 95 46 eius,
1691 1291 85 46 quem
1744 1291 85 46 sors
1786 1291 106 46 tetigis-

1059 1328 93 43 set;
1118 1328 82 43 tum
1164 1328 70 43 ut
1199 1328 186 43 indicaretur,
1350 1328 116 43 nemine
1432 1328 128 43 Christo
1525 1328 116 43 indui,
1607 1328 128 43 neminem
1700 1328 151 43 justitiae
1805 1328 82 43 Chri-

1068 1362 86 40 sti
1117 1362 124 40 vestem
1204 1362 148 40 consequi
1315 1362 99 40 nisi
1376 1362 86 40 cum
1426 1362 99 40 quem
1488 1362 99 40 Deus
1549 1362 62 40 &
1574 1362 111 40 Pater
1648 1362 124 40 Domini
1735 1362 124 40 nostri
1809 1362 74 40 Jesu

1071 1396 136 38 Christi
1170 1396 136 38 idoneum
1269 1396 112 38 fecit
1343 1396 74 38 ad
1381 1396 211 38 participandam
1554 1396 124 38 sortem
1641 1396 74 38 sa
1678 1396 136 38 nctorum
1777 1396 74 38 in
1802 1396 87 38 luce:

1061 1431 89 38 tum
1112 1431 76 38 ut
1150 1431 115 38 nobis
1227 1431 229 38 confirmaretur,
1418 1431 102 38 Deum
1481 1431 89 38 qui
1532 1431 165 38 attiibuit
1660 1431 115 38 nobis
1736 1431 127 38 sortem
1812 1431 64 38 no-

1066 1467 110 39 stram,
1143 1467 99 39 etiam
1209 1467 155 39 sustentare
1331 1467 77 39 ea,
1375 1467 77 39 Ps.
1419 1467 77 39 16.
1463 1467 66 39 5.
1497 1467 77 39 sic
1541 1467 66 39 ut
1574 1467 99 39 nobis
1640 1467 99 39 cripi
1706 1467 110 39 possit
1784 1467 55 39 a
1795 1467 88 39 nemine

1085 1497 101 44 Porro
1152 1497 112 44 medius
1230 1497 101 44 inter
1297 1497 89 44 duos
1353 1497 134 44 latrones
1453 1497 156 44 crucifixus
1576 1497 89 44 est,
1632 1497 67 44 ac
1666 1497 67 44 si
1699 1497 123 44 fuisset
1777 1497 112 44 latronum

1072 1532 146 41 princeps:
1184 1532 67 41 1.
1218 1532 67 41 Ut
1252 1532 157 41 impleretur
1375 1532 146 41 Scriptura
1487 1532 67 41 de
1521 1532 135 41 Christo,
1622 1532 90 41 Jes.
1679 1532 79 41 53.
1723 1532 79 41 12.
1768 1532 67 41 Cu
1791 1532 101 41 malesi-

1078 1565 69 40 us
1112 1565 172 40 annumeratus
1250 1565 92 40 est.
1307 1565 69 40 2.
1342 1565 69 40 Ut
1376 1565 184 40 satisfaceret
1526 1565 80 40 pro
1572 1565 103 40 Adamo
1641 1565 80 40 qui
1687 1565 80 40 sui
1733 1565 57 40 &
1744 1565 138 40 posterorus

1071 1597 118 42 suorum
1154 1597 142 42 homicida
1261 1597 166 42 exstiterat
1391 1597 107 42 lapsu
1462 1597 95 42 suo.
1521 1597 71 42 3.
1557 1597 71 42 Ut
1592 1597 59 42 &
1616 1597 95 42 ipsa
1675 1597 201 42 facinorosorum
1829 1597 59 42 re-

1069 1632 178 39 sipiscentium
1213 1632 144 39 supplicia
1324 1632 200 39 sanctificaret,
1491 1632 67 39 ne
1524 1632 89 39 quis
1579 1632 166 39 arbitretur,
1713 1632 133 39 infamiam
1801 1632 78 39 illo,

1070 1674 84 37 rum
1118 1674 72 37 in
1154 1674 145 37 Christum
1263 1674 181 37 credentibus
1407 1674 96 37 apud
1467 1674 96 37 Deum
1528 1674 120 37 fraudi
1612 1674 108 37 esse,
1684 1674 60 37 &
1708 1674 120 37 saluti
1781 1674 108 37 ipsorum

1074 1703 152 41 officere.
1191 1703 93 41 Hunc
1249 1703 93 41 usum
1308 1703 117 41 illico
1389 1703 175 41 confirmavit
1529 1703 128 41 exemplo
1623 1703 140 41 alterius
1728 1703 140 41 latronum
1821 1703 70 41 qui-

1065 1740 84 32 cum
1113 1740 96 32 ipso
1173 1740 132 32 fuerant
1269 1740 156 32 crucifixi
1389 1740 60 32 4
1413 1740 72 32 Ut
1449 1740 168 32 ostenderet
1581 1740 72 32 se
1617 1740 132 32 futurum
1713 1740 132 32 judicem
1797 1740 84 32 vivo-

1076 1765 78 41 rum
1120 1765 56 41 &
1143 1765 156 41 mortuorum,
1265 1765 78 41 qui
1309 1765 189 41 constituturus
1465 1765 78 41 est
1509 1765 100 41 alios
1576 1765 56 41 a
1598 1765 122 41 dextris
1687 1765 100 41 suis,
1754 1765 100 41 alios
1820 1765 56 41 a
1831 1765 56 41 si-

1072 1801 136 37 nistris:
1174 1801 102 37 atque
1242 1801 91 37 adeo
1299 1801 68 37 ut
1333 1801 79 37 jam
1378 1801 79 37 tum
1424 1801 148 37 inciperet
1537 1801 102 37 mundi
1605 1801 91 37 esse
1662 1801 114 37 judex,
1741 1801 114 37 habens
1810 1801 79 37 alios

1071 1833 51 42 a
1091 1833 122 42 dextris,
1183 1833 92 42 alios
1244 1833 51 42 a
1254 1833 122 42 sinistris.

1108 1861 79 48 Non
1153 1861 113 48 pluris
1232 1861 56 48 a
1254 1861 169 48 Pharisaeis,
1390 1861 192 48 Sacerdotibus,
1548 1861 180 48 Pontificibus
1694 1861 124 48 summis,
1773 1861 113 48 aliisque

1065 1894 130 44 hostibs
1160 1894 95 44 suis
1219 1894 130 44 habitus
1314 1894 107 44 fuit,
1385 1894 95 44 quam
1444 1894 71 44 si
1480 1894 118 44 vermis
1562 1894 118 44 esset,
1645 1894 71 44 ac
1681 1894 83 44 non
1728 1894 107 44 homo:
1787 1894 95 44 sannis

1062 1933 180 40 blasphemii:
1206 1933 60 40 &
1230 1933 144 40 injuriis
1338 1933 192 40 indignissime
1493 1933 156 40 affectus,
1613 1933 168 40 opprobriis
1733 1933 156 40 deformatus,

1066 1972 161 30 contemtus
1189 1972 62 30 a
1214 1972 124 30 populo
1301 1972 87 30 cui
1350 1972 198 30 benefecerat:
1511 1972 136 30 inimici
1610 1972 149 30 videntes
1722 1972 87 30 eum
1771 1972 74 30 in
1796 1972 99 30 cruce-

1066 2004 160 41 pendentem
1189 2004 210 41 subsannarunt,
1362 2004 86 41 per
1411 2004 160 41 ludibrium
1534 2004 123 41 buccas
1621 2004 160 41 infiando,
1744 2004 111 41 lavia
1806 2004 86 41 deri-

1071 2034 115 36 dendi
1148 2034 115 36 causa
1225 2034 180 36 diducendo,
1366 2034 115 36 capur
1443 2034 180 36 quatiendo,
1584 2034 90 36 qui
1635 2034 128 36 gestus
1725 2034 103 36 sunt
1789 2034 115 36 palam
1854 2034 38 36 &

1075 2080 192 36 contumeliose
1231 2080 192 36 illudentium;
1387 2080 60 36 &
1411 2080 180 36 sarcasticis
1556 2080 156 36 sermonibs
1676 2080 84 36 usi
1724 2080 108 36 sunt,
1784 2080 108 36 quemad-

1068 2107 112 41 modum
1142 2107 136 41 legitur
1241 2107 112 41 Matt.
1316 2107 74 41 27
1353 2107 74 41 39
1390 2107 62 41 &
1415 2107 112 41 seqq.
1489 2107 87 41 Qui
1539 2107 99 41 vero
1601 2107 198 41 praeteribunt
1750 2107 136 41 convitia-

1072 2136 115 37 bantur
1152 2136 80 37 ei,
1198 2136 138 37 moventes
1301 2136 115 37 capita
1381 2136 92 37 sua,
1439 2136 57 37 &
1462 2136 149 37 dicentes:
1576 2136 69 37 Tu
1611 2136 80 37 qui
1657 2136 138 37 destruis
1760 2136 138 37 templum,
1852 2136 34 37 &

1070 2169 102 37 triduo
1141 2169 143 37 aedificas,
1254 2169 92 37 serva
1316 2169 143 37 temetipsu.
1428 2169 61 37 Si
1459 2169 102 37 Filius
1531 2169 72 37 Dei
1572 2169 72 37 es,
1613 2169 143 37 descendito
1725 2169 51 37 e
1746 2169 102 37 cruce.
1807 2169 72 37 Simi-

1059 2209 104 36 liter
1129 2209 104 36 autem
1198 2209 104 36 etiam
1267 2209 138 36 primarii
1370 2209 161 36 Sacerdotes
1497 2209 161 36 illudentes
1624 2209 81 36 cum
1670 2209 127 36 Scribis
1762 2209 58 36 &
1773 2209 104 36 Senio

1072 2239 106 39 ribus,
1146 2239 137 39 dicebant,
1252 2239 95 39 alios
1315 2239 137 39 servavit,
1421 2239 116 39 seipsum
1506 2239 74 39 non
1548 2239 106 39 potest
1622 2239 127 39 servare:
1717 2239 63 39 Si
1749 2239 74 39 Rex
1780 2239 106 39 Israelis

1072 2276 88 40 est,
1127 2276 144 40 descendat
1238 2276 88 40 nunc
1293 2276 55 40 e
1315 2276 111 40 cruce,
1393 2276 55 40 &
1415 2276 133 40 credemus
1514 2276 77 40 ei.
1558 2276 133 40 Confidit
1658 2276 66 40 in
1691 2276 88 40 Deo,
1746 2276 100 40 eruat
1802 2276 77 40 ipsum

1074 2303 92 41 nunc
1132 2303 69 41 si
1167 2303 115 41 placet
1247 2303 81 41 ei.
1293 2303 104 41 Dixit
1362 2303 104 41 enim,
1431 2303 115 41 Filius
1512 2303 81 41 Dei
1558 2303 92 41 sum.
1616 2303 127 41 Idipsum
1708 2303 104 41 autem
1777 2303 104 41 etiam
1834 2303 58 41 la-

1064 2342 109 36 trones
1140 2342 76 36 qui
1184 2342 141 36 crucifixi
1292 2342 98 36 erant
1357 2342 76 36 cum
1401 2342 76 36 eo,
1444 2342 174 36 exprobrabant
1585 2342 76 36 ei.
1629 2342 76 36 Ita
1672 2342 109 36 Judaei
1748 2342 119 36 Christo
1824 2342 65 36 con-

1063 2369 154 42 tumeliose
1181 2369 201 42 exprobrarunt,
1347 2369 95 42 quae
1406 2369 83 42 non
1453 2369 142 42 dixerat:
1560 2369 59 42 &
1583 2369 95 42 quae
1643 2369 142 42 dixerat,
1749 2369 130 42 maligne
1832 2369 47 42 in

1072 2409 159 36 cerpretati
1197 2409 102 36 sunt.
1265 2409 79 36 Tum
1310 2409 68 36 ex
1344 2409 159 36 beneficiis
1469 2409 102 36 quibo
1537 2409 102 36 alios
1605 2409 136 36 affecit,
1707 2409 57 36 &
1730 2409 68 36 ex
1764 2409 125 36 officio
1844 2409 45 36 ad

1071 2440 97 44 quod
1131 2440 121 44 missus
1216 2440 97 44 erat
1276 2440 60 44 a
1300 2440 121 44 Patre,
1385 2440 145 44 materiam
1494 2440 169 44 exagitandi
1626 2440 109 44 ipsum
1699 2440 193 44 arripuerunt.
1844 2440 48 44 I-

1065 2474 75 38 mo
1102 2474 100 38 quod
1164 2474 75 38 in
1201 2474 87 38 Deo
1251 2474 187 38 confideret,
1401 2474 174 38 deriserunt
1538 2474 100 38 eum,
1600 2474 87 38 quo
1650 2474 124 38 nullum
1737 2474 87 38 est
1774 2474 112 38 hominum

1058 2508 187 37 improborum
1205 2508 120 37 magis
1285 2508 147 37 lethale
1392 2508 134 37 telum,
1485 2508 80 37 ad
1525 2508 200 37 vulnerandam
1686 2508 147 37 animam,
1792 2508 80 37 ut
1819 2508 67 37 vi-

1057 2543 89 44 dere
1112 2543 78 44 est
1157 2543 78 44 Ps.
1201 2543 78 44 42.
1246 2543 67 44 v.
1279 2543 67 44 4,
1312 2543 55 44 &
1334 2543 78 44 11.
1379 2543 89 44 Quin
1434 2543 100 44 etiam
1501 2543 133 44 precibus
1601 2543 122 44 Christi
1689 2543 67 44 ad
1723 2543 89 44 Deum
1778 2543 100 44 fusis
1834 2543 55 44 il-

1062 2576 158 38 luserunt,
1183 2576 121 38 easque
1268 2576 73 38 in
1304 2576 121 38 sensum
1389 2576 109 38 plane
1462 2576 121 38 impium
1547 2576 182 38 detorserunt
1692 2576 73 38 ex
1728 2576 145 38 prophana
1825 2576 61 38 pe-

1060 2613 151 36 tulantia,
1176 2613 104 36 quasi
1246 2613 128 36 relicto
1339 2613 81 36 Deo
1385 2613 58 36 a
1408 2613 151 36 creaturis
1524 2613 139 36 auxilium
1629 2613 139 36 peteret.
1733 2613 81 36 Nam
1780 2613 70 36 ut
1814 2613 93 36 ibi

1062 2646 73 39 de
1098 2646 158 39 Matthaeus
1219 2646 133 39 refert,
1316 2646 145 39 circiter
1425 2646 109 39 horam
1498 2646 109 39 nonam
1571 2646 170 39 exclamavit
1704 2646 109 39 Iesus
1777 2646 97 39 voce
1825 2646 61 39 ma-

1057 2685 91 35 gna,
1114 2685 125 35 dicens:
1205 2685 91 35 Eli,
1262 2685 91 35 Eli,
1319 2685 91 35 lama
1376 2685 194 35 Sabathanithoc
1536 2685 91 35 est,
1593 2685 91 35 Deus
1650 2685 80 35 mi,
1695 2685 91 35 Deus
1752 2685 80 35 mi,
1798 2685 80 35 cur
1832 2685 57 35 de-

1064 2710 144 53 seruisti
1172 2710 84 53 me?
1220 2710 120 53 Quidam
1303 2710 108 53 autem
1375 2710 108 53 illic
1447 2710 156 53 stantium,
1567 2710 96 53 quum
1627 2710 84 53 hoc
1675 2710 180 53 audivissent
1806 2710 84 53 dice-

1060 2744 103 42 bant,
1128 2744 103 42 Eliam
1197 2744 103 42 vocat
1254 2744 80 42 iste,

1096 2773 83 45 Ita
1144 2773 143 45 Christus
1251 2773 191 45 indignissima
1406 2773 155 45 ludibria,
1525 2773 191 45 contumelias,
1680 2773 131 45 sannas,
1776 2773 60 45 &
1788 2773 95 45 conte-

1066 2815 74 41 um
1103 2815 185 41 multiplicem
1251 2815 173 41 sustinuit,
1386 2815 86 41 tum
1436 2815 74 41 ut
1473 2815 123 41 lueret
1559 2815 123 41 poenas
1646 2815 86 41 pro
1695 2815 123 41 nobis,
1781 2815 86 41 qui
1818 2815 62 41 Dei

1065 2850 212 32 indignissimis
1239 2850 187 32 contumeliis
1389 2850 187 32 affeceramus
1539 2850 62 32 &
1564 2850 212 32 conteseramus:
1739 2850 87 32 tum
1789 2850 75 32 ut
1814 2850 62 32 no-

1066 2879 80 36 bis
1111 2879 148 36 liberatis
1225 2879 68 36 ab
1260 2879 137 36 aeternis
1362 2879 148 36 ludibriis
1477 2879 91 36 quae
1534 2879 148 36 promeriti
1648 2879 114 36 eramus
1728 2879 57 36 &
1750 2879 68 36 ab
1773 2879 103 36 aeterne

1061 2913 150 37 contemtu
1174 2913 88 37 quo
1224 2913 113 37 digni
1300 2913 138 37 eramus,
1400 2913 150 37 aeternam
1513 2913 113 37 nobis
1588 2913 100 37 cora
1651 2913 88 37 Deo
1701 2913 138 37 ejusque
1789 2913 100 37 beatis

1062 2946 138 40 Angelis
1163 2946 138 40 gloriam
1264 2946 189 40 compararet,
1415 2946 88 40 sic
1465 2946 75 40 ut
1503 2946 138 40 Christi
1603 2946 164 40 ignominia
1729 2946 113 40 nobis
1792 2946 88 40 summa

1066 2978 155 35 pepererit
1185 2978 143 35 gloriam:
1293 2978 72 35 tu
1328 2978 72 35 ut
1364 2978 131 35 exemplo
1460 2978 83 35 suo
1507 2978 83 35 nos
1555 2978 191 35 consolaretur
1710 2978 143 35 adversus
1805 2978 72 35 con-

1063 3018 115 38 vicia,
1143 3018 126 38 probra,
1235 3018 184 38 perversionem
1384 3018 138 38 sermonis
1487 3018 115 38 nostri
1568 3018 172 38 malitiosam,
1694 3018 195 38 ,

1061 3049 65 33 &
1087 3049 168 33 contemtum
1216 3049 155 33 hominum,
1332 3049 65 33 &
1358 3049 77 33 ad
1397 3049 181 33 patiantiam
1539 3049 129 33 animos
1629 3049 142 33 nostros
1719 3049 155 33 instrueret

1060 3081 174 47 quemadmodum
1199 3081 127 47 legitur
1292 3081 69 47 1.
1327 3081 93 47 Pet.
1384 3081 69 47 2.
1419 3081 81 47 21,
1465 3081 81 47 22,
1512 3081 81 47 23.
1558 3081 139 47 Christus
1662 3081 116 47 passus
1743 3081 81 47 est
1789 3081 81 47 pro
1824 3081 58 47 no-

1067 3117 88 39 nis,
1122 3117 153 39 relinquens
1242 3117 99 39 nobis
1308 3117 142 39 exemplar,
1417 3117 66 39 ut
1450 3117 186 39 insequeremini
1603 3117 131 39 vestigia
1702 3117 120 39 ipsius,
1789 3117 77 39 qui
1822 3117 55 39 non

1059 3180 140 46 vicissim
1164 3180 209 46 conviciabatur,
1339 3180 81 46 cum
1385 3180 105 46 malis
1455 3180 175 46 afficeretur
1595 3180 81 46 non
1641 3180 163 46 minabatur,
1769 3180 81 46 sed
1804 3180 70 46 com-

1059 3215 140 45 mittebat
1164 3215 116 45 causam
1245 3215 93 45 suam
1304 3215 81 45 oi,
1350 3215 81 45 qui
1397 3215 105 45 juste
1466 3215 128 45 tudicat

1095 3237 85 63 Nos
1144 3237 122 63 igitur
1229 3237 73 63 ab
1265 3237 134 63 aeterna
1363 3237 158 63 ignominia
1484 3237 61 63 &
1509 3237 146 63 contemtu
1618 3237 122 63 liberi
1703 3237 122 63 sumus,
1789 3237 85 63 nos
1825 3237 61 63 ae
