2063 3404
205 168 118 68 Passus
288 168 59 68 &
311 168 130 68 mortuus
405 168 82 68 est
452 168 94 68 Deus
511 168 118 68 carne,
594 168 94 68 quia
653 168 82 68 una
700 168 82 68 est
747 168 82 68 Dei
794 168 153 68 carnisque
900 168 94 68 perso-

181 203 109 62 sona:
253 203 84 62 non
302 203 84 62 est
350 203 121 62 passus
434 203 60 62 &
458 203 133 62 mortuus
555 203 84 62 cum
603 203 121 62 carne,
688 203 96 62 quia
748 203 72 62 in
784 203 84 62 uno
832 203 133 62 Christo
917 203 60 62 di-

181 244 142 54 stinctae
288 244 95 54 sunt
347 244 59 54 &
371 244 119 54 manent
454 244 71 54 in
489 244 154 54 perpetuum
608 244 130 54 naturae
703 244 142 54 Deitatis
809 244 59 54 &
833 244 130 54 carnis.
916 244 71 54 Vide

177 280 170 60 Fulgentii
307 280 130 60 librum
399 280 144 60 tertium
503 280 78 60 ad
542 280 196 60 Trasimundum
699 280 183 60 Vandalorum
842 280 78 60 in
869 280 117 60 Africa-

184 310 119 44 Regem,
268 310 72 44 de
303 310 143 44 passione
399 310 95 44 Domini

214 342 116 58 Passus
296 342 105 58 autem
366 342 58 58 &
389 342 128 58 mortuus
482 342 81 58 est
529 342 105 58 carne
599 342 93 58 SuA,
657 342 81 58 hoc
703 342 93 58 est,
761 342 128 58 Deitati
855 342 105 58 unita
913 342 58 58 per

186 377 151 56 sonaliter
303 377 105 56 etiam
372 377 70 56 in
407 377 93 56 ipsa
466 377 116 56 morte:
547 377 93 56 quia
605 377 81 56 non
652 377 93 56 nuda
710 377 163 56 humanitas,
838 377 81 56 sed
873 377 116 56 Deitatis

183 411 110 43 unita
256 411 86 43 nos
293 411 122 43 redemit.

219 444 134 47 Proinde
316 444 122 47 passio
402 444 61 47 &
426 444 98 47 mors
487 444 134 47 Christi
585 444 98 47 vere
646 444 73 47 ad
683 444 122 47 Filium
768 444 85 47 Dei
817 444 171 47 pertinuit.
939 444 49 47 Si

71 473 100 44 nit.
122 473 75 44 Neu-

190 511 105 53 horum
260 511 152 53 cruciatus
377 511 58 53 &
400 511 152 53 laceratio
517 511 58 53 &
540 511 140 53 divulsio
646 511 105 53 nihil
716 511 70 53 ad
751 511 105 53 ipsum
821 511 152 53 attinere,
926 511 58 53 et-

193 548 100 46 iamsi
260 548 111 46 Deitas
338 548 145 46 cruciari,
449 548 56 46 &
471 548 134 46 lacerari
572 548 56 46 &
594 548 89 46 mori
650 548 78 46 non
694 548 145 46 potuerit?
806 548 89 46 Quis
862 548 78 46 ita
895 548 78 46 insa-

70 575 78 45 ne
96 575 104 45 falsa-

72 616 111 34 rum
120 616 79 34 ac

64 644 138 41 cusatio-

67 681 119 36 num,
127 681 74 36 nu-

207 711 107 54 loria
279 711 131 54 degens:
374 711 107 54 Saul,
446 711 107 54 Saul,
517 711 96 54 quid
577 711 72 54 Me
613 711 191 54 persequeris?
768 711 96 54 quum
828 711 107 54 tamen
888 711 96 54 ingens

197 749 144 47 discrimen
308 749 78 47 sit
352 749 100 47 inter
419 749 144 47 passiones
530 749 133 47 fidelium
630 749 56 47 &
652 749 133 47 Christi.
752 749 122 47 Sanctis
841 749 89 47 enim
885 749 89 47 patien

195 780 111 40 tibus,
273 780 89 40 alia
328 780 78 40 est
373 780 133 40 persona,
472 780 89 40 quae
528 780 122 40 dolorem
617 780 56 40 &
639 780 144 40 passionem
750 780 100 40 ipsam
817 780 144 40 sustinet,
916 780 67 40 nen-

206 819 67 44 pe
239 819 134 44 fideles;
340 819 101 44 alia,
407 819 101 44 nempe
475 819 146 44 Christus,
587 819 90 44 quae
643 819 146 44 afficitur
755 819 157 44 contumelia
878 819 67 44 ab
900 819 90 44 hosti-

202 851 85 35 bus,
256 851 107 35 injur:
330 851 53 35 a
351 851 181 35 afficientibus
501 851 107 35 ipsius
575 851 117 35 legatos
660 851 53 35 &
682 851 117 35 servos,
767 851 117 35 propter
852 851 107 35 illius
916 851 64 35 con-

201 873 165 56 fessionem,
331 873 59 56 &
355 873 106 56 serio
425 873 153 56 improbat,
543 873 59 56 &
567 873 106 56 curat
638 873 189 56 afflictionem
791 873 118 56 eorum,
874 873 94 56 quos
921 873 71 56 sibi

205 917 120 46 anquam
289 917 120 46 membra
373 917 144 46 adjungit
481 917 60 46 &
505 917 132 46 fratres
602 917 96 46 suos
662 917 108 46 atque
734 917 120 46 amicos
818 917 120 46 vocat,
902 917 60 46 &
914 917 72 46 glo-

205 941 92 52 ciae
263 941 92 52 suae
321 941 173 52 cohaeredes,
459 941 58 52 &
482 941 127 52 templum
575 941 92 52 suum
632 941 69 52 in
667 941 81 52 quo
713 941 138 52 habitat.
817 941 69 52 Et
852 941 104 52 tamen
909 941 81 52 dici-

200 982 90 40 tur:
256 982 78 40 Qui
301 982 123 40 templum
390 982 78 40 Dei
435 982 145 40 destruit,
547 982 101 40 illum
614 982 134 40 destruet
714 982 101 40 Deus.
782 982 123 40 Christo
871 982 101 40 autem
927 982 56 40 pa-

196 1008 127 47 tiente,
289 1008 104 47 eadem
358 1008 127 47 persona
450 1008 92 47 est,
508 1008 58 47 &
531 1008 69 47 ea
565 1008 115 47 quidem
646 1008 92 47 ipse
704 1008 104 47 Deus,
773 1008 92 47 quae
831 1008 81 47 est
865 1008 127 47 subjectum

204 1044 156 44 supplicii
324 1044 72 44 ac
360 1044 132 44 doloris
457 1044 120 44 animae
541 1044 60 44 &
565 1044 156 44 corporis,
685 1044 60 44 &
709 1044 144 44 objectum
818 1044 168 44 immediatum
938 1044 60 44 in-

202 1080 114 48 juriae
282 1080 57 48 &
304 1080 183 48 contumeliae,
453 1080 80 48 qua
499 1080 69 48 ab
533 1080 137 48 hostibus
636 1080 160 48 afficitur.
761 1080 114 48 Quanto
841 1080 114 48 igitur
910 1080 80 48 magis

196 1115 58 39 &
220 1115 128 39 propius
313 1115 70 39 ad
348 1115 116 39 Filium
429 1115 81 39 Dei
476 1115 128 39 attinet
569 1115 81 39 sua
615 1115 116 39 ipsius
697 1115 105 39 caro,
767 1115 93 39 quam
825 1115 128 39 sancti:
907 1115 81 39 tante

195 1148 110 44 magis
268 1148 73 44 ad
305 1148 110 44 ipsum
378 1148 134 44 attinet
475 1148 122 44 passio
561 1148 134 44 ipsius,
658 1148 98 44 quam
707 1148 122 44 aliorum.

228 1179 120 43 Fixum
308 1179 133 43 igitur
401 1179 147 43 maneat,
508 1179 147 43 Dominum
614 1179 120 43 Jesum
694 1179 133 43 passum
788 1179 67 43 &
814 1179 147 43 mortuum
908 1179 93 43 esse.

196 1212 121 46 carne;
280 1212 84 46 non
329 1212 109 46 autem
401 1212 145 46 Deitate.
510 1212 145 46 Errarunt
618 1212 133 46 proinde
715 1212 157 46 haeretici
823 1212 169 46 Theopaschita

208 1243 84 44 seu
256 1243 193 44 Theopassioni
413 1243 121 44 dicti,
497 1243 84 44 qui
546 1243 193 44 contendebant
703 1243 72 44 in
739 1243 133 44 Christo
835 1243 145 44 Deitatem
932 1243 60 44 do-

198 1277 129 49 luisse,
292 1277 94 49 quum
350 1277 152 49 figeretur
467 1277 94 49 caro
526 1277 94 49 ejus
584 1277 70 49 in
619 1277 117 49 cruce:
701 1277 70 49 de
736 1277 82 49 qua
783 1277 129 49 haeresi
865 1277 140 49 Augustinus

207 1310 110 37 Libro
280 1310 73 37 de
317 1310 171 37 haeresibus
451 1310 73 37 ad
487 1310 98 37 Quod
548 1310 98 37 vult
610 1310 110 37 Deum,
683 1310 122 37 capite
768 1310 207 37 septuagesimo.
927 1310 73 37 Hae-

211 1348 115 38 caesis
292 1348 104 38 etiam
361 1348 150 38 Arianorum
476 1348 104 38 fuit,
672 1348 92 38 esse
730 1348 115 38 passum
811 1348 81 38 qui
857 1348 127 38 corpori
937 1348 58 38 ses

206 1379 149 35 adjunxit:
320 1379 138 35 adversus
424 1379 92 35 quam
481 1379 138 35 haeresim
585 1379 80 35 est
630 1379 126 35 tertius
722 1379 161 35 Theodoreti
849 1379 138 35 dialogus
941 1379 57 35 qui

205 1410 115 40 ,
285 1410 81 40 hoc
331 1410 92 40 est,
389 1410 184 40 Impassibilis
538 1410 184 40 inscribitur.
688 1410 115 40 Eandem
768 1410 138 40 haeresin
872 1410 115 40 postea
941 1410 58 40 se-

201 1445 111 39 quuti
275 1445 99 39 sunt
336 1445 62 39 &
361 1445 197 39 pertinaciter
521 1445 185 39 defenderunt
669 1445 185 39 Eutychiani,
817 1445 123 39 maxime
903 1445 86 39 sub
940 1445 49 39 Xe

197 1477 104 42 none
262 1477 195 42 Imperatore:
418 1477 104 42 nunc
483 1477 130 42 quoque
574 1477 117 42 inter
653 1477 169 42 Armenios,
783 1477 91 42 qui
835 1477 78 42 se
861 1477 169 42 Christianos

211 1517 168 36 appellant,
343 1517 180 36 permansisse
488 1517 132 36 fertur.
584 1517 156 36 Superiore
704 1517 108 36 etiam
776 1517 120 36 seculo
861 1517 72 36 in
885 1517 120 36 Germania

203 1543 122 44 nostra
288 1543 122 44 quidam
373 1543 98 44 ausi
434 1543 98 44 sunt
495 1543 158 44 asserere,
617 1543 146 44 Christum
727 1543 146 44 secundum
837 1543 146 44 utramque
934 1543 61 44 na-

208 1583 108 35 turam
280 1583 120 35 passum
364 1583 96 35 esse
423 1583 84 35 Non
471 1583 108 35 juvat
543 1583 108 35 autem
615 1583 84 35 eos
663 1583 72 35 id
699 1583 96 35 quod
759 1583 132 35 dicitur
854 1583 96 35 Act.
914 1583 84 35 20.
950 1583 48 35 v.

212 1614 78 37 28.
256 1614 89 37 quod
312 1614 89 37 Deus
367 1614 78 37 suo
412 1614 133 37 sanguine
512 1614 144 37 Ecclesiam
623 1614 189 37 acquisiverit,
778 1614 56 37 &
800 1614 67 37 1.
834 1614 89 37 Cor.
889 1614 67 37 2.
922 1614 67 37 v.
945 1614 44 37 1.

203 1650 89 37 quod
259 1650 123 37 Dominus
348 1650 123 37 gloriae
437 1650 156 37 crucifixus
560 1650 89 37 sit.
616 1650 78 37 Nam
661 1650 67 37 in
694 1650 78 37 hoc
739 1650 123 37 utroque
828 1650 89 37 loco
884 1650 89 37 quod
929 1650 67 37 pro-

208 1684 103 35 prium
276 1684 80 35 est
322 1684 125 35 humanae
413 1684 137 35 naturae,
515 1684 148 35 tribuitur
629 1684 148 35 personae,
743 1684 57 35 a
766 1684 114 35 divina
846 1684 114 35 natura
914 1684 80 35 deno-

203 1716 162 32 minatae,
325 1716 95 32 per
379 1716 257 32 communicationem
582 1716 149 32 idiomatum

243 1741 92 43 Sunt
301 1741 115 43 quidem
382 1741 92 43 duae
439 1741 127 43 naturae
532 1741 69 43 in
566 1741 127 43 persona
658 1741 127 43 Christi
750 1741 115 43 unitae
831 1741 196 43 inseparabili

205 1773 86 37 ter,
259 1773 75 37 sic
302 1773 64 37 ut
334 1773 118 37 persona
420 1773 97 37 illa,
484 1773 86 37 quae
538 1773 86 37 Deus
592 1773 86 37 est,
646 1773 97 37 recte
710 1773 118 37 dicatur
796 1773 97 37 passa
860 1773 54 37 &
882 1773 118 37 mortua:
957 1773 43 37 id

180 1811 45 29 t

211 1840 138 35 cuudum
308 1840 152 35 humanam
418 1840 165 35 naturam.
542 1840 138 35 Passio
639 1840 69 35 &
666 1840 110 35 mors
735 1840 138 35 carnis
818 1840 179 35 communicatu

216 1871 150 34 personae,
332 1871 81 34 ita
378 1871 69 34 ut
412 1871 81 34 non
459 1871 138 34 communis
562 1871 127 34 tantum,
655 1871 81 34 sed
701 1871 58 34 &
724 1871 127 34 propria
816 1871 81 34 sit
862 1871 115 34 ipsius
931 1871 58 34 per

210 1907 124 32 sonae.
297 1907 149 32 Vigilius
409 1907 124 32 quidem
496 1907 162 32 Episcopus
620 1907 99 32 olim
682 1907 187 32 Tridentinus
831 1907 149 32 adversus
931 1907 62 32 Eu-

96 1940 71 47 de
120 1940 107 47 passio.

217 1973 64 38 pe
249 1973 86 38 sic:
303 1973 107 38 Passus
378 1973 75 38 est
421 1973 86 38 Deus
475 1973 64 38 in
507 1973 107 38 unione
582 1973 140 38 personae,
690 1973 75 38 non
733 1973 75 38 est
776 1973 107 38 passus
851 1973 64 38 in
872 1973 129 38 proprieta-

221 1998 61 37 te
251 1998 123 37 naturae;
343 1998 123 37 siquidem
436 1998 133 37 passionis
538 1998 123 37 injurias
630 1998 92 37 etiam
691 1998 143 37 diuvinitas
804 1998 133 37 pertulit,
906 1998 72 37 (id
937 1998 61 37 est.

211 2030 88 42 suas
266 2030 110 42 fecit,
343 2030 132 42 scilicet
442 2030 99 42 reali
508 2030 176 42 conjunctione
650 2030 77 42 cum
694 2030 110 42 natura
771 2030 132 42 assumta,
870 2030 77 42 non
903 2030 88 42 inhae-

225 2066 121 38 sione)
309 2066 85 38 sed
358 2066 157 38 passionem
479 2066 97 38 sola
539 2066 97 38 caro
599 2066 97 38 ejus
660 2066 169 38 persensit.
793 2066 72 38 Et
829 2066 97 38 mox:
889 2066 85 38 Ita
926 2066 72 38 Ver-

220 2099 83 46 bum
268 2099 83 46 Dei
315 2099 95 46 iure
374 2099 130 46 dicimus
469 2099 154 46 passionis
587 2099 142 46 iniurias
694 2099 166 46 pertulisse
824 2099 83 46 non
872 2099 107 46 tamen
931 2099 71 46 pas-

216 2137 120 35 sionem
300 2137 156 35 sensisse.
421 2137 108 35 Dicam
493 2137 108 35 adhuc
565 2137 193 35 manifestius:
721 2137 132 35 confixa
818 2137 84 35 est
854 2137 144 35 diuvinita.

226 2167 119 35 clavis,
313 2167 76 35 sed
356 2167 87 35 ipsa
411 2167 141 35 penetrari
519 2167 76 35 non
563 2167 119 35 potuit,
650 2167 130 35 siquidem
747 2167 119 35 vulneri
834 2167 98 35 locum
899 2167 87 35 caro
943 2167 54 35 pa-

220 2199 120 44 tefacta
308 2199 131 44 aperuit,
406 2199 77 44 nam
450 2199 87 44 Deus
504 2199 164 44 invisibilis
635 2199 98 44 atque
701 2199 197 44 impenetrabilis
865 2199 120 44 mansit.
941 2199 66 44 Ita-

214 2234 95 41 ergo
273 2234 178 41 suscipiendo
415 2234 154 41 passiones
534 2234 59 41 &
557 2234 107 41 earum
628 2234 83 41 non
676 2234 130 41 cedendo
770 2234 178 41 affectibus,
901 2234 107 41 apparet

224 2267 91 37 Deum
280 2267 114 37 Verbum
360 2267 205 37 impassibiliter
531 2267 125 37 passum.
622 2267 80 37 Sed
667 2267 91 37 quia
724 2267 91 37 caro
781 2267 91 37 eius
838 2267 80 37 non
883 2267 102 37 solum
940 2267 57 37 per

227 2294 107 39 tulit,
302 2294 75 39 sed
345 2294 54 39 &
366 2294 107 39 sensit
441 2294 54 39 &
463 2294 118 39 cessit,
548 2294 107 39 merito
623 2294 64 39 ac
655 2294 86 39 iure
709 2294 128 39 dicimus,
805 2294 118 39 Dominum
891 2294 75 39 his
923 2294 75 39 omni-

228 2323 73 47 bus
269 2323 135 47 passionum
373 2323 177 47 conditionibus
519 2323 166 47 sensibiliter
654 2323 125 47 affectum
747 2323 62 47 in
778 2323 94 47 carne
841 2323 83 47 sua,
893 2323 83 47 sine
934 2323 73 47 sensu

220 2367 75 35 vel
263 2367 140 35 mutatione
371 2367 172 35 diuvinitatis
510 2367 97 35 suae.
575 2367 86 35 Ergo
628 2367 129 35 perferre
725 2367 150 35 passionem,
843 2367 118 35 naturae
929 2367 75 35 est
961 2367 43 35 u-

219 2396 135 37 triusque,
322 2396 73 37 sed
364 2396 104 37 cedere
436 2396 135 37 passioni,
540 2396 73 37 non
582 2396 73 37 est
623 2396 135 37 utriusque
727 2396 124 37 naturae,
820 2396 73 37 cum
862 2396 73 37 sit
903 2396 93 37 unius
955 2396 52 37 de-

229 2433 96 36 nique
294 2433 139 36 personae.
401 2433 64 36 Et
433 2433 96 36 libro
497 2433 118 36 quinto,
583 2433 107 36 capite
657 2433 128 36 secundo:
754 2433 118 36 Propter
839 2433 150 36 ineffabile
946 2433 54 36 my-

223 2466 133 34 sterium
320 2466 133 34 unionis
417 2466 170 34 utrarumque
550 2466 170 34 naturarum,
683 2466 145 34 communis
792 2466 73 34 in
828 2466 133 34 Christo
913 2466 85 34 fuit.

206 2503 33 40 s

224 2521 87 50 ipso
279 2521 77 50 est
322 2521 175 50 immortalitas
465 2521 109 50 Verbi,
541 2521 120 50 naturae
628 2521 120 50 carnis,
716 2521 87 50 quae
771 2521 98 50 morti
836 2521 153 50 succubuit.
945 2521 66 50 Ergo

227 2554 93 46 sicut
289 2554 83 46 illi
341 2554 93 46 mori&
403 2554 72 46 non
444 2554 93 46 mori,
506 2554 62 46 ex
537 2554 124 46 utrisque
630 2554 114 46 naturis
713 2554 72 46 est
755 2554 135 46 proprium:
858 2554 72 46 ita
899 2554 104 46 comune
962 2554 41 46 eo

225 2588 63 45 in
256 2588 84 45 ipso
308 2588 125 45 utrisque
402 2588 125 45 naturis,
496 2588 84 45 quod
549 2588 115 45 illarum
632 2588 73 45 est
674 2588 136 45 proprium:
779 2588 52 45 &
799 2588 63 45 ut
831 2588 105 45 exepli
904 2588 105 45 gratia
967 2588 52 45 di-

229 2621 107 43 xerim,
304 2621 128 43 proprium
400 2621 85 43 mihi
453 2621 75 43 est
496 2621 96 43 notam
560 2621 117 43 livoris
645 2621 128 43 cuiusque
741 2621 128 43 verberis
837 2621 117 43 gestare
922 2621 64 43 in
943 2621 64 43 cor

209 2669 33 41 I

223 2680 67 50 id
256 2680 89 50 est,
312 2680 134 50 sermonem
413 2680 100 50 durum
479 2680 123 50 gestare
569 2680 67 50 in
602 2680 100 50 mente
669 2680 89 50 mea,
725 2680 78 50 per
770 2680 112 50 natura
848 2680 112 50 animae
926 2680 100 50 meae:
982 2680 33 50 &

208 2736 36 41 t

228 2755 78 42 ram
272 2755 111 42 carnis
350 2755 89 42 meae
406 2755 67 42 Et
440 2755 89 42 quum
495 2755 78 42 sit
540 2755 89 42 mihi
596 2755 134 42 utrumque
696 2755 145 42 proprium,
807 2755 56 42 &
830 2755 123 42 corpori
919 2755 56 42 &
930 2755 89 42 animae

215 2802 30 41 i

229 2814 107 55 digit,
304 2814 75 55 nec
347 2814 96 55 anima
411 2814 128 55 flagelli
507 2814 118 55 vulnere
593 2814 139 55 livescit,
700 2814 128 55 utrumque
796 2814 96 55 tamen
861 2814 118 55 commune
946 2814 75 55 est
978 2814 43 55 in

201 2874 45 32 A

230 2881 63 47 ei
261 2881 115 47 sentire
345 2881 126 47 proprium
439 2881 115 47 fuerat,
523 2881 115 47 sentit,
607 2881 73 47 nec
649 2881 105 47 corpus
722 2881 94 47 extra
785 2881 105 47 animae
859 2881 136 47 cosortium
953 2881 63 47 pli-

232 2918 98 49 garum
297 2918 120 49 indicia
385 2918 142 49 gestavit.
493 2918 87 49 Quod
548 2918 109 49 igitur
624 2918 131 49 proprium
722 2918 87 49 mihi
776 2918 76 49 est
820 2918 65 49 in
853 2918 142 49 singulis,
962 2918 54 49 &
972 2918 44 49 a-

230 2946 103 50 lienum
302 2946 72 50 est
343 2946 51 50 a
363 2946 134 50 singulis,
466 2946 62 50 id
497 2946 113 50 conmune
580 2946 72 50 est
621 2946 62 50 in
652 2946 103 50 meipso
724 2946 134 50 singulis,
827 2946 82 50 quod
878 2946 123 50 proprium
960 2946 62 50 est,

228 2991 142 45 singulis.
337 2991 142 45 Sententia
447 2991 98 45 autem
512 2991 120 45 Vigilii
600 2991 87 45 est:
654 2991 55 45 &
676 2991 142 45 utriusque
785 2991 120 45 naturae
873 2991 55 45 &
884 2991 131 45 singularum

196 3005 56 60 st

211 3068 39 41 t

203 3102 48 30 t

224 3133 28 40 Ri

224 3166 28 40 si

208 3200 45 31 a

1022 190 97 55 sona
1083 190 146 55 hominis;
1192 190 97 55 quia
1252 190 109 55 anima
1325 190 109 55 etiam
1398 190 194 55 proprietates
1556 190 146 55 corporis
1665 190 97 55 sibi
1714 190 121 55 conmunes

1027 230 97 55 habet
1092 230 118 55 propter
1178 230 129 55 unionem,
1275 230 75 55 non
1318 230 65 55 in
1350 230 75 55 sua
1469 230 75 55 seu
1512 230 140 55 essentia,
1619 230 97 55 sicut
1684 230 118 55 corpus,
1770 230 75 55 sed

1029 265 72 49 in
1065 265 133 49 persona
1162 265 145 49 hominis:
1270 265 60 49 &
1295 265 121 49 corpuc
1379 265 109 49 etiam
1452 265 193 49 proprietates
1609 265 121 49 animae
1693 265 97 49 sibi
1742 265 72 49 com

1005 301 36 40 I

1034 366 134 51 partibus
1135 366 190 51 essentialibus
1291 366 134 51 constat,
1392 366 78 51 ita
1437 366 101 51 etiam
1504 366 56 51 &
1527 366 146 51 utriusque
1639 366 56 51 &
1661 366 157 51 singulorum
1773 366 45 51 in

1032 396 70 52 se
1067 396 140 52 realiter
1172 396 105 52 habet
1242 396 198 52 proprietates,
1404 396 70 52 ac
1439 396 128 52 proinde
1532 396 58 52 &
1556 396 140 52 corporis
1660 396 58 52 &
1683 396 116 52 animae
1753 396 70 52 pro-

1030 434 152 47 prietates
1147 434 70 47 de
1182 434 117 47 homine
1264 434 198 47 praedicantur:
1427 434 82 47 cic
1474 434 93 47 pati
1532 434 58 47 &
1556 434 93 47 mori
1614 434 93 47 quae
1661 434 163 47 proprietates

1024 472 114 34 carnis
1103 472 103 34 sunt,
1172 472 137 34 propriae
1275 472 103 34 erant
1343 472 125 34 Christo
1434 472 57 34 &
1457 472 125 34 comunes
1651 472 80 34 cum
1697 472 114 34 carne,
1765 472 57 34 non

1026 494 67 43 in
1059 494 89 43 ipsa
1115 494 111 43 natura
1193 494 122 43 divina,
1282 494 111 43 quippe
1360 494 89 43 quae
1415 494 89 43 pati
1471 494 56 43 &
1493 494 89 43 mori
1549 494 78 43 non
1593 494 122 43 potest,
1682 494 78 43 sed
1727 494 67 43 in
1749 494 67 43 per-

1033 527 86 49 sona
1087 527 108 49 carnem
1281 527 118 49 gerente
1367 527 75 49 quo
1410 527 65 49 in
1442 527 65 49 ea
1475 527 86 49 pati
1528 527 54 49 &
1550 527 86 49 mori
1604 527 118 49 posset,
1690 527 75 49 hoc
1733 527 86 49 est,
1776 527 43 49 ut

1036 560 114 48 larius
1116 560 57 48 &
1138 560 126 48 brevius
1230 560 91 48 dica
1287 560 114 48 passio
1367 560 57 48 &
1390 560 91 48 mors
1447 560 114 48 carnis
1527 560 126 48 Christi
1618 560 149 48 pertinuit
1733 560 69 48 ad
1755 560 69 48 Ver-

1036 597 86 40 bum,
1090 597 97 40 cujus
1155 597 119 40 propria
1241 597 76 40 est
1284 597 97 40 caro,
1349 597 76 40 sed
1392 597 140 40 pertinuit
1500 597 65 40 ad
1532 597 108 40 illud,
1608 597 76 40 non
1651 597 97 40 reali
1705 597 108 40 communi

1040 665 80 40 aro
1085 665 126 40 assumta
1177 665 103 40 Verbi
1245 665 126 40 propria
1336 665 91 40 caro
1394 665 91 40 est,
1451 665 80 40 ita
1496 665 103 40 etiam
1565 665 103 40 omnes
1633 665 137 40 actiones
1736 665 57 40 &
1747 665 69 40 pas-

1033 690 120 40 siones
1117 690 120 40 carnis
1201 690 132 40 tanquam
1297 690 96 40 suas
1357 690 144 40 proprias
1465 690 120 40 Verbum
1549 690 96 40 sibi
1609 690 156 40 vendicat.
1729 690 84 40 Sic
1765 690 60 40 Da-

1036 731 132 32 mascenus
1135 731 88 32 ait,
1190 731 77 32 li.
1234 731 66 32 3.
1267 731 121 32 Orthod.
1355 731 99 32 fidei
1421 731 66 32 c.
1453 731 66 32 3.
1486 731 143 32 i

1033 759 169 49 (v,
1413 759 95 49 ,

1279 797 132 38 ,
1699 797 120 38 ,
1771 797 48 38 n-

1040 828 70 29 i
1290 828 110 29 ,
1370 828 80 29 l
1459 828 60 29 ,-

1516 854 101 42 ,
1606 854 145 42 .
1717 854 67 42 An
1751 854 67 42 n
1784 854 56 42 &
1795 854 34 42 &

1042 894 109 40 X
1227 894 109 40 ,
1369 894 131 40 ,
1729 894 98 40 t

1037 926 111 34 .
1115 926 67 34 h.
1148 926 67 34 e.
1182 926 89 34 Quae
1237 926 111 34 humana
1315 926 100 34 sant,
1382 926 111 34 Verbum
1460 926 89 34 sibi
1515 926 145 34 attribuit
1627 926 89 34 (seu
1682 926 134 34 vendicat
1771 926 45 34 at

1034 958 72 42 sua
1075 958 103 42 facit.
1147 958 51 42 ]
1167 958 82 42 (Nam
1219 958 103 42 ipsius
1291 958 82 42 sunt
1342 958 72 42 ea,
1384 958 82 42 quae
1435 958 113 42 sanctae
1517 958 103 42 ipsius
1589 958 103 42 carnis
1661 958 103 42 sunt,)
1733 958 51 42 &
1744 958 82 42 tradit

1046 994 94 34 carni
1108 994 73 34 sua
1150 994 115 34 propria
1234 994 126 34 secundum
1328 994 126 34 alternae
1422 994 157 34 tributionis
1548 994 52 34 (
1569 994 73 34 seu
1611 994 105 34 mutuae
1684 994 157 34 attributio

1036 1024 79 35 nis
1081 1024 79 35 seu
1126 1024 158 35 reciprocae
1250 1024 215 35 praedicationis]
1431 1024 113 35 modum,
1510 1024 124 35 propter
1600 1024 147 35 naturarum
1713 1024 68 35 in
1747 1024 68 35 se
1770 1024 56 35 in-

1034 1060 118 38 vicem
1113 1060 197 38 accessionem
1270 1060 183 38 reciprocam
1414 1060 105 38 (seu
1479 1060 262 38 comprehensionem,
1689 1060 144 38 complexum

1035 1091 154 30 mutuum,
1147 1091 224 30 immanentiam)
1329 1091 70 30 &
1357 1091 154 30 propter
1470 1091 154 30 unionem
1582 1091 168 30 secundum
1694 1091 140 30 hyposta-

1041 1119 99 35 sin,
1103 1119 62 35 &
1128 1119 137 35 quoniam
1227 1119 99 35 unus
1289 1119 87 35 est
1339 1119 62 35 &
1363 1119 99 35 idim
1426 1119 87 35 qui
1475 1119 62 35 &
1500 1119 124 35 divina
1587 1119 62 35 &
1612 1119 124 35 humana
1686 1119 137 35 operetus.

1041 1152 74 39 in
1078 1152 136 39 utraque
1177 1152 111 39 forma
1251 1152 87 39 cum
1300 1152 148 39 alterius
1412 1152 186 39 communione.
1560 1152 111 39 Quare
1634 1152 62 39 &
1659 1152 136 39 Dominus
1746 1152 74 39 glo-

1048 1181 88 40 riae
1103 1181 154 40 crucifixus
1224 1181 132 40 dicitur,
1324 1181 121 40 quamvis
1412 1181 110 40 natura
1489 1181 88 40 eius
1544 1181 110 40 divina
1621 1181 77 40 non
1666 1181 77 40 sit
1710 1181 110 40 passu.
1776 1181 55 40 Da-

1039 1218 145 44 mascenus
1148 1218 121 44 igitur
1232 1218 109 44 primo
1305 1218 121 44 docet,
1389 1218 97 44 quod
1450 1218 121 44 Verbum
1534 1218 97 44 sibi
1594 1218 169 44 appropriet
1727 1218 85 44 seu
1764 1218 72 44 pro-

1044 1258 93 40 pria
1102 1258 116 40 faciat
1184 1258 128 40 humana.
1277 1258 139 40 Rationem
1381 1258 116 40 addit,
1462 1258 93 40 quia
1520 1258 163 40 quaecunque
1648 1258 116 40 carnis
1729 1258 105 40 sunt,
1788 1258 46 40 ea

1034 1284 110 38 etiam
1107 1284 110 38 Verbi
1180 1284 110 38 sunt,
1253 1284 110 38 cujus
1326 1284 134 38 nimirum
1424 1284 98 38 caro
1485 1284 134 38 propria
1582 1284 98 38 est.
1643 1284 122 38 Deinde
1729 1284 122 38 dicit:

1060 1316 98 39 quod
1121 1316 123 39 Verbum
1207 1316 86 39 sua
1257 1316 135 39 propria
1355 1316 111 39 carni
1429 1316 172 39 attribuat.
1564 1316 74 39 Si
1601 1316 135 39 quaeras
1700 1316 135 39 quomodo
1786 1316 49 39 id

1052 1347 104 39 nat,
1117 1347 91 39 num
1169 1347 91 39 per
1222 1347 131 39 realem
1313 1347 261 39 communicationem,
1535 1347 222 39 translationem
1718 1347 65 39 &
1731 1347 104 39 trans-

1040 1381 156 37 fusionem
1157 1381 208 37 proprietatum
1326 1381 117 37 unius
1404 1381 143 37 naturae
1508 1381 78 37 in
1547 1381 130 37 aliam?
1638 1381 169 37 Respondet
1755 1381 65 37 Da-

1048 1413 149 37 mascenus,
1162 1413 92 37 quod
1220 1413 69 37 id
1254 1413 92 37 fiat
1553 1413 126 37 ,
1644 1413 80 37 hoc
1690 1413 92 37 est,
1736 1413 92 37 secun-

1040 1447 89 38 dum
1091 1447 89 38 aut
1142 1447 89 38 per
1193 1447 114 38 modum
1269 1447 229 38 praedicationis
1460 1447 191 38 reciprocae,
1613 1447 89 38 P
1765 1447 64 38 seu

1177 1482 161 36 ,
1301 1482 99 36 quam
1487 1482 174 36 ,
1612 1482 223 36 communicationem.

1041 1511 166 39 idiomatum
1169 1511 140 39 usitate
1271 1511 191 39 appellamus.
1424 1511 77 39 Si
1462 1511 153 39 quaeras,
1577 1511 166 39 quamobrem
1704 1511 102 39 illa
1768 1511 89 39 oi

1045 1552 125 36 c
1136 1552 57 36 &
1307 1552 103 36 fiat?
1375 1552 148 36 respondet
1489 1552 171 36 Damascenus,
1740 1552 80 36 ,

1203 1578 183 36 ,
1349 1578 86 36 hoc
1398 1578 86 36 est
1447 1578 134 36 propter
1545 1578 122 36 mutuum
1630 1578 134 36 partium
1728 1578 86 36 seu
1765 1578 61 36 na-

1040 1610 150 35 turarum
1149 1610 150 35 Christi
1258 1610 191 35 complexum.
1558 1610 109 35 enim
1626 1610 177 35 naturarum
1749 1610 95 35 Chri-

1042 1642 83 41 sti
1090 1642 83 41 est
1137 1642 167 41 arctissima
1268 1642 95 41 illa
1328 1642 167 41 conjunctio
1458 1642 107 41 earum
1530 1642 71 41 in
1566 1642 131 41 unitate
1661 1642 155 41 personae:
1768 1642 83 41 sicut

1039 1675 193 35 Hegigi
1194 1675 180 35 personarum
1335 1675 90 35 SS.
1387 1675 142 35 Triados
1490 1675 90 35 est
1541 1675 180 35 arctissima
1683 1675 103 35 illa
1734 1675 116 35 conjun-

1038 1709 101 40 ctio
1102 1709 114 40 trium
1178 1709 177 40 personarum
1317 1709 76 40 in
1355 1709 89 40 una
1406 1709 63 40 &
1431 1709 114 40 eadem
1507 1709 127 40 numero
1596 1709 165 40 essentia,
1722 1709 101 40 quae
1773 1709 76 40 est;

1040 1741 69 36 in
1075 1741 104 36 illis
1144 1741 115 36 tribus
1225 1741 150 36 personis,
1340 1741 92 36 adeo
1398 1741 69 36 ut
1433 1741 150 36 ubicunque
1548 1741 162 36 personarum
1675 1741 81 36 una
1721 1741 92 36 est,
1779 1741 92 36 ibi

1046 1773 84 38 dem
1094 1773 120 38 quoque
1178 1773 108 38 adsit
1249 1773 132 38 persona
1345 1773 132 38 altera:
1441 1773 60 38 &
1464 1773 132 38 propter
1560 1773 96 38 hanc
1620 1773 203 38 conjunctionem
1775 1773 72 38 fit,

1040 1806 69 33 ut
1075 1806 104 33 Pater
1145 1806 81 33 sit
1191 1806 69 33 in
1225 1806 104 33 Filio
1295 1806 58 33 &
1318 1806 116 33 Filius
1399 1806 69 33 in
1434 1806 116 33 P.tre,
1515 1806 58 33 &
1538 1806 104 33 Pater
1607 1806 150 33 Filiusque
1723 1806 69 33 in
1746 1806 104 33 Spiritu

1041 1839 128 31 Sancto
1131 1839 64 31 &
1157 1839 167 31 vicissim.
1285 1839 141 31 Differt
1387 1839 115 31 autem
1605 1839 180 31 personarum
1734 1839 115 31 Sanctae

1041 1871 182 35 Ttinitatis
1184 1871 65 35 a
1353 1871 130 35 duatum
1444 1871 169 35 naturarum
1573 1871 143 35 Christi
1677 1871 78 35 in
1716 1871 91 35 eo,
1768 1871 104 35 quod

1190 1905 170 33 personatum
1323 1905 73 33 SS
1360 1905 134 33 Triados
1457 1905 85 33 est
1506 1905 134 33 propter
1603 1905 146 33 unitatem
1700 1905 146 33 essentiae:

1180 1936 114 32 autem
1256 1936 164 32 naturarum
1383 1936 152 32 Christi,
1497 1936 139 32 propter
1598 1936 152 32 unitatem
1699 1936 139 32 personae.

1048 1966 94 37 Unde
1107 1966 130 37 liquet,
1331 1966 153 37 naturarum
1449 1966 130 37 Christi
1543 1966 82 37 ide
1590 1966 94 37 esse
1649 1966 94 37 quod
1708 1966 71 37 P-

1042 2003 164 40 ,
1171 2003 70 40 ut
1206 2003 94 40 sese
1265 2003 82 40 mox
1311 2003 164 40 Damascenus
1440 2003 94 40 ipse
1498 2003 152 40 explicat.
1615 2003 94 40 Unde
1674 2003 58 40 &
1697 2003 82 40 hoc
1732 2003 94 40 liquet

1041 2033 144 41 graviter
1149 2033 120 41 errate
1233 2033 96 41 eos,
1292 2033 84 41 qui
1472 2033 180 41 consticuunt
1616 2033 108 41 modum
1687 2033 120 41 realis
1759 2033 72 41 com-

1040 2063 208 38 municationis
1209 2063 182 38 idiomatum,
1352 2063 91 38 quo
1404 2063 143 38 nimirum
1509 2063 104 38 modo
1574 2063 208 38 proprietates
1730 2063 104 38 essen-

1054 2098 99 36 iales
1120 2098 133 36 Deitatis
1220 2098 88 36 sint
1275 2098 99 36 reali
1341 2098 177 36 transfusione
1485 2098 177 36 communicatae
1628 2098 99 36 carni
1694 2098 133 36 Christi,
1783 2098 55 36 cul

1028 2133 33 40 t

1054 2162 118 40 ialiter
1140 2162 75 40 seu
1183 2162 160 40 subjective.
1311 2162 139 40 Praeterea
1418 2162 53 40 &
1439 2162 75 40 hoc
1482 2162 86 40 inde
1536 2162 118 40 liquet,
1621 2162 128 40 differre

1060 2202 223 33 .
1248 2202 70 33 Si
1283 2202 129 33 exempla
1506 2202 117 33 illius

1048 2231 148 36 requitas,
1162 2231 126 36 profert
1253 2231 160 36 Damascenus
1379 2231 114 36 istud:
1458 2231 126 36 Dominus
1550 2231 126 36 gloriae
1641 2231 160 36 crucisitus
1755 2231 80 36 dici-

1052 2266 88 32 tut,
1107 2266 122 32 quamvis
1196 2266 111 32 natura
1273 2266 88 32 ejus
1328 2266 111 32 divina
1406 2266 77 32 non
1450 2266 77 32 sit
1494 2266 100 32 passa
1561 2266 88 32 Ergo
1616 2266 133 32 patiente
1715 2266 111 32 carne,
1782 2266 44 32 ne

1057 2323 121 36 cundum
1142 2323 133 36 carnem,
1238 2323 85 36 non
1287 2323 121 36 passus
1371 2323 60 36 &
1396 2323 133 36 mortuus
1492 2323 85 36 est
1541 2323 145 36 secundum
1650 2323 157 36 Deitatem:
1758 2323 73 36 Pas-

1060 2356 103 42 ionem
1128 2356 57 42 &
1151 2356 115 42 mortem
1232 2356 80 42 non
1277 2356 126 42 sensit,
1369 2356 80 42 nec
1415 2356 138 42 realiter
1518 2356 184 42 participavit
1667 2356 126 42 Deitas.
1759 2356 69 42 Et
1782 2356 46 42 ut

1057 2394 114 34 verbis
1136 2394 91 34 utar
1193 2394 148 34 Fulgentii
1307 2394 68 34 ex
1341 2394 91 34 lib.
1398 2394 68 34 3.
1432 2394 68 34 ad
1467 2394 171 34 Trasimundum
1603 2394 114 34 Regem;
1683 2394 80 34 Hoc
1717 2394 114 34 personae

1051 2420 186 40 inseparabilis
1204 2420 120 40 unitas,
1291 2420 65 40 in
1324 2420 76 40 qua
1368 2420 87 40 Deus
1422 2420 55 40 &
1444 2420 87 40 homo
1499 2420 87 40 unus
1553 2420 76 40 est
1597 2420 142 40 Christus,
1706 2420 109 40 fecit,
1782 2420 65 40 ut
1804 2420 33 40 &

1061 2456 88 39 nomo
1116 2456 132 39 Christus
1215 2456 77 39 per
1259 2456 121 39 gratiam
1346 2456 154 39 nasceretur
1467 2456 66 39 ex
1500 2456 88 39 Deo,
1555 2456 99 39 salva
1621 2456 132 39 veritate
1719 2456 66 39 ac
1741 2456 88 39 pleni-

1050 2490 114 31 tudine
1129 2490 126 31 humanae
1221 2490 137 31 naturae,
1323 2490 57 31 &
1346 2490 91 31 idem
1403 2490 91 31 Deus
1460 2490 137 31 Christus
1563 2490 160 31 uoluntarie
1689 2490 148 31 pateretur
1791 2490 46 31 in

1061 2523 109 32 carne,
1137 2523 98 32 salva
1202 2523 163 32 impassibili
1333 2523 163 32 plenitudine
1463 2523 119 32 divinae
1550 2523 163 32 substantia.
1680 2523 65 32 Et
1713 2523 76 32 mox
1745 2523 87 32 addit:

1053 2550 99 38 Haec
1114 2550 86 38 dum
1164 2550 124 38 quidam
1250 2550 111 38 minus
1324 2550 161 38 attendunt
1448 2550 198 38 diuvinitatem
1609 2550 136 38 Christi
1707 2550 86 38 non
1745 2550 86 38 dubi-

1059 2589 88 36 tant
1114 2589 142 36 subiicere
1223 2589 142 36 passioni,
1333 2589 55 36 &
1354 2589 142 36 audientes
1464 2589 131 36 Christum
1562 2589 66 36 in
1595 2589 98 36 carne
1661 2589 120 36 passum,
1737 2589 88 36 putant

1070 2613 88 37 Deum
1125 2613 99 37 carni
1191 2613 110 37 fuisse
1269 2613 155 37 compassum,
1390 2613 99 37 minus
1457 2613 177 37 attendentes,
1600 2613 121 37 divinam
1688 2613 99 37 illam
1755 2613 99 37 atque

1051 2652 163 45 immutabilem
1182 2652 98 45 Filii
1247 2652 76 45 Dei
1290 2652 174 45 substantiam,
1432 2652 54 45 &
1453 2652 65 45 in
1486 2652 98 45 carne
1551 2652 141 45 passibili
1660 2652 141 45 passionem
1758 2652 65 45 sus-

1066 2686 126 45 repisse,
1161 2686 53 45 &
1182 2686 74 45 cum
1224 2686 95 45 carne
1287 2686 137 45 passionem
1393 2686 116 45 sentire
1477 2686 74 45 non
1508 2686 116 45 potuisse.

1092 2707 69 47 Ex
1126 2707 80 47 his
1172 2707 91 47 quae
1229 2707 103 47 dicta
1297 2707 91 47 sunt
1354 2707 137 47 constat,
1457 2707 137 47 Christum
1560 2707 80 47 non
1606 2707 114 47 passum
1686 2707 91 47 esse
1743 2707 69 47 De
1765 2707 69 47 tate

1067 2741 88 53 sua,
1122 2741 77 53 sed
1166 2741 110 53 tantum
1233 2741 77 53 carne

1090 2765 121 53 Carnis
1174 2765 108 53 autem
1247 2765 121 53 nomine
1331 2765 193 53 intelligitur
1488 2765 96 53 tota
1548 2765 121 53 humana
1632 2765 133 53 Christi
1717 2765 108 53 natura-

1053 2811 89 41 non
1104 2811 128 41 tantum
1194 2811 128 41 corpus
1283 2811 89 41 sed
1334 2811 115 41 etiam
1411 2811 128 41 anima.
1500 2811 153 41 QUAESTIO
1615 2811 89 41 hic
1666 2811 128 41 oritur
1743 2811 89 41 gemi-

1069 2840 76 46 na:
1113 2840 119 46 utraque
1199 2840 195 46 consideratione
1362 2840 163 46 dignissima.
1493 2840 98 46 PRIOR
1558 2840 87 46 est:
1612 2840 76 46 Ant
1655 2840 65 46 on
1688 2840 87 46 sola
1731 2840 109 46 corporis

1062 2872 111 45 Christi
1142 2872 101 45 passio
1213 2872 50 45 &
1233 2872 81 45 mors
1283 2872 101 45 fuerit
1354 2872 91 45 poena
1414 2872 70 45 pro
1455 2872 91 45 nobis
1515 2872 141 45 sufficiens
1626 2872 50 45 &
1646 2872 151 45 satisfactio
1757 2872 70 45 insi-

1066 2914 68 40 niti
1101 2914 85 40 pretiii-

1101 2928 104 54 RESP.
1171 2928 81 54 Non
1217 2928 104 54 fuit:
1287 2928 81 54 Sed
1333 2928 116 54 passio
1415 2928 58 54 &
1438 2928 93 54 mors
1496 2928 116 54 totius
1577 2928 128 54 humanae
1670 2928 128 54 naturae
1751 2928 81 54 Chri-

1058 2971 88 44 sti,
1113 2971 77 44 hoc
1157 2971 88 44 est,
1212 2971 110 44 passio
1289 2971 55 44 &
1311 2971 88 44 mors
1366 2971 121 44 externa
1454 2971 55 44 &
1475 2971 132 44 interna,
1574 2971 132 44 corporis
1673 2971 55 44 &
1695 2971 110 44 animae
1761 2971 77 44 Chri-

1064 3007 80 42 sti,
1114 3007 70 42 est
1154 3007 150 42 satisfactio
1274 3007 80 42 illa
1324 3007 170 42 perfectissima
1464 3007 90 42 atque
1524 3007 120 42 infiniti
1614 3007 110 42 pretii:
1694 3007 80 42 quod
1744 3007 60 42 ex
1764 3007 80 42 subja-

1063 3047 90 42 ctis
1119 3047 157 42 argumentis
1231 3047 78 42 pater

1089 3060 138 54 Primum
1186 3060 110 54 est:
1255 3060 110 54 Quam
1324 3060 138 54 mortem
1421 3060 110 54 Deus
1490 3060 124 54 Adamo
1573 3060 69 54 &
1600 3060 110 54 Evae
1669 3060 83 54 in
1697 3060 138 54 Paradise

929 3107 144 52 X

1066 3139 98 39 stum
1127 3139 159 39 sponsorem
1249 3139 134 39 nostrum
1347 3139 122 39 subire
1432 3139 134 39 necesse
1530 3139 110 39 fuit:
1603 3139 110 39 Atqui
1676 3139 110 39 Adamo
1750 3139 61 39 &
1762 3139 73 39 Eva-

1058 3166 80 54 in
1098 3166 160 54 Paradiso
1218 3166 93 54 non
1271 3166 133 54 tantum
1364 3166 173 54 passionem
1497 3166 67 54 &
1524 3166 133 54 mortem
1617 3166 200 54 corsoralem,
1777 3166 93 54 sed
