2063 3444
1054 142 190 61 spirituali
1204 142 136 61 redimi
1298 142 176 61 oportuit.
1434 142 108 61 Ergo
1502 142 122 61 etiam
1583 142 136 61 animae
1678 142 136 61 mortum
1759 142 136 61 Christum

225 201 96 41 lem,
285 201 96 41 Deus
344 201 203 41 denunciaverat
512 201 72 41 in
547 201 96 41 illa
607 201 203 41 comminatione,
774 201 119 41 Genes.
858 201 72 41 2.
894 201 72 41 v.
929 201 84 41 17.
965 201 60 41 De.

228 232 119 47 fructu
311 232 95 47 vero
371 232 131 47 arboris
466 232 155 47 scientiae
585 232 95 47 boni
644 232 59 47 &
668 232 107 47 mali,
740 232 71 47 de
775 232 95 47 isto
835 232 71 47 ne
870 232 143 47 comedas:
966 232 59 47 nam

222 269 81 45 quo
269 269 81 45 die
315 269 150 45 comederis
430 269 69 45 de
464 269 81 45 ea,
510 269 104 45 morte
579 269 150 45 moriturus
694 269 81 45 es.
740 269 150 45 Sententia
855 269 92 45 enim
913 269 92 45 est:
959 269 69 45 eris

218 300 131 48 prorsus
313 300 155 48 subjectus
432 300 83 48 tum
480 300 107 48 morti
552 300 179 48 spirituali,
695 300 95 48 quae
754 300 83 48 est
802 300 155 48 separatio
921 300 119 48 animae
992 300 36 48 &

224 334 155 45 corporis
340 334 65 45 a
366 334 155 45 gratiosa
482 334 181 45 communione
625 334 103 45 Dei:
689 334 90 45 tum
741 334 116 45 morti
818 334 181 45 corporali,
947 334 78 45 quae

220 365 79 44 est
265 365 146 44 separatio
377 365 135 44 corporis
479 365 56 44 a
501 365 135 44 naturali
602 365 146 44 consortio
715 365 124 44 animae.
805 365 79 44 Sic
850 365 90 44 esse
895 365 124 44 accipien-

222 396 87 50 dam
271 396 99 50 hanc
333 396 222 50 comminationem,
518 396 74 50 ac
555 396 87 50 non
605 396 74 50 de
642 396 111 50 solam
716 396 111 50 morte
790 396 173 50 corporali,
926 396 124 50 colli¬

219 430 108 58 gitur
291 430 72 58 ex
327 430 72 58 eo
363 430 96 58 quod
423 430 96 58 illo
484 430 96 58 ipso
544 430 84 58 die
592 430 96 58 homo
652 430 132 58 mortuus
748 430 96 58 est,
808 430 84 58 quo
857 430 132 58 fructum
941 430 84 58 veti-

230 466 90 45 tae
282 466 141 45 arboris
384 466 180 45 comederat,
526 466 116 45 juxta
603 466 231 45 comminationem:
796 466 90 45 quo
847 466 90 45 die
886 466 141 45 comederus

233 496 71 47 de
269 496 83 47 eo,
316 496 107 47 morte
388 496 155 47 morieris:
507 496 71 47 at
542 496 155 47 corporali
661 496 107 47 morte
733 496 83 47 tum
780 496 83 47 non
828 496 119 47 statim
911 496 95 47 fuit
959 496 71 47 actu

235 536 141 39 mortuus,
341 536 94 39 ergo
400 536 177 39 spirituali.
542 536 165 39 Colligitur
671 536 94 39 idem
730 536 71 39 ex
766 536 106 39 aliis
825 536 200 39 comminationibus

224 564 130 45 Legis,
315 564 130 45 quibus
406 564 104 45 haec
471 564 117 45 prima
549 564 182 45 comminatio
693 564 195 45 explicatur,
849 564 169 45 cujusmodi
966 564 65 45 est

235 598 88 43 illa
290 598 144 43 Deuteron.
401 598 77 43 27.
445 598 77 43 26.
489 598 177 43 Exsecrabilis
633 598 77 43 est
677 598 133 43 quisquis
777 598 77 43 non
821 598 133 43 manserit
920 598 66 43 in
943 598 77 43 omni-

239 633 72 42 bus
280 633 82 42 quae
331 633 113 42 scripta
414 633 82 42 sunt
465 633 62 42 in
496 633 93 42 libro
558 633 93 42 Legis
620 633 62 42 ut
651 633 103 42 faciat
723 633 72 42 ea:
764 633 82 42 Item
816 633 93 42 Deut.
878 633 72 42 21.
919 633 93 42 vers.
970 633 52 42 23.

229 670 174 38 Exsecrabilis
370 670 76 38 est
414 670 76 38 qui
457 670 108 38 pendet
533 670 65 38 in
565 670 108 38 ligno.
641 670 152 38 Maledictio
761 670 87 38 ista
815 670 54 38 &
837 670 152 38 exsecratio
945 670 76 38 divi-

234 697 66 50 na
267 697 77 50 est
311 697 110 50 mortis
388 697 165 50 spiritualis
519 697 165 50 proprietas,
651 697 88 50 quae
706 697 66 50 ab
739 697 88 50 illa
794 697 110 50 nequit
870 697 143 50 separari.
969 697 66 50 Huic

228 736 106 50 autem
299 736 188 50 comminationi
451 736 164 50 satisfieri
581 736 153 50 oportuit,
698 736 70 50 ac
733 736 129 50 proinde
827 736 129 50 Christi
910 736 117 50 satisfa-

232 773 91 45 ctio
289 773 80 45 non
334 773 80 45 est
380 773 91 45 sola
437 773 91 45 mors
483 773 137 45 corporalis

256 799 165 49 Secundum
380 799 193 49 argumentum
531 799 110 49 est:
600 799 96 49 Cui
655 799 124 49 morti
738 799 124 49 omnes
821 799 165 49 homines,
944 799 151 49 propter-

238 839 149 48 peccatum
349 839 136 48 obnoxii
448 839 112 48 facti
523 839 112 48 sunt;
597 839 87 48 eam
647 839 149 48 Christum
758 839 161 48 sponsorem
882 839 136 48 nostrum
969 839 62 48 sub

240 871 76 43 re
278 871 102 43 loco
342 871 127 43 nostro
431 871 166 43 oportuit.
559 871 115 43 Atqui
635 871 115 43 omnes
712 871 140 43 homines
814 871 140 43 propter
903 871 140 43 peccatum.

231 903 86 42 non
280 903 122 42 tantum
365 903 171 42 corporali,
500 903 110 42 verum
573 903 110 42 etiam
646 903 171 42 spirituali
780 903 110 42 morti
854 903 147 42 subjecti
951 903 86 42 facti

240 939 114 39 sunt.
316 939 89 39 Nam
367 939 127 39 Adamus
456 939 63 39 &
481 939 102 39 Eva,
545 939 102 39 quam
608 939 127 39 primum
697 939 190 39 transgressi
849 939 152 39 fuissent
951 939 76 39 man-

241 973 110 40 datum
314 973 98 40 Dei,
376 973 123 40 statim
461 973 110 40 morte
535 973 172 40 spirituali
670 973 123 40 mortui
755 973 110 40 sunt:
829 973 123 40 mortis
915 973 98 40 vero
964 973 74 40 cor-

239 1004 124 46 poralis
329 1004 102 46 etiam
397 1004 113 46 illico
476 1004 79 46 rei
521 1004 102 46 facti
589 1004 90 46 sunt
646 1004 57 46 &
668 1004 102 46 morte
736 1004 90 46 illa
792 1004 170 46 dignissimi,
928 1004 68 46 ac
951 1004 90 46 proin-

236 1042 76 36 de
274 1042 88 36 mox
325 1042 76 36 in
362 1042 126 36 mortis
450 1042 189 36 spiritualis
601 1042 63 36 &
627 1042 176 36 corporalis
765 1042 164 36 potestate
891 1042 151 36 fuerunt.
992 1042 50 36 De

228 1070 113 42 morte
304 1070 176 42 spirituali
442 1070 113 42 Adami
518 1070 63 42 &
543 1070 101 42 Evae
606 1070 126 42 Genes.
694 1070 76 42 3.
732 1070 113 42 vers.
807 1070 76 42 7,
845 1070 76 42 8.
883 1070 101 42 Tunc
933 1070 101 42 aperue

247 1104 93 44 cunt
306 1104 93 44 sese
364 1104 105 44 oculi
434 1104 140 44 amborum,
539 1104 175 44 noveruntque
678 1104 70 44 se
713 1104 105 44 nudos
783 1104 105 44 esse:
853 1104 58 44 &
877 1104 140 44 consutis
970 1104 58 44 fo-

236 1139 91 39 liis
293 1139 149 39 ficulneis
407 1139 137 39 fecerunt
510 1139 91 39 sibi
567 1139 183 39 subligacula.
716 1139 114 39 Deinde
796 1139 160 39 audiverunt
922 1139 103 39 vocem
979 1139 57 39 Ie-

236 1167 96 51 hova
296 1167 84 51 Dei
344 1167 132 51 itantem
440 1167 84 51 per
489 1167 120 51 hortum
573 1167 108 51 ipsum
645 1167 72 51 ad
681 1167 120 51 ventum
765 1167 120 51 illius
850 1167 108 51 diei:
922 1167 108 51 Quare
982 1167 60 51 ab-

239 1213 128 36 scondit
332 1213 70 36 se
367 1213 93 36 Adam
425 1213 58 36 &
448 1213 93 36 vxor
506 1213 93 36 ejus
564 1213 58 36 a
587 1213 104 36 facie
657 1213 116 36 Iehova
738 1213 93 36 Dei,
796 1213 104 36 inter
866 1213 128 36 arbores
947 1213 93 36 illius

239 1248 128 30 horti:
329 1248 77 30 Et
367 1248 115 30 vers.
444 1248 90 30 10.
495 1248 90 30 ait
547 1248 141 30 ipsemet
649 1248 141 30 Adamus:
751 1248 115 30 Vocem
828 1248 102 30 tuam
892 1248 154 30 audiebam
995 1248 51 30 in

240 1273 84 36 hoc
288 1273 119 36 horto:
371 1273 131 36 extimui
467 1273 119 36 autem,
551 1273 72 36 eo
586 1273 96 36 quod
646 1273 107 36 nudus
718 1273 96 36 sim,
777 1273 60 36 &
801 1273 143 36 abscondi
909 1273 84 36 me.
956 1273 119 36 Sicut,

246 1312 94 34 vita
305 1312 117 34 animae
387 1312 82 34 est
434 1312 129 34 fruitio
527 1312 105 34 summi
598 1312 105 34 boni,
668 1312 105 34 nempe
738 1312 94 34 Dei;
797 1312 94 34 unde
856 1312 141 34 laetitia
961 1312 70 34 ex
984 1312 59 34 Dei

244 1342 155 39 conspectu
363 1342 59 39 &
387 1342 95 39 voce
446 1342 155 39 exsistit:
565 1342 83 39 ita
613 1342 95 39 mors
672 1342 119 39 animae
756 1342 83 39 est
803 1342 143 39 privatio
910 1342 107 39 summi
970 1342 83 39 boni,

243 1378 112 42 nempe
317 1378 100 42 Dei,
380 1378 100 42 unde
442 1378 112 42 metus
517 1378 125 42 oritur
604 1378 62 42 &
629 1378 174 42 trepidatio
766 1378 75 42 ad
803 1378 112 42 vocem
878 1378 100 42 Dei,
940 1378 100 42 quem
990 1378 50 42 ad

243 1413 97 42 nima
303 1413 121 42 humana
388 1413 73 42 ob
425 1413 230 42 transgressionem
619 1413 121 42 Legis,
704 1413 85 42 vel
752 1413 61 42 a
776 1413 73 42 se
813 1413 182 42 perpetratam
958 1413 85 42 vel
995 1413 48 42 in

255 1443 63 44 e
281 1443 176 44 voluntatie
419 1443 176 44 translatam
557 1443 88 44 non
607 1443 125 44 potest
695 1443 88 44 non
745 1443 188 44 reformidare
895 1443 138 44 tanquam
983 1443 63 44 ju-

254 1477 118 42 dicem
332 1477 65 42 &
359 1477 157 42 vindicem
477 1477 144 42 severum
581 1477 157 42 peccati.
699 1477 131 42 Itaque
791 1477 131 42 Adamus
883 1477 65 42 &
909 1477 92 42 Eva
948 1477 131 42 viventes

249 1519 112 37 quoad
323 1519 149 37 corpora,
435 1519 124 37 mortui
522 1519 112 37 tamen
597 1519 112 37 erant
672 1519 112 37 quoad
746 1519 137 37 animas.
846 1519 162 37 Similiter
958 1519 87 37 omnes

246 1552 85 39 nos
294 1552 85 39 qui
343 1552 133 39 carnali
440 1552 182 39 generatione
585 1552 73 39 ex
622 1552 109 39 Adamo
694 1552 158 39 propagati
816 1552 121 39 sumus,
901 1552 133 39 privati
985 1552 61 39 sua

241 1584 100 35 mus
298 1584 128 35 summo
383 1584 114 35 bono
455 1584 128 35 donec
540 1584 71 35 a
569 1584 157 35 Christo
683 1584 228 35 vivificemur.
869 1584 157 35 Proinde
969 1584 71 35 non

242 1612 130 39 tantum
333 1612 195 39 corporalem,
488 1612 91 39 sed
540 1612 117 39 etiam
618 1612 195 39 spiritualem
774 1612 130 39 mortem
864 1612 156 39 Christum
968 1612 78 39 loce

244 1642 119 41 nostro
327 1642 119 41 subire
398 1642 131 41 oportuit.

284 1676 140 39 Tertium
386 1676 191 39 argumentum:
539 1676 64 39 A
565 1676 89 39 qua
616 1676 115 39 morte
693 1676 153 39 Christus
808 1676 89 39 nos
859 1676 179 39 liberavit,
986 1676 64 39 eam

259 1715 134 40 profecto
360 1715 90 40 ipse
416 1715 78 40 pro
460 1715 101 40 nobis
528 1715 134 40 subierit
628 1715 123 40 necesse
718 1715 90 40 est.
774 1715 157 40 Propositio
897 1715 90 40 haec
942 1715 112 40 verissi-

255 1752 68 31 ma
289 1752 90 31 est.
345 1752 79 31 Nam
390 1752 68 31 ne
424 1752 56 31 a
446 1752 135 31 peccatis
548 1752 113 31 quidem
626 1752 113 31 liberi
705 1752 169 31 potuissemus
840 1752 113 31 fieri,
919 1752 90 31 nisi
964 1752 79 31 Chri-

256 1777 94 41 stus
315 1777 129 41 peccata
409 1777 117 41 nostra
491 1777 70 41 in
526 1777 70 41 se
561 1777 211 41 transtulisset,
737 1777 141 41 eorumque
842 1777 117 41 reatum
912 1777 141 41 subiisset,

247 1814 88 33 non
298 1814 126 33 quidem
386 1814 88 33 per
437 1814 126 33 realem
525 1814 139 33 illorum
626 1814 76 33 in
664 1814 101 33 ipso
727 1814 202 33 inhaesionem,
891 1814 88 33 sed
941 1814 88 33 per
979 1814 63 33 ju-

251 1845 158 36 dicialem
369 1845 211 36 imputationem
541 1845 92 36 qua
594 1845 79 36 in
633 1845 119 36 ipsum
712 1845 119 36 ultro
791 1845 171 36 sponsorem
923 1845 92 36 pro
963 1845 92 36 nobis

263 1879 98 35 actum
328 1879 87 35 illa
383 1879 87 35 sunt
437 1879 152 35 translata,
557 1879 65 35 ut
589 1879 65 35 ea
622 1879 131 35 gestaret
720 1879 54 35 &
742 1879 76 35 pro
785 1879 76 35 iis
829 1879 185 35 satisfaceret.
981 1879 98 35 Atqui

257 1907 90 42 non
308 1907 128 42 tantum
398 1907 64 42 a
424 1907 167 42 corporis,
552 1907 115 42 verum
629 1907 115 42 etiam
706 1907 128 42 animae
796 1907 115 42 morte
873 1907 90 42 nos
911 1907 141 42 Christus.

251 1946 176 34 liberavit:
390 1946 189 34 quemadmodum
541 1946 126 34 Paulus
629 1946 88 34 ait
680 1946 101 34 Heb.
743 1946 76 34 2.
781 1946 113 34 vers.
856 1946 88 34 14,
907 1946 88 34 15.
945 1946 113 34 Quoniam

256 1979 114 34 igitur
335 1979 102 34 pueri
404 1979 159 34 participes
529 1979 91 34 sunt
586 1979 114 34 carnis
665 1979 57 34 &
688 1979 159 34 sanguinis,
813 1979 91 34 ipse
870 1979 114 34 quoque
938 1979 114 34 consimi-

253 2014 103 41 liter
321 2014 148 41 particeps
435 2014 114 41 factus
515 2014 80 41 est
561 2014 148 41 eorundem:
675 2014 68 41 ut
709 2014 80 41 per
754 2014 114 41 mortem
834 2014 137 41 aboleret
937 2014 80 41 eum
983 2014 91 41 qui¬

257 2049 113 32 mortis
336 2049 135 32 imperium
437 2049 113 32 habet,
516 2049 79 32 hoc
561 2049 90 32 est,
618 2049 147 32 diabolum:
730 2049 56 32 &
753 2049 124 32 liberos
843 2049 135 32 redderet
933 2049 113 32 quotquot

256 2081 96 42 metu
316 2081 120 42 mortis
400 2081 84 42 per
448 2081 108 42 omnem
519 2081 108 42 vitam
591 2081 132 42 obnoxii
687 2081 108 42 erant
759 2081 168 42 servituti.
890 2081 84 42 Hic
926 2081 120 42 necessa-

256 2116 82 42 rio
303 2116 105 42 metus
373 2116 117 42 mortis
455 2116 141 42 aeternae
561 2116 199 42 intelligitur:
725 2116 82 42 nam
772 2116 94 42 quod
830 2116 70 42 ad
865 2116 164 42 temporalem
982 2116 59 42 at-

263 2143 122 45 tinet,
348 2143 134 45 plurimi
446 2143 86 45 eam
495 2143 86 45 non
544 2143 220 45 reformidarunt,
727 2143 86 45 sed
776 2143 183 45 cupidissime
923 2143 147 45 adierunt

260 2181 104 40 quod
325 2181 182 40 plurimorum
468 2181 156 40 martyrum
585 2181 143 40 exempla
689 2181 182 40 testantur,
832 2181 91 40 qui
884 2181 78 40 se
923 2181 117 40 ultro
988 2181 52 40 ad

252 2215 118 39 mortem
335 2215 165 39 obtulerunt
465 2215 165 39 Evidentior
595 2215 83 39 est
642 2215 106 39 locus
713 2215 71 39 1.
748 2215 94 39 Joh.
807 2215 71 39 3.
842 2215 71 39 v.
878 2215 83 39 14.
925 2215 83 39 Nos
961 2215 94 39 scimus

245 2244 79 43 nos
290 2244 157 43 translatos
413 2244 90 43 esse
469 2244 67 43 ex
503 2244 101 43 morte
570 2244 67 43 ad
592 2244 79 43 vitam

278 2277 135 44 Quartum
376 2277 184 44 argumentum:
523 2277 73 44 Si
559 2277 147 44 Christus
670 2277 98 44 loco
731 2277 122 44 nostro
816 2277 73 44 ad
853 2277 135 44 inferos
939 2277 110 44 descen-

243 2317 100 34 dere
306 2317 138 34 debuit;
407 2317 88 34 tum
457 2317 151 34 profecto
570 2317 126 34 animae
658 2317 126 34 quoque
746 2317 138 34 mortem,
846 2317 88 34 eum
896 2317 126 34 subire
972 2317 75 34 pro-

244 2348 106 40 nobis
315 2348 153 40 oportuit.
433 2348 106 40 Prius
504 2348 94 40 est;
563 2348 94 40 Ergo
622 2348 59 40 &
645 2348 165 40 posterius.
775 2348 130 40 Connexi
869 2348 165 40 necessaria
987 2348 59 40 est

243 2388 205 34 consequentia:
412 2388 97 34 quia
472 2388 145 34 quempiam
581 2388 72 34 in
617 2388 133 34 corpore
714 2388 145 34 viventem
823 2388 169 34 descendere
955 2388 72 34 ad
980 2388 60 34 in-

241 2412 131 43 feros,
333 2412 92 43 est
385 2412 144 43 demergi
490 2412 79 43 in
530 2412 236 43 profundissimam
727 2412 144 43 abyssum
832 2412 197 43 infernalium
976 2412 66 43 do-

246 2449 110 42 lorum
319 2449 123 42 mortis
405 2449 159 42 aeternae,
528 2449 123 42 quales
614 2449 135 42 dolores
712 2449 61 42 &
736 2449 110 42 diros
810 2449 74 42 in
847 2449 110 42 anima
908 2449 135 42 cruciatus

246 2478 165 52 damnandi
370 2478 83 52 in
412 2478 165 52 aeternum
536 2478 220 52 experientur.
715 2478 165 52 Assumtio
839 2478 124 52 etiam
921 2478 124 52 certa
990 2478 83 52 est:

245 2521 96 39 nam
300 2521 109 39 quas
368 2521 136 39 poenas
464 2521 136 39 animae
559 2521 150 39 nostrae
668 2521 82 39 in
709 2521 164 39 aeternum
832 2521 164 39 passurae
941 2521 96 39 erant

243 2554 83 41 eas
291 2554 143 41 Christus
398 2554 143 41 Redemtor
504 2554 119 41 noster
588 2554 71 41 in
623 2554 71 41 se
659 2554 143 41 suscepit
766 2554 59 41 &
790 2554 166 41 superavit.
920 2554 107 41 Atqui
980 2554 59 41 de-

256 2577 125 53 scensus
347 2577 68 53 ad
381 2577 125 53 inferos
472 2577 80 53 est
517 2577 102 53 inter
586 2577 114 53 poenas
665 2577 91 53 quas
722 2577 114 53 animae
802 2577 125 53 nostrae
893 2577 68 53 in
916 2577 125 53 aeternum.

253 2619 147 47 passurae
363 2619 123 47 erant:
449 2619 147 47 Christus
559 2619 98 47 ergo
621 2619 123 47 nostro
707 2619 98 47 loco
768 2619 74 47 ad
805 2619 135 47 inferos
891 2619 159 47 descenderes

239 2644 98 44 debuit.

279 2679 135 50 Quintum
377 2679 184 50 argumentum:
524 2679 73 50 Si
560 2679 147 50 Christus
671 2679 122 50 factus
756 2679 86 50 est
805 2679 147 50 obediens
916 2679 110 50 Patri
977 2679 61 50 us.

244 2714 87 47 que
293 2714 75 47 ad
331 2714 124 47 mortem
418 2714 137 47 crucis,
517 2714 87 47 tum
567 2714 149 47 profecto
679 2714 112 47 etiam
754 2714 124 47 mortem
841 2714 124 47 animae
916 2714 124 47 satisfa-

239 2754 124 55 ctionis
329 2754 113 55 partem
408 2754 90 55 esse
464 2754 124 55 necesse
555 2754 90 55 est.
611 2754 158 55 Antecedens
735 2754 113 55 certum
814 2754 79 55 est
859 2754 68 55 ex
893 2754 124 55 Philip.
984 2754 68 55 2.
1006 2754 34 55 &

239 2780 109 48 Ergo
308 2780 68 48 &
321 2780 164 48 consequen-

272 2820 132 41 Connexi
368 2820 96 41 nei,
427 2820 120 41 siaria
511 2820 84 41 est
559 2820 203 41 consequentia:
726 2820 84 41 nam
774 2820 96 41 mors
834 2820 120 41 crucis
918 2820 84 41 non
965 2820 84 41 est
1001 2820 72 41 tan-

234 2854 91 44 tum
286 2854 104 44 mors
351 2854 169 44 corporis,
481 2854 91 44 sed
533 2854 117 44 etiam
611 2854 104 44 mors
675 2854 91 44 cum
727 2854 208 44 maledictione
896 2854 91 44 Dei
935 2854 104 44 conjum

242 2883 91 54 cta,
299 2883 68 54 ac
333 2883 125 54 proinde
424 2883 91 54 mors
481 2883 171 54 spiritualis
617 2883 102 54 cujus
686 2883 159 54 proprietas
811 2883 80 54 est
856 2883 91 54 illa
902 2883 148 54 maledictio,

245 2916 133 48 secundum
345 2916 111 48 illud:
422 2916 155 48 maledictus
544 2916 78 48 qui
589 2916 111 48 pendet
666 2916 67 48 in
688 2916 89 48 ligno-

269 2951 128 52 Sextum
359 2951 192 52 argumentum:
512 2951 77 52 Si
550 2951 102 52 sola
614 2951 102 52 mors
678 2951 153 52 corporis
793 2951 141 52 Christi
896 2951 115 52 esset
960 2951 89 52 plena

231 2972 181 63 satisfactio
375 2972 84 63 pro
424 2972 145 63 peccatis
532 2972 145 63 nostris,
640 2972 84 63 tum
689 2972 120 63 inique
773 2972 96 63 Deus
833 2972 157 63 exegisset
942 2972 108 63 poenam,

242 3019 91 50 quam
298 3019 68 50 in
332 3019 102 50 anima
400 3019 136 50 Christus
502 3019 79 50 est
547 3019 158 50 perpessus.
672 3019 68 50 At
706 3019 125 50 utraque
796 3019 91 50 Deus
853 3019 158 50 justissime
966 3019 68 50 exe-

243 3058 97 51 git,
304 3058 110 51 sicut
377 3058 146 51 historia
486 3058 170 51 Evangelica
620 3058 158 51 testatur,
742 3058 146 51 Christum
851 3058 110 51 anima
924 3058 61 51 &
936 3058 110 51 corpore

231 3093 119 54 passum
314 3093 107 54 esse.
386 3093 95 54 Ergo
445 3093 95 54 sola
505 3093 95 54 mors
564 3093 143 54 corporis
671 3093 131 54 Christi
766 3093 83 54 non
814 3093 83 54 est
862 3093 107 54 plena
921 3093 119 54 satisfa-

241 3116 86 41 ctio
295 3116 75 41 pro
338 3116 129 41 peccatis
424 3116 97 41 nostris

255 3152 167 55 Septimum
380 3152 208 55 argumentum:
547 3152 111 55 Quod
616 3152 69 55 a
644 3152 125 55 morte
727 3152 153 55 aeterna
838 3152 69 55 &
866 3152 194 55 spirituali
1005 3152 83 55 red-

224 3180 91 54 imi
276 3180 170 54 oportuit,
407 3180 78 54 in
446 3180 78 54 eo
485 3180 157 54 Christum
602 3180 130 54 mortem
694 3180 117 54 illam
772 3180 130 54 subire
863 3180 144 54 necesse
955 3180 91 54 fuit:

223 3217 123 62 Atqui
305 3217 96 62 non
360 3217 137 62 tantum
456 3217 151 62 corpus,
566 3217 96 62 sed
620 3217 123 62 etiam
703 3217 137 62 animam
798 3217 68 62 a
826 3217 123 62 morte
908 3217 151 62 aeterna
1004 3217 41 62 &

216 153 125 50 etiam
299 153 69 50 &
327 153 139 50 quidem
424 153 181 50 praecipue
563 153 181 50 passionem
702 153 167 50 internam
827 153 69 50 &
855 153 139 50 mortem
938 153 139 50 spiritua

1063 187 108 47 robire
1139 187 118 47 necesse
1214 187 75 47 fuit.

1099 222 163 43 Octavum
1218 222 222 43 argumentum:
1395 222 104 43 Quo
1454 222 207 43 peccaverat
1617 222 118 43 homo
1691 222 192 43 mortemque
1824 222 74 43 me-

1062 265 136 34 ruerat,
1161 265 74 34 in
1198 265 74 34 eo
1235 265 124 34 poenas
1322 265 111 34 luere
1396 265 149 34 Christum
1507 265 149 34 oportuit
1619 265 111 34 Atqui
1693 265 87 34 non
1742 265 124 34 tantum
1817 265 74 34 cor-

1077 290 119 43 pore,
1156 290 92 43 sed
1209 290 119 43 etiam
1288 290 119 43 anima
1367 290 185 43 peccaverat
1512 290 106 43 homo
1578 290 172 43 mortemque
1710 290 172 43 meruerat.
1829 290 66 43 Er-

1063 334 75 43 go
1101 334 88 43 non
1151 334 125 43 tantum
1239 334 75 43 in
1276 334 150 43 corpore,
1389 334 88 43 sed
1439 334 113 43 etiam
1515 334 75 43 in
1552 334 113 43 anima
1627 334 125 43 poenas
1715 334 113 43 luere
1778 334 125 43 Christum

1068 357 111 52 oportuit.

1096 388 103 41 Nono
1161 388 168 41 testantur
1289 388 103 41 idem
1354 388 129 41 Patres
1431 388 142 41 orthodox.

1109 421 183 39 FULGENTIUS
1253 421 78 39 ad
1292 421 196 39 Trasimundum
1449 421 131 39 Regem,
1540 421 105 39 lib.
1606 421 78 39 3.
1645 421 91 39 qui
1697 421 91 39 est
1749 421 78 39 de
1775 421 118 39 passios

966 453 114 46 B

1065 498 119 38 minis
1144 498 79 38 in
1183 498 79 38 se
1223 498 171 38 passiones
1355 498 79 38 in
1394 498 158 38 veritate
1513 498 198 38 monstravit.
1671 498 79 38 Et
1711 498 132 38 animam
1790 498 105 38 quidem

1068 528 162 42 rationalem
1196 528 116 42 habens
1277 528 139 42 quicquid
1382 528 93 42 fuit
1440 528 186 42 infirmitatis
1590 528 128 42 animae,
1683 528 93 42 sine
1741 528 128 42 peccato
1822 528 70 42 sus-

1086 563 112 37 repit
1160 563 62 37 &
1185 563 161 37 pertulit,
1309 563 74 37 ut
1346 563 87 37 dum
1396 563 136 37 humanae
1495 563 124 37 animae
1582 563 174 37 passiones,
1718 563 74 37 in
1755 563 124 37 anima,
1830 563 74 37 quam

1071 602 133 30 accepit
1168 602 157 30 vinceret,
1289 602 133 30 nostras
1386 602 121 30 quoque
1470 602 121 30 animas
1555 602 73 30 ab
1591 602 218 30 infirmitatibus
1761 602 145 30 liberaret.

1081 628 125 38 Carnem
1168 628 125 38 quoque
1255 628 137 38 humanam
1355 628 175 38 accipiens,
1492 628 75 38 in
1529 628 137 38 ejusdem
1629 628 150 38 veritate
1741 628 137 38 carnis,
1829 628 62 38 ve-

1072 664 135 40 ritatem
1170 664 184 40 uoluntariae
1317 664 122 40 habuit
1402 664 171 40 passionis,
1537 664 73 40 ut
1574 664 73 40 in
1610 664 110 40 carne
1684 664 147 40 mortuus,
1794 664 110 40 totam
1855 664 49 40 in

1090 692 72 46 ss
1126 692 132 46 hominis
1222 692 156 46 occideret
1343 692 132 46 mortem,
1439 692 60 46 &
1463 692 72 46 in
1499 692 144 46 aeternam
1607 692 108 46 vitam
1679 692 168 46 immortalis
1800 692 96 46 resur-

1077 733 97 40 gens,
1142 733 129 40 aeternae
1238 733 97 40 nobis
1303 733 97 40 vitae
1367 733 118 40 gratiam
1442 733 140 40 condonaret.

1120 758 178 47 QUAaESTIO
1257 758 178 47 POSTERIOR
1394 758 109 47 est:
1462 758 82 47 Si
1503 758 164 47 Christus
1626 758 96 47 non
1680 758 137 47 tantum
1762 758 137 47 corpore,

1080 798 199 37 corporaliter,
1244 798 82 37 sed
1291 798 105 37 etiam
1361 798 105 37 anima
1431 798 199 37 spiritualiter
1594 798 117 37 passus
1676 798 58 37 &
1699 798 128 37 mortuus
1793 798 93 37 est;
1840 798 58 37 Cui

1086 831 124 42 igitur
1172 831 173 42 Scripturae
1308 831 111 42 totam
1382 831 136 42 salutem
1481 831 136 42 nostram
1580 831 148 42 tribuant
1692 831 148 42 sanguini
1803 831 62 42 &
1815 831 87 42 morti

1078 873 134 33 Christi
1175 873 170 33 corporali?
1309 873 121 33 veluti
1394 873 97 33 Rom.
1454 873 73 33 3.
1491 873 73 33 v.
1527 873 85 33 25.
1576 873 97 33 Quem
1637 873 158 33 proposuit
1758 873 97 33 Deus
1807 873 97 33 placa-

1087 898 115 39 mentum
1168 898 81 39 per
1214 898 104 39 fidem
1284 898 69 39 in
1318 898 139 39 sanguine
1422 898 127 39 ipsius.
1515 898 115 39 Ephes.
1595 898 69 39 1.
1630 898 104 39 vers.
1699 898 69 39 7.
1734 898 69 39 In
1768 898 81 39 quo
1803 898 104 39 habemus

1082 938 180 39 redemtionem
1226 938 84 39 per
1274 938 156 39 sanguinem
1394 938 132 39 ipsius.
1490 938 120 39 Coloss
1574 938 72 39 1.
1610 938 108 39 vers.
1682 938 84 39 20.
1730 938 96 39 Pace
1790 938 84 39 per
1826 938 72 39 san-

1081 964 112 48 guinem
1159 964 112 48 crucis
1237 964 89 48 ejus
1293 964 112 48 facta,
1372 964 78 48 per
1416 964 78 48 eum
1461 964 179 48 reconciliare
1606 964 101 48 omnia
1673 964 101 48 sibi.
1740 964 89 48 Heb.
1796 964 67 48 9.
1830 964 67 48 v.
1852 964 45 48 12

1080 1007 60 37 &
1104 1007 193 37 sequentibus:
1261 1007 84 37 Per
1309 1007 145 37 proprium
1418 1007 157 37 sanguinem
1538 1007 157 37 ingressus
1659 1007 84 37 est
1707 1007 109 37 semel
1779 1007 72 37 in
1804 1007 96 37 sacra-

1089 1034 124 39 tium,
1172 1034 165 39 aeternam
1296 1034 207 39 redemtionem
1461 1034 152 39 nactus.
1571 1034 96 39 Nam
1626 1034 83 39 si
1668 1034 152 39 sanguis
1764 1034 138 39 taurorum

1092 1068 62 41 &
1116 1068 148 41 hircorum
1227 1068 62 41 &
1252 1068 111 41 cinis
1326 1068 148 41 juvencae
1436 1068 172 41 adspergens
1572 1068 185 41 inquinatos,
1719 1068 185 41 sanctificat
1855 1068 49 41 ad

1090 1102 119 35 carnis
1173 1102 166 35 puritatem:
1304 1102 119 35 Quanto
1387 1102 107 35 magis
1458 1102 131 35 sanguis
1554 1102 143 35 Christi,
1660 1102 83 35 qui
1708 1102 83 35 per
1756 1102 143 35 Spiritum
1851 1102 59 35 ae-

1096 1135 122 38 ternum
1181 1135 135 38 seipsum
1279 1135 135 38 obiulit
1377 1135 171 38 inculpatum
1512 1135 98 38 Deo,
1573 1135 159 38 emundabit
1696 1135 196 38 conscientiam
1843 1135 61 38 ve-

1096 1170 103 40 stram
1164 1170 57 40 a
1187 1170 126 40 mortuis
1279 1170 138 40 operibus
1383 1170 69 40 ad
1417 1170 161 40 serviendum
1543 1170 80 40 Deo
1589 1170 103 40 vivo?
1658 1170 69 40 1.
1693 1170 92 40 Pet.
1750 1170 69 40 1.
1785 1170 92 40 ver.
1842 1170 80 40 18.
1877 1170 34 40 &

1099 1204 80 38 19.
1144 1204 69 38 Vi
1179 1204 80 38 qui
1224 1204 126 38 sciatis
1316 1204 80 38 vos
1361 1204 80 38 non
1407 1204 126 38 caducis
1499 1204 114 38 rebus,
1579 1204 126 38 argento
1670 1204 80 38 vel
1716 1204 103 38 auro,
1784 1204 114 38 fuisse
1853 1204 57 38 re-

1093 1238 115 35 demtos
1174 1238 69 35 ex
1209 1238 92 35 vana
1267 1238 92 35 illa
1324 1238 115 35 vestra
1405 1238 196 35 conversatione
1566 1238 58 35 a
1590 1238 138 35 patribus
1693 1238 138 35 tradita:
1797 1238 81 35 Sed
1832 1238 69 35 pre-

1086 1273 106 40 tioso
1157 1273 154 40 sanguine,
1275 1273 118 40 utpote
1358 1273 94 40 Agni
1417 1273 154 40 inculpati
1535 1273 59 40 &
1559 1273 213 40 incontaminati,
1736 1273 106 40 nempe
1795 1273 118 40 Christi.

1096 1305 64 38 I.
1128 1305 85 38 Joh.
1181 1305 64 38 1.
1213 1305 64 38 v.
1245 1305 64 38 7.
1276 1305 116 38 Sanguis
1361 1305 85 38 Iesu
1414 1305 116 38 Christi
1499 1305 95 38 Filii
1562 1305 85 38 ejus
1615 1305 106 38 purgat
1689 1305 74 38 nos
1732 1305 64 38 ab
1763 1305 85 38 omni
1806 1305 95 38 peccato

1095 1340 92 39 Apoc.
1156 1340 61 39 I.
1187 1340 61 39 v.
1218 1340 61 39 5.
1248 1340 92 39 Fidus
1310 1340 82 39 ille
1361 1340 113 39 testis,
1443 1340 164 39 primogenitus
1576 1340 82 39 ille
1627 1340 61 39 ex
1658 1340 113 39 mortuis
1740 1340 61 39 ac
1771 1340 123 39 princeps
1853 1340 51 39 Re-

1095 1372 77 40 gum
1139 1372 121 40 terrae:
1227 1372 77 40 qui
1271 1372 121 40 dilexit
1359 1372 77 40 nos
1403 1372 55 40 &
1425 1372 99 40 lavit
1491 1372 77 40 nos
1534 1372 55 40 a
1556 1372 132 40 peccatis
1655 1372 121 40 nestris
1743 1372 77 40 per
1776 1372 121 40 sanguinem

1096 1409 105 34 suum.
1166 1409 70 34 Et
1201 1409 93 34 cap.
1259 1409 70 34 5.
1294 1409 70 34 v.
1329 1409 70 34 9.
1364 1409 139 34 Mactatus
1468 1409 70 34 es
1503 1409 58 34 &
1526 1409 151 34 redemisti
1642 1409 81 34 nos
1689 1409 81 34 Deo
1735 1409 81 34 per
1770 1409 128 34 sanguinem

1098 1442 107 34 suum.
1170 1442 95 34 Rom.
1229 1442 72 34 5.
1265 1442 72 34 v.
1301 1442 83 34 10.
1349 1442 191 34 Reconciliati
1504 1442 119 34 fuimus
1587 1442 83 34 Deo
1635 1442 83 34 per
1682 1442 119 34 mortem
1766 1442 107 34 Filii
1826 1442 83 34 ejus.

1089 1477 128 39 Philipp.
1186 1477 64 39 2.
1218 1477 96 39 vers.
1282 1477 64 39 8.
1314 1477 86 39 Ipse
1367 1477 64 39 se
1400 1477 139 39 submisit,
1507 1477 107 39 factus
1581 1477 128 39 obediens
1678 1477 96 39 usque
1742 1477 64 39 ad
1774 1477 118 39 mortem,
1849 1477 64 39 mor-

1096 1507 76 44 tem
1140 1507 98 44 autem
1194 1507 98 44 crucis,

1118 1539 117 51 RESP.
1196 1539 181 51 Scripturae
1338 1539 104 51 quae
1403 1539 117 51 totam
1481 1539 142 51 salutem
1584 1539 142 51 nostram
1688 1539 155 51 tribuunt
1791 1539 130 51 sanguini

1090 1575 65 43 &
1116 1575 117 43 morti
1194 1575 170 43 corporali
1325 1575 157 43 Christi,
1442 1575 209 43 Synecdochice
1612 1575 183 43 loquuntur,
1755 1575 130 43 partem
1834 1575 78 43 puo-

1098 1611 99 39 toto
1160 1611 186 39 nominantes,
1308 1611 62 39 &
1333 1611 99 39 quod
1395 1611 87 39 est
1445 1611 136 39 totius,
1544 1611 173 39 tribuentes
1680 1611 112 39 parti
1754 1611 124 39 maxime
1829 1611 74 39 con-

1098 1644 134 38 spicuae
1195 1644 61 38 &
1220 1644 73 38 in
1256 1644 122 38 oculos
1342 1644 183 38 incurrenti,
1488 1644 73 38 ut
1525 1644 73 38 se
1561 1644 183 38 accommodent
1708 1644 122 38 captui
1793 1644 110 38 etiam
1854 1644 49 38 in

1097 1679 154 46 firmorum,
1215 1679 83 46 qui
1263 1679 142 46 facilius
1369 1679 71 46 ea
1405 1679 95 46 quae
1464 1679 118 46 oculis
1546 1679 142 46 videntur
1653 1679 177 46 cognoscunt,
1795 1679 95 46 quam
1842 1679 71 46 quae

1099 1714 218 35 ratiocinatione
1280 1714 97 35 sunt
1341 1714 206 35 perscrutanda.
1510 1714 109 35 Sicut
1583 1714 73 35 in
1619 1714 145 35 historia
1728 1714 169 35 creationis
1849 1714 73 35 mun-

1095 1748 69 38 di
1130 1748 185 38 describuntur
1280 1748 139 38 expresse
1384 1748 115 38 tantum
1465 1748 150 38 visibiles
1580 1748 162 38 creaturae,
1707 1748 92 38 quum
1765 1748 115 38 certum
1846 1748 92 38 sit,

1098 1781 106 44 etiam
1169 1781 177 44 invisibiles
1310 1781 153 44 creaturas
1428 1781 83 44 tum
1476 1781 153 44 productas
1593 1781 130 44 fuisse.
1688 1781 106 44 Sicut
1759 1781 94 44 item
1817 1781 71 44 in
1841 1781 59 44 de-

1093 1815 163 35 scribenda
1219 1815 176 35 obedientia
1357 1815 138 35 Christi
1458 1815 151 35 externae
1571 1815 151 35 actiones
1684 1815 201 35 recensentur,
1835 1815 75 35 quum

1094 1847 114 36 tamen
1170 1847 152 36 internae
1284 1847 139 36 excludi
1385 1847 88 36 non
1435 1847 152 36 debeant:
1549 1847 152 36 externae
1663 1847 114 36 autem
1738 1847 76 36 in
1776 1847 126 36 sensus
1852 1847 63 36 ho-

1102 1883 110 44 minum
1175 1883 195 44 incurrebant.
1334 1883 85 44 Ita
1383 1883 122 44 quoque
1468 1883 73 44 in
1505 1883 110 44 locis
1578 1883 147 44 adductis
1688 1883 134 44 externa
1786 1883 110 44 atque
1847 1883 73 44 cor-

1089 1916 132 45 poralis
1185 1916 120 45 passio
1269 1916 60 45 &
1293 1916 96 45 mors
1353 1916 132 45 Christi
1449 1916 180 45 inculcatur:
1593 1916 84 45 non
1641 1916 96 45 quod
1701 1916 132 45 interna
1797 1916 60 45 &
1809 1916 96 45 spiri-

1095 1951 123 30 tualis
1181 1951 184 30 excludatur,
1328 1951 86 30 sed
1377 1951 86 30 tum
1426 1951 98 30 quia
1488 1951 135 30 externa
1586 1951 111 30 atque
1660 1951 172 30 corporalis
1795 1951 123 30 maxime
1869 1951 49 30 e-

1095 1982 116 35 videns
1176 1982 104 35 fuit;
1246 1982 81 35 tum
1292 1982 92 35 quia
1350 1982 69 35 in
1384 1982 150 35 sanguinis
1500 1982 150 35 effusione
1616 1982 58 35 &
1639 1982 104 35 morte
1708 1982 150 35 corporis,
1812 1982 104 35 facili-

1095 2015 71 41 us
1131 2015 178 41 animadverti
1274 2015 119 41 potuit
1357 2015 131 41 veritas
1452 2015 143 41 corporis
1559 2015 143 41 Christi,
1666 2015 59 41 &
1690 2015 131 41 veritas
1773 2015 131 41 passionis

1084 2052 81 39 ne
1125 2052 217 39 phantasticum
1301 2052 135 39 corpus
1396 2052 176 39 solummodo
1531 2052 149 39 haberet
1639 2052 68 39 &
1666 2052 162 39 purative
1788 2052 135 39 passus
1869 2052 41 39 &

1084 2083 138 40 mortuus
1185 2083 138 40 censeri
1285 2083 138 40 posset:
1385 2083 88 40 tum
1436 2083 100 40 quia
1498 2083 150 40 apertius
1611 2083 150 40 cernitur
1724 2083 138 40 veritas
1824 2083 63 40 &
1837 2083 75 40 com-

1098 2116 184 40 plementum
1239 2116 184 40 sanguinis
1381 2116 71 40 &
1409 2116 141 40 mortis
1508 2116 156 40 pecudum
1621 2116 85 40 in
1663 2116 141 40 Veteri
1748 2116 170 40 Testamento

1092 2157 179 33 mactatarum,
1236 2157 108 33 velut
1307 2157 155 33 figuratum
1427 2157 167 33 sacrificii
1558 2157 143 33 Christi.
1666 2157 96 33 Soli
1726 2157 108 33 autem
1785 2157 132 33 externae.

1103 2186 141 36 passioni
1209 2186 59 36 &
1233 2186 106 36 morti
1303 2186 130 36 salutem
1398 2186 130 36 nostram
1492 2186 59 36 a
1516 2186 165 36 Scripturis
1645 2186 82 36 non
1692 2186 130 36 tribui,
1786 2186 106 36 locus
1845 2186 71 36 Phi-

1085 2219 101 38 lip.
1149 2219 76 38 2.
1186 2219 114 38 vers.
1262 2219 76 38 8.
1300 2219 114 38 inter
1376 2219 152 38 caeteros
1490 2219 164 38 allegatus
1616 2219 126 38 abunde
1705 2219 126 38 docet;
1781 2219 126 38 Christus

1089 2257 100 38 enim
1151 2257 124 38 factus
1238 2257 87 38 est
1288 2257 149 38 obediens
1400 2257 112 38 usque
1474 2257 75 38 ad
1512 2257 124 38 mortem
1599 2257 137 38 crucis,
1698 2257 87 38 hoc
1748 2257 100 38 est,
1810 2257 87 38 cum
1848 2257 62 38 ma-

1088 2284 181 38 ledictione
1231 2284 130 38 divina
1321 2284 194 38 conjunctam.
1477 2284 104 38 Quod
1541 2284 155 38 pluribus
1658 2284 220 38 interpretatur
1826 2284 78 38 Pau-

1092 2321 82 36 lus
1139 2321 94 36 Gal.
1198 2321 71 36 3.
1233 2321 106 36 vers.
1304 2321 82 36 13.
1351 2321 141 36 Christus
1457 2321 82 36 nos
1504 2321 129 36 redemit
1598 2321 71 36 ab
1633 2321 188 36 exsecratione
1786 2321 118 36 Legis,
1856 2321 59 36 dum

1084 2357 79 42 pro
1129 2357 102 42 nobis
1197 2357 113 42 factus
1276 2357 79 42 est
1321 2357 170 42 exsecratio.
1457 2357 136 42 Scriptum
1559 2357 79 42 est
1604 2357 102 42 enim,
1672 2357 181 42 Exsecrabilis
1819 2357 79 42 est
1864 2357 79 42 qui

1080 2389 121 42 pendet
1165 2389 73 42 in
1201 2389 121 42 ligno.
1286 2389 109 42 Atqui
1359 2389 170 42 maledictio
1492 2389 97 42 ista
1552 2389 133 42 sentiri
1649 2389 61 42 a
1674 2389 133 42 Christo
1771 2389 85 42 non
1807 2389 109 42 potuit.

1092 2422 107 37 nisi
1158 2422 227 37 principaliter
1345 2422 80 37 in
1386 2422 120 37 anima
1466 2422 67 37 a
1492 2422 94 37 Deo
1546 2422 80 37 ad
1586 2422 160 37 momentum
1706 2422 160 37 temporis
1813 2422 107 37 deser-

1086 2457 81 42 ta:
1133 2457 93 42 quae
1191 2457 140 42 desortio
1296 2457 81 42 est
1342 2457 175 42 spiritualis
1482 2457 116 42 passio
1564 2457 58 42 &
1587 2457 93 42 mors
1645 2457 128 42 animae.
1738 2457 81 42 Sed
1785 2457 105 42 plura
1843 2457 58 42 te-

1092 2489 142 42 timonia
1196 2489 181 42 Scripturae
1338 2489 65 42 &
1364 2489 168 42 argumenta
1493 2489 91 42 pro
1545 2489 129 42 nostra
1635 2489 168 42 sententia
1765 2489 116 42 paulo
1829 2489 78 42 ante

1075 2523 119 42 sunt
1135 2523 208 42 commemorata.

1118 2557 130 46 Proinde
1212 2557 177 46 Bellarminus
1354 2557 141 46 perperam
1460 2557 177 46 arbitratur,
1601 2557 94 46 lib.
1660 2557 71 46 4.
1695 2557 71 46 de
1730 2557 141 46 Christo,
1836 2557 94 46 cap.

1083 2588 72 44 8.
1119 2588 108 44 sect.
1191 2588 132 44 octava,
1287 2588 168 44 Scripturas
1419 2588 108 44 totam
1491 2588 132 44 salutem
1586 2588 132 44 nostram
1682 2588 144 44 tribuere
1778 2588 132 44 simplici:

1094 2625 80 44 ter
1139 2625 137 44 sanguini
1242 2625 57 44 &
1265 2625 103 44 morti
1333 2625 137 44 corporis
1424 2625 114 44 Christi-

1115 2654 100 44 Ergo
1178 2654 125 44 passio
1266 2654 63 44 &
1291 2654 100 44 mors
1353 2654 100 44 fuit
1416 2654 150 44 personae
1529 2654 125 44 Domini
1616 2654 113 44 Jesu,
1691 2654 88 44 sed
1741 2654 150 44 secundum
1841 2654 63 44 na-

1087 2693 124 38 turam
1170 2693 165 38 humanam,
1294 2693 138 38 eamque
1391 2693 138 38 totam;
1487 2693 97 38 non
1542 2693 124 38 autem
1625 2693 165 38 secundum
1735 2693 138 38 Deitatem

1122 2720 111 43 Porro
1196 2720 161 43 subjectum
1320 2720 149 43 δεκτικον
1431 2720 161 43 passionis
1555 2720 62 43 &
1580 2720 124 43 mortis
1666 2720 111 43 hujus
1741 2720 87 43 non
1790 2720 99 43 fuit
1840 2720 74 43 vul-

1095 2763 114 40 gare,
1171 2763 63 40 &
1197 2763 114 40 longe
1273 2763 114 40 aliud
1349 2763 101 40 quam
1412 2763 101 40 sunt
1476 2763 152 40 Martyres
1590 2763 89 40 aut
1641 2763 101 40 alii
1704 2763 140 40 homines
1793 2763 114 40 passio-

1088 2796 92 41 nem
1140 2796 65 41 &
1166 2796 131 41 mortem
1258 2796 210 41 sustinentes:
1428 2796 157 41 siquidem
1546 2796 144 41 Dominus
1651 2796 118 41 Jesus
1730 2796 131 41 passus
1821 2796 65 41 &
1834 2796 79 41 mor-

1083 2829 92 35 tuus
1141 2829 81 35 est
1187 2829 69 35 ut
1222 2829 139 35 Christus
1326 2829 104 35 ille,
1395 2829 69 35 id
1430 2829 92 35 est,
1488 2829 81 35 qui
1534 2829 81 35 non
1580 2829 115 35 tantum
1661 2829 104 35 verus
1730 2829 104 35 homo,
1800 2829 81 35 sed
1834 2829 81 35 etiam

1089 2862 113 36 verus
1165 2862 126 36 natura
1253 2862 101 36 Deus
1316 2862 101 36 est.
1378 2862 176 36 Quapropter
1517 2862 113 36 Jesus
1592 2862 75 36 in
1630 2862 151 36 passione
1743 2862 113 36 etiam
1818 2862 63 36 &
1831 2862 75 36 mor-

1097 2901 63 40 e
1123 2901 88 40 sua
1173 2901 177 40 declaratus
1312 2901 63 40 &
1337 2901 151 40 cognitus
1451 2901 88 40 est
1501 2901 139 40 tanquam
1602 2901 114 40 verus
1678 2901 126 40 natura
1766 2901 101 40 Deus
1829 2901 63 40 &
1842 2901 63 40 Je-

1081 2930 100 38 hova
1144 2930 88 38 Nam
1194 2930 150 38 venditus
1307 2930 88 38 est
1357 2930 150 38 triginta
1469 2930 175 38 argenteis,
1607 2930 125 38 Matth.
1694 2930 88 38 26.
1744 2930 113 38 vers.
1819 2930 88 38 15.
1857 2930 50 38 At

1090 2964 122 32 Zachar.
1178 2964 77 32 11.
1223 2964 99 32 vers.
1289 2964 77 32 12.
1333 2964 55 32 &
1355 2964 77 32 13.
1399 2964 111 32 Jehova
1477 2964 88 32 ipse
1532 2964 99 32 dicit
1598 2964 66 32 de
1632 2964 77 32 se:
1676 2964 122 32 Dixeram
1764 2964 99 32 illis
1820 2964 88 32 (nempe

1094 2996 127 43 udaeis)
1187 2996 69 43 si
1221 2996 104 43 bonum
1290 2996 127 43 videtur
1382 2996 69 43 in
1417 2996 207 43 oculisvestris,
1590 2996 92 43 date
1647 2996 138 43 mercedem
1751 2996 104 43 meam,
1820 2996 81 43 sin
1854 2996 58 43 mi-

1078 3031 92 43 nus,
1136 3031 162 43 desistite:
1263 3031 81 43 qui
1309 3031 173 43 appenderunt
1448 3031 139 43 mercedem
1552 3031 104 43 meam,
1621 3031 139 43 triginta
1725 3031 162 43 argenteos.
1841 3031 69 43 Edi-

1093 3063 84 49 xit
1141 3063 108 49 autem
1213 3063 120 49 Iehova
1297 3063 108 49 mihi,
1369 3063 132 49 projice
1465 3063 84 49 eos
1512 3063 180 49 conferendos
1656 3063 72 49 in
1692 3063 144 49 figulum,
1788 3063 120 49 magnifi-

1081 3101 80 45 cum
1126 3101 137 45 pretium,
1229 3101 80 45 quo
1274 3101 137 45 pratiose
1376 3101 159 45 aestimatus
1502 3101 80 45 sum
1547 3101 68 45 ab
1570 3101 68 45 ills

1111 3132 77 38 Ad
1150 3132 128 38 unicam
1239 3132 102 38 ejus
1303 3132 115 38 vocem
1380 3132 141 38 hostes,
1482 3132 90 38 qui
1534 3132 77 38 ad
1572 3132 166 38 capiendum
1700 3132 115 38 ipsum
1777 3132 154 38 venerant

1082 3163 167 39 retrorsum
1211 3163 103 39 humi
1275 3163 193 39 ceciderunt,
1429 3163 128 39 Johan.
1519 3163 77 39 18
1557 3163 103 39 ver.
1621 3163 77 39 6.
1660 3163 77 39 Ut
1699 3163 141 39 Dominus
1801 3163 64 39 &
1814 3163 90 39 Deus.

1077 3204 88 32 cum
1128 3204 163 32 potestate
1253 3204 163 32 imperavit
1378 3204 125 32 iisdem
1466 3204 75 32 ut
1503 3204 175 32 discipulos
1641 3204 100 32 suos
1704 3204 113 32 abire
1766 3204 138 32 sinerent.
