2063 3399
172 181 172 48 sequentibus
309 181 103 48 Beati
378 181 138 48 pauperes
481 181 138 48 spiritu,
585 181 149 48 lugentes,
700 181 115 48 mites,
780 181 80 48 qua
826 181 138 48 esuriunt
929 181 57 48 &
941 181 57 48 si-

180 222 106 45 tiunt
251 222 166 45 justitiam,
381 222 201 45 misericordes,
547 222 106 45 mundi
618 222 118 45 corde,
700 222 154 45 pacifici,
807 222 189 45 persequutionem

187 258 147 40 patientes
300 258 147 40 justitiae
413 258 68 40 on
447 258 124 40 Christi
537 258 113 40 causa.
616 258 102 40 Prov.
684 258 68 40 8.
718 258 79 40 34.
763 258 113 40 Beatus
842 258 90 40 homo
899 258 79 40 qui
933 258 57 40 au-

187 288 121 42 scultat
275 288 99 42 mihi,
340 288 110 42 sedulo
417 288 153 42 insistendo
538 288 121 42 foribus
625 288 88 42 meis
680 288 142 42 quotidie.
790 288 66 42 Et
823 288 66 42 c.
856 288 77 42 28.
899 288 77 42 14.
932 288 66 42 Bea-

184 324 85 39 tus
232 324 109 39 homo,
305 324 85 39 qui
354 324 73 39 ad
390 324 109 39 modum
463 324 109 39 pavet
536 324 146 39 jugiter:
646 324 85 39 qui
694 324 109 39 autem
767 324 134 39 obdurat
864 324 85 39 cor
901 324 85 39 suam,

187 351 91 43 ruet
243 351 68 43 in
277 351 113 43 maiam.
357 351 102 43 Eccl.
425 351 79 43 12.
470 351 79 43 15.
516 351 91 43 Deii
572 351 102 43 ipsum
640 351 136 43 reverere
742 351 57 43 &
765 351 147 43 praecepta
879 351 91 43 ejus
935 351 79 43 ob¬

181 388 115 48 serva,
261 388 92 48 quia
318 388 80 48 hoc
364 388 80 48 est
410 388 103 48 totum
479 388 138 48 hominis.
582 388 92 48 Jac.
639 388 69 48 5.
674 388 80 48 11.
720 388 92 48 Ecce
777 388 115 48 beatos
846 388 149 48 praedicamus

187 421 91 45 eos,
244 421 80 45 qui
289 421 126 45 adversa
381 421 160 45 sustinent.
507 421 103 45 Apoc.
575 421 80 45 16.
621 421 69 45 v.
655 421 80 45 15.
701 421 91 45 Ecce
758 421 103 45 venio
827 421 69 45 ut
861 421 91 45 fur.
907 421 91 45 Beatus

196 453 85 38 qui
244 453 134 38 vigilat
342 453 61 38 &
366 453 122 38 serunt
451 453 170 38 vestimenta
585 453 97 38 sua,
646 453 73 38 ne
682 453 109 38 nudus
755 453 146 38 ambulet,
864 453 61 38 &
877 453 109 38 cernan-

188 488 78 42 tur
233 488 123 42 pudenda
322 488 123 42 ipsius.
412 488 67 42 Et
446 488 101 42 talia
513 488 101 42 multa
580 488 112 42 passim
659 488 67 42 in
692 488 146 42 Scriptura
804 488 146 42 utriusque
905 488 90 42 Testa-

183 516 106 46 menti
254 516 165 46 occurrunt.
384 516 118 46 Qualia
466 516 94 46 sunt
525 516 59 46 &
549 516 106 46 haec:
620 516 106 46 Prov.
690 516 71 46 8.
726 516 71 46 v.
761 516 83 46 17.
808 516 83 46 Ego
855 516 130 46 amantes
938 516 59 46 mei

189 546 78 47 amo.
238 546 78 47 Joh.
286 546 68 47 13.
325 546 58 47 v.
354 546 68 47 17.
393 546 58 47 Si
422 546 78 47 haec
470 546 136 47 noveritis,
577 546 87 47 beati
635 546 97 47 eritis
703 546 58 47 si
732 546 58 47 ea
761 546 136 47 feceritis.
868 546 78 47 Joh.
916 546 68 47 14.
946 546 48 47 23.

190 585 74 42 Si
227 585 99 42 quis
289 585 136 42 diligit
388 585 87 42 me,
437 585 149 42 sermonem
549 585 99 42 meum
611 585 161 42 servabit:
735 585 62 42 &
759 585 111 42 Pater
834 585 99 42 meus
896 585 136 42 diliget

194 617 103 46 eum,
259 617 65 46 &
284 617 155 46 veniemus
401 617 77 46 ad
439 617 103 46 eum,
504 617 65 46 &
530 617 155 46 mansione
646 617 103 46 apud
710 617 90 46 cum
762 617 168 46 faciemus.
878 617 116 46 Solius,

187 647 134 41 inquam,
284 647 85 41 Dei
333 647 110 41 timor
406 647 61 41 &
431 647 98 41 amor
492 647 85 41 nos
541 647 122 41 beatos
626 647 98 41 esse
687 647 134 41 probat,
785 647 73 41 h.
821 647 73 41 e.
858 647 146 41 ostendit
955 647 37 41 &

184 679 159 42 declarat,
306 679 86 42 non
355 679 135 42 tanquam
453 679 122 42 causa,
539 679 86 42 sed
588 679 135 42 tanquam
686 679 122 42 siguum
772 679 122 42 certum
857 679 61 42 &
870 679 122 42 infalli-

184 711 99 49 bile.
250 711 110 49 Pietas
327 711 77 49 est
372 711 77 49 via
416 711 66 49 ad
449 711 188 49 beatitudinem,
604 711 77 49 non
648 711 99 49 causa
714 711 188 49 beatitudinis:
869 711 99 49 sicut
924 711 77 49 Bern-

189 744 114 44 ardus
265 744 101 44 ait,
328 744 101 44 bona
392 744 114 44 opera
467 744 101 44 esse
531 744 101 44 viam
594 744 76 44 ad
632 744 139 44 regnum,
733 744 88 44 non
783 744 126 44 causam
859 744 139 44 regnandi.

189 782 94 43 Quia
248 782 141 43 gratuita
354 782 141 43 remissio
460 782 165 43 peccatorum
589 782 82 43 nos
636 782 118 43 beatos
718 782 141 43 efficit,
824 782 71 43 ut
859 782 118 43 Paulus
930 782 71 43 Rom.

192 809 67 52 4.
225 809 67 52 v.
258 809 67 52 7,
292 809 67 52 8.
325 809 78 52 Ps.
369 809 78 52 32.
414 809 111 52 docet.
491 809 100 52 Benti
558 809 111 52 quorum
635 809 122 52 vemisse
724 809 89 52 sunt
779 809 177 52 iniquitates,
923 809 55 52 &
935 809 67 52 quo-

193 853 80 37 vii
238 853 137 37 obicctis
341 853 92 37 sunt
399 853 137 37 poccote.
502 853 114 37 Beatus
582 853 80 37 vir
628 853 80 37 cui
673 853 80 37 non
719 853 160 37 impittarit
845 853 126 37 Dominus
925 853 69 37 pec-

189 884 125 37 cutum.
276 884 100 37 Deus
338 884 112 37 autem
413 884 149 37 zemittit
525 884 112 37 nobis
600 884 149 37 peccata,
712 884 75 37 no
749 884 100 37 quia
811 884 112 37 ipsum
873 884 125 37 timuimu-

189 916 73 38 &
219 916 190 38 amavimus;
365 916 102 38 Sed
423 916 88 38 ut
467 916 131 38 ipsum
554 916 175 38 timeamus
686 916 73 38 &
715 916 161 38 amemus,
817 916 190 38 quemadmodum

192 944 126 43 legitur
283 944 103 43 Psal.
352 944 92 43 N3o.
409 944 69 43 3.
443 944 69 43 4.
478 944 69 43 Si
512 944 172 43 iniquitates
649 944 183 43 obserunveris
798 944 92 43 Tah;
855 944 114 43 Domine
935 944 92 43 qui-

184 980 108 52 possit
260 980 162 52 consistere?
390 980 76 52 Nam
433 980 86 52 apud
487 980 65 52 te
519 980 76 52 est
563 980 162 52 condonatio,
692 980 65 52 ut
725 980 141 52 timenris,
833 980 76 52 hoc
876 980 86 52 est,
919 980 76 52 reve-

196 1016 114 36 renter
276 1016 137 36 colaris,
378 1016 91 36 Luc.
436 1016 69 36 7.
470 1016 80 36 47.
516 1016 126 36 Remissa
607 1016 91 36 sunt
664 1016 103 36 multa
733 1016 114 36 ipsius
813 1016 137 36 peccata.
916 1016 80 36 Nam
950 1016 57 36 di-

192 1044 110 40 lexit
265 1044 134 40 multum:
362 1044 85 40 cui
411 1044 110 40 autem
484 1044 134 40 palulum
581 1044 183 40 remittitur,
727 1044 146 40 paululum
837 1044 146 40 diligit.
934 1044 61 40 Ps.

194 1082 80 39 18.
239 1082 68 39 2,
273 1082 68 39 3.
308 1082 68 39 Ex
342 1082 126 39 intimis
433 1082 160 39 visceribus
559 1082 148 39 diligante
673 1082 114 39 Iehova
753 1082 137 39 firmitas
856 1082 91 39 mea,
901 1082 103 39 Iehova,

188 1106 115 53 petra
265 1106 102 53 mea,
329 1106 64 53 &
355 1106 218 53 propugnaculum
534 1106 115 53 meum,
611 1106 64 53 &
637 1106 167 53 liberator
765 1106 115 53 meus:
841 1106 102 53 Deus
906 1106 128 53 fortis

200 1143 109 45 meus,
273 1143 109 45 rupes
345 1143 97 45 mea,
406 1143 73 45 ad
442 1143 97 45 quem
503 1143 73 45 me
539 1143 158 45 recipiam,
660 1143 133 45 clypeus
757 1143 109 45 meus,
830 1143 61 45 &
854 1143 109 45 cornu
915 1143 109 45 salutis

185 1180 95 46 mea,
244 1180 118 46 editus
327 1180 106 46 locus
386 1180 83 46 meus.

223 1201 94 58 VII.
282 1201 94 58 Quod
340 1201 82 58 est
387 1201 175 58 simpliciter
527 1201 164 58 perfectum,
656 1201 105 58 plane
726 1201 164 58 sufficiens
855 1201 58 58 &
878 1201 105 58 summe
937 1201 58 58 de-

196 1241 185 39 siderabile,
344 1241 74 39 id
381 1241 86 39 est
430 1241 123 39 summum
516 1241 111 39 bonum
590 1241 148 39 nostrum.
701 1241 86 39 Hae
750 1241 99 39 enim
812 1241 99 39 tres
873 1241 99 39 sunt
923 1241 86 39 sunmi

207 1274 95 47 boni
267 1274 190 47 conditiones,
421 1274 95 47 quas
481 1274 95 47 ipsi
540 1274 107 47 etiam
612 1274 143 47 Gentiles
719 1274 167 47 Philosophi
849 1274 167 47 agnoscunt.
968 1274 48 47 O-

204 1306 117 45 portet
286 1306 105 45 ipsum
357 1306 94 45 esse
415 1306 176 45 simpliciter
556 1306 164 45 perfectum:
685 1306 94 45 quia
743 1306 70 45 si
779 1306 105 45 summo
849 1306 94 45 pono
908 1306 129 45 aliquid

200 1343 135 40 deesset,
301 1343 112 40 summum
379 1343 90 40 sane
435 1343 78 40 non
480 1343 112 40 esset.
559 1343 90 40 Idem
615 1343 78 40 est
659 1343 123 40 prorsus
749 1343 168 40 sufficiens:
884 1343 90 40 quia
929 1343 78 40 nihil

197 1374 96 40 deest
262 1374 75 40 ei,
304 1374 96 40 cujus
369 1374 86 40 est.
422 1374 75 40 Est
465 1374 96 40 summe
529 1374 182 40 desiderabile:
680 1374 86 40 quia
733 1374 64 40 in
765 1374 86 40 illo
819 1374 54 40 &
840 1374 64 40 ex
872 1374 86 40 illo
926 1374 54 40 &
937 1374 64 40 pro-

204 1412 82 44 ter
251 1412 106 44 illud
322 1412 94 44 est,
381 1412 94 44 quod
439 1412 165 44 appetendum
569 1412 94 44 est;
628 1412 71 44 ad
663 1412 106 44 illud
733 1412 129 44 reliqua
828 1412 94 44 bona
886 1412 106 44 omnia
945 1412 59 44 re-

199 1445 142 41 feruntur.

250 1474 107 42 Atqui
321 1474 107 42 solus
392 1474 95 42 Deus
452 1474 83 42 est
499 1474 178 42 simpliciter
642 1474 166 42 perfectus,
772 1474 130 42 prorsus
867 1474 166 42 sufficiens
985 1474 36 42 &

191 1509 106 42 summe
262 1509 213 42 desiderabilis:
440 1509 142 42 Fatentur
546 1509 71 42 id
582 1509 106 42 etiam
653 1509 95 42 ipsi
700 1509 130 42 Gentiles.

243 1544 116 37 VIII.
321 1544 116 37 Prima
398 1544 103 37 idea
463 1544 116 37 boni,
540 1544 90 37 est
592 1544 129 37 summum
670 1544 103 37 bonum.

233 1571 114 45 Prima
309 1571 101 45 idea
373 1571 114 45 boni,
449 1571 139 45 dicitur
550 1571 114 45 rerum
626 1571 127 45 omnium
715 1571 177 45 principium
854 1571 101 45 unum
917 1571 76 45 in
943 1571 63 45 ef-

197 1609 141 38 fabile,
300 1609 64 38 a
325 1609 90 38 quo
376 1609 90 38 uno
427 1609 115 38 omnia
504 1609 64 38 &
530 1609 77 38 ad
568 1609 102 38 quod
632 1609 102 38 unum
696 1609 128 38 omnia:
786 1609 115 38 ipsum
862 1609 115 38 bonum
926 1609 77 38 uni-

205 1642 136 34 versale,
307 1642 79 34 non
352 1642 68 34 in
386 1642 181 34 praedicando,
533 1642 79 34 sed
579 1642 68 34 in
613 1642 136 34 causando
715 1642 136 34 secundum
817 1642 193 34 efficientiam,
976 1642 68 34 id

195 1677 101 35 est,
259 1677 152 35 exemplar
373 1677 63 35 &
398 1677 114 35 causa
474 1677 127 35 omnium
563 1677 165 35 creatorum
689 1677 152 35 bonorum,
803 1677 63 35 a
829 1677 114 35 cujus
892 1677 114 35 bonita-

202 1709 76 40 te
240 1709 102 40 bona
304 1709 102 40 alia
368 1709 114 40 omnis
444 1709 191 40 derivantur:
596 1709 114 40 ipsum
673 1709 153 40 pulcrum:
787 1709 140 40 primium
876 1709 127 40 pulcrum:

203 1741 138 44 pelagus
304 1741 226 44 pulcritudinis:
492 1741 138 44 ωργιτον
593 1741 126 44 φιλον,
681 1741 126 44 primum
768 1741 138 44 amicum:
869 1741 163 44 αυξφιλον,

193 1772 123 43 ipsum
275 1772 150 43 amicum:
385 1772 164 43 sincerum
508 1772 68 43 &
522 1772 109 43 purum.

231 1807 110 34 Atqui
304 1807 98 34 Deus
365 1807 110 34 solus
438 1807 85 34 est
487 1807 110 34 prima
560 1807 98 34 idea
621 1807 110 34 boni.
695 1807 85 34 Nam
743 1807 73 34 in
780 1807 110 34 mente
853 1807 122 34 divina
927 1807 85 34 rerum

202 1841 122 40 omnium
287 1841 98 40 sunt
349 1841 122 40 ideae,
434 1841 73 40 i.
471 1841 73 40 e.
508 1841 122 40 formae
593 1841 171 40 exemplares
728 1841 61 40 &
752 1841 147 40 aeterne,
850 1841 159 40 quemadmodum

198 1873 105 38 etiam
268 1873 105 38 Plato
338 1873 140 38 statuit,
443 1873 105 38 sicut
513 1873 93 38 ejus
572 1873 163 38 sententiam
700 1873 198 38 interpretatus
863 1873 82 38 est
898 1873 117 38 Augusti-

206 1908 80 33 nus
251 1908 114 33 quarto
331 1908 102 33 tomo,
399 1908 102 33 libro
467 1908 80 33 83.
512 1908 125 33 quaest.
603 1908 68 33 c.
637 1908 80 33 46.
683 1908 125 33 Clemens
774 1908 182 33 Alexandrinus
921 1908 91 33 lib.
967 1908 45 33 4.

208 1939 159 34 Stromatum
330 1939 98 34 pag.
391 1939 85 34 230
440 1939 61 34 &
464 1939 98 34 lib.
525 1939 73 34 5.
562 1939 98 34 pag.
623 1939 98 34 236.
684 1939 61 34 &
708 1939 98 34 pag.
769 1939 98 34 249.
830 1939 183 34 Theodoretus
964 1939 49 34 de

214 1969 159 37 Curatione
336 1969 159 37 Graecarum
458 1969 171 37 affectione
592 1969 134 37 Sermone
690 1969 146 37 secundo,
800 1969 85 37 qui
848 1969 85 37 est
897 1969 73 37 de
922 1969 85 37 prin-

202 2005 121 41 cipio,
287 2005 97 41 pag.
347 2005 85 41 36.
396 2005 61 41 &
420 2005 133 41 Sermone
517 2005 133 41 quarto,
614 2005 85 41 qui
662 2005 85 41 est
710 2005 73 41 de
747 2005 133 41 Materia
844 2005 61 41 &
868 2005 121 41 Mundo,
940 2005 73 41 pag.

205 2034 87 40 64:
254 2034 162 40 editionis
379 2034 187 40 Commeliniae
528 2034 100 40 anni
590 2034 112 40 1592.
665 2034 199 40 Tertullianus
826 2034 100 40 lib.
889 2034 75 40 de
914 2034 100 40 anima,

196 2073 68 40 c.
230 2073 79 40 18.
275 2073 136 40 Eusebius
376 2073 68 40 de
410 2073 192 40 praepatatione
568 2073 158 40 Evangelica
693 2073 79 40 15.
738 2073 90 40 lib.
794 2073 90 40 cap.
851 2073 79 40 44.
896 2073 68 40 L.
919 2073 90 40 Annaus

210 2101 108 36 Seneca
286 2101 108 36 epist.
361 2101 75 36 59.
404 2101 86 36 Quid
458 2101 75 36 sit
501 2101 97 36 idea,
566 2101 65 36 id
598 2101 86 36 est,
652 2101 86 36 quid
706 2101 119 36 Platoni
793 2101 86 36 esse
846 2101 140 36 videatur,
944 2101 75 36 audi.

211 2135 96 35 Idea
271 2135 84 35 est
319 2135 108 35 eorum
390 2135 96 35 quae
450 2135 179 35 naturaliter
594 2135 108 35 fiunt
665 2135 143 35 exemplar
773 2135 143 35 aternum.
881 2135 108 35 Plato
940 2135 72 35 enim

209 2170 75 39 per
252 2170 97 39 ideas
317 2170 75 39 non
360 2170 150 39 intellexit
478 2170 118 39 species
564 2170 107 39 nescio
639 2170 86 39 quas
693 2170 64 39 in
725 2170 86 39 aere
778 2170 161 39 volitantes,
907 2170 64 39 ut
929 2170 75 39 falso

202 2204 74 37 ei
239 2204 173 37 afflictum,
375 2204 87 37 sed
425 2204 186 37 quemadmodum
573 2204 87 37 jam
623 2204 136 37 dictum,
722 2204 124 37 formas
809 2204 186 37 exemplares,
945 2204 62 37 in-

201 2236 162 31 corporeas,
328 2236 185 31 invisibiles,
478 2236 138 31 aeternas
582 2236 58 31 &
605 2236 185 31 immutabiles,
755 2236 150 31 veritates
871 2236 104 31 rexum
928 2236 81 31 omni-

211 2268 72 32 um
247 2268 95 32 quae
306 2268 107 32 sunt,
378 2268 119 32 semper
461 2268 72 32 in
497 2268 107 32 mente
569 2268 119 32 divina
652 2268 191 32 exsistentes,
807 2268 119 32 semper
891 2268 107 32 eodom
950 2268 60 32 mo-

211 2301 69 33 do
245 2301 92 33 sese
303 2301 150 33 habentes,
418 2301 92 33 quae
475 2301 104 33 ipsae
544 2301 138 33 formatae
648 2301 81 33 non
694 2301 104 33 sunt,
763 2301 81 33 sed
809 2301 138 33 secundum
912 2301 92 33 quas
958 2301 46 33 o-

208 2332 88 39 mnia
263 2332 55 39 a
285 2332 77 39 Deo
329 2332 110 39 creata
406 2332 99 39 sunt,
473 2332 110 39 quarum
550 2332 199 39 participatione
715 2332 88 39 fit,
770 2332 66 39 ut
803 2332 88 39 fit,
859 2332 132 39 quicquid
947 2332 66 39 est,

219 2364 125 43 quoquo
306 2364 100 43 modo
368 2364 100 43 est;
430 2364 87 43 non
480 2364 100 43 enim
543 2364 100 43 Deus
605 2364 112 43 extra
680 2364 75 43 se
717 2364 150 43 quicquam
829 2364 137 43 positum
916 2364 100 43 intue-

214 2397 119 45 batur,
297 2397 71 45 ut
333 2397 143 45 secundum
440 2397 71 45 id
475 2397 202 45 constitueret,
642 2397 95 45 quod
701 2397 202 45 constituebat;
868 2397 83 45 nam
915 2397 83 45 hoc
951 2397 71 45 opi-

215 2427 83 40 nari
267 2427 146 40 sacrilegum
371 2427 62 40 est.

250 2456 94 42 Idea
309 2456 59 42 &
332 2456 106 42 ειδος
403 2456 164 42 differunt.
532 2456 94 42 Quid
591 2456 153 42 intersit,
708 2456 141 42 quaeris?
814 2456 129 42 Alterum
908 2456 141 42 exemplar

215 2489 101 42 est,
279 2489 139 42 alterum
380 2489 114 42 forma
456 2489 76 42 ab
494 2489 164 42 exemplari
620 2489 114 42 sumta
696 2489 63 42 &
721 2489 114 42 operi
797 2489 164 42 imposita:
911 2489 114 42 Alteram

218 2529 124 34 artifex
308 2529 146 34 imitatur,
420 2529 124 34 alteram
510 2529 112 34 facit.
588 2529 101 34 Habet
656 2529 124 34 aliquam
746 2529 112 34 faciem
824 2529 124 34 statua,
914 2529 90 34 haec
959 2529 56 34 est

217 2559 122 44 ειδος:
302 2559 110 44 Habet
376 2559 135 44 aliquam
474 2559 122 44 faciem
560 2559 147 44 exemplar
670 2559 122 44 ipsum,
756 2559 98 44 quod
817 2559 135 44 intuens
915 2559 135 44 opifex,

218 2592 124 34 statuam
308 2592 158 34 figuravit:
432 2592 90 34 haec
489 2592 90 34 idea
545 2592 90 34 est.
601 2592 135 34 Etiamnum
703 2592 102 34 aliam
771 2592 147 34 desideras
872 2592 147 34 distinctio-

223 2627 92 45 nem?
281 2627 104 45 ειδος
350 2627 69 45 in
385 2627 104 45 opere
454 2627 92 45 est:
512 2627 92 45 Idea
570 2627 104 45 extra
639 2627 104 45 opus,
708 2627 81 45 nec
754 2627 115 45 tantum
835 2627 104 45 extra
905 2627 92 45 opus
951 2627 69 45 est,

223 2653 85 43 sed
271 2653 97 43 ante
332 2653 109 43 opus.
404 2653 73 43 L.
440 2653 121 43 Annaus
525 2653 121 43 Seneca
610 2653 121 43 epist.
682 2653 242 43 quinquagesimanona.

261 2685 180 47 Subscribunt
405 2685 156 47 orthodoxi
525 2685 120 47 Patres
609 2685 60 47 &
633 2685 168 47 testantur,
764 2685 120 47 Summum
848 2685 120 47 bonium
920 2685 108 47 nostrum

220 2720 95 36 esse
280 2720 107 36 Deum.
351 2720 167 36 AUGUSTINUS
482 2720 107 36 primo
554 2720 107 36 tomo,
626 2720 143 36 Retract.
733 2720 95 36 lib.
792 2720 60 36 1
816 2720 95 36 cap.
876 2720 72 36 1.
912 2720 95 36 ait:
959 2720 72 36 Sine

220 2754 178 34 controversia
365 2754 123 34 quaedam
454 2754 156 34 originalis
576 2754 100 34 regio
643 2754 178 34 beatitudinis
788 2754 111 34 animi,
866 2754 89 34 Deus
922 2754 89 34 ipse
966 2754 56 34 est

226 2781 68 40 Et
260 2781 101 40 paulo
327 2781 101 40 post:
395 2781 68 40 In
428 2781 101 40 libro
496 2781 124 40 tertio;
586 2781 68 40 Si
620 2781 90 40 quid
676 2781 90 40 mihi
732 2781 135 40 videatur
834 2781 135 40 quaeris,
924 2781 101 40 inquam,

235 2815 73 34 in
271 2815 110 34 mente
345 2815 146 34 arbitror
454 2815 98 34 esse
515 2815 122 34 summum
601 2815 134 34 hominis
699 2815 122 34 bonum:
784 2815 122 34 Verius
869 2815 159 34 dixissem;
979 2815 49 34 In

234 2847 95 41 Deo:
293 2847 95 41 Ipso
353 2847 95 41 enim
412 2847 95 41 mens
471 2847 130 41 fruitur
566 2847 71 41 ut
601 2847 107 41 beata
673 2847 95 41 sit,
732 2847 130 41 tanquam
827 2847 118 41 sunmmo
910 2847 95 41 bono
957 2847 71 41 suo.

236 2879 94 35 Vide
295 2879 129 35 septimo
389 2879 106 35 tomo,
460 2879 106 35 libro
530 2879 129 35 secundo
624 2879 71 35 de
660 2879 165 35 peccatorum
789 2879 129 35 meritis
883 2879 59 35 &
895 2879 129 35 remissio-

237 2914 90 41 ne,
288 2914 115 41 caput
352 2914 231 41 decimumseptimum.

258 2941 180 46 FULGENTIUS
400 2941 116 46 libro
477 2941 116 46 primo
554 2941 77 46 de
593 2941 257 46 Praedestinatione
811 2941 77 46 ad
850 2941 154 46 Monimum,
953 2941 77 46 pag.

236 2974 127 42 trices.
328 2974 104 42 sexta
397 2974 150 42 editionis
512 2974 173 42 Basiliensis
650 2974 219 42 Henricpetrinae:
834 2974 115 42 Creato
914 2974 92 42 bono
960 2974 69 42 sum-

231 3012 94 35 mum
284 3012 121 35 bonum
365 3012 121 35 (quod
445 3012 147 35 creatum
552 3012 94 35 non
606 3012 94 35 est
660 3012 67 35 &
686 3012 67 35 a
713 3012 94 35 quo
767 3012 107 35 omne
834 3012 161 35 mutabile
941 3012 94 35 bonum

240 3040 130 42 crentum
335 3040 95 42 est)
394 3040 107 42 jusse
465 3040 190 42 dominaretur:
619 3040 107 42 cujus
690 3040 107 42 etiam
761 3040 213 42 participatione
927 3040 107 42 beatum-

238 3068 110 46 esset,
315 3068 66 46 si
348 3068 99 46 summo
415 3068 88 46 bono
470 3068 110 46 humili
547 3068 155 46 dilectione
658 3068 121 46 serviret.

284 3095 77 51 Ex
323 3095 90 51 his
374 3095 180 51 manifestum
516 3095 103 51 est,
580 3095 116 51 solum
657 3095 103 51 Deum
721 3095 103 51 esse
786 3095 129 51 summum
876 3095 141 51 nostrum
966 3095 64 51 bo

221 3125 87 45 num.

280 3149 86 69 Qua
329 3149 147 69 propter,
439 3149 74 69 ut
476 3149 123 69 falsas
562 3149 135 69 aliquot
660 3149 74 69 de
697 3149 110 69 summo
770 3149 98 69 bono
832 3149 159 69 opiniones
942 3149 86 69 remo

1039 168 146 67 veamus,
1145 168 120 67 nulla
1225 168 93 67 res
1278 168 146 67 mundana
1384 168 93 67 est
1437 168 133 67 summum
1530 168 146 67 hominis
1636 168 133 67 bonum,
1729 168 106 67 quod
1796 168 93 67 il¬

1038 217 80 55 lum
1083 217 115 55 beatum
1164 217 149 55 efficiat:
1279 217 80 55 tum
1325 217 92 55 quia
1382 217 149 55 quaelibut
1497 217 126 55 illarum
1589 217 80 55 est
1635 217 138 55 vanitati
1727 217 126 55 subjecta,

1050 255 167 43 mutabilis,
1181 255 179 43 instabilis,
1325 255 119 43 fluxa,
1408 255 131 43 caduca:
1504 255 84 43 tum
1552 255 96 43 quia
1611 255 107 43 nulla
1683 255 131 43 illarum
1766 255 96 43 mentem

1044 291 184 40 tranquillam
1191 291 135 40 reddit,
1289 291 86 40 sed
1338 291 122 40 potius
1423 291 171 40 perturbat,
1558 291 73 40 ut
1595 291 110 40 docet
1668 291 159 40 Salomonis
1778 291 86 40 liber

1041 317 114 57 dictus
1120 317 183 57 Ecclusiastes
1269 317 91 57 cap.
1326 317 68 57 1.
1360 317 68 57 2.
1394 317 57 57 &
1417 317 91 57 cap.
1474 317 80 57 12.
1520 317 68 57 10
1554 317 125 57 Vanitas
1645 317 160 57 vanissima:
1771 317 91 57 ista
1816 317 46 57 o-

1044 348 94 39 mnia
1103 348 94 39 sunt
1162 348 141 39 vanitas.
1267 348 82 39 Sic
1314 348 117 39 igitur
1396 348 129 39 fidelis
1478 348 176 39 ratiocinatur:

1075 384 164 50 Quicquid
1198 384 123 50 vanum
1280 384 109 50 est,
1349 384 68 50 &
1376 384 137 50 animum
1472 384 96 50 non
1526 384 219 50 tranquillat,
1704 384 96 50 sed
1745 384 123 50 tantum-

1049 420 103 36 modo
1113 420 180 36 perturbat,
1255 420 77 36 id
1293 420 129 36 summum
1383 420 116 36 bonum
1460 420 141 36 nostrum
1563 420 90 36 non
1602 420 77 36 est.

1072 452 116 55 Atqui
1149 452 116 55 omnes
1226 452 90 55 res
1278 452 167 55 miindanae
1406 452 103 55 sunt
1470 452 128 55 vanae,
1560 452 64 55 &
1586 452 128 55 animum
1675 452 90 55 non
1727 452 167 55 tranquil¬

1048 477 109 44 lant,
1120 477 84 44 sed
1169 477 181 44 tauntummodo
1301 477 157 44 perturbunt.

1101 510 86 54 Rem
1150 510 86 54 ita
1199 510 122 54 habere
1284 510 147 54 ostendit
1395 510 73 54 I.
1431 510 208 54 Uniuscuiusque
1603 510 135 54 hominis
1701 510 73 54 in
1738 510 110 54 rebus
1799 510 61 54 hu-

1043 541 81 61 jus
1090 541 104 61 mundi
1159 541 150 61 occupatio
1274 541 58 61 &
1297 541 173 61 defatigatio
1435 541 150 61 inutilis,
1550 541 81 61 qua
1596 541 104 61 nihil
1665 541 115 61 potest
1745 541 150 61 consequi,

1054 586 92 41 quod
1112 586 81 41 vel
1158 586 69 41 in
1193 586 104 41 sese,
1262 586 81 41 vel
1308 586 69 41 in
1343 586 92 41 ipso
1400 586 115 41 homine
1481 586 138 41 durabile
1584 586 127 41 maneat,
1677 586 58 41 &
1700 586 127 41 quietem
1780 586 81 41 tran-

1056 620 213 52 quillitatemque
1234 620 107 52 veram
1305 620 154 52 praestet,
1423 620 189 52 Ecclesiastae
1577 620 71 52 1.
1613 620 71 52 v.
1648 620 71 52 3.
1684 620 95 52 Quid
1731 620 142 52 emolumenti

1042 646 79 37 est
1087 646 125 37 homini,
1178 646 68 37 ex
1212 646 91 37 toto
1269 646 113 37 labore
1348 646 79 37 suo
1393 646 79 37 quo
1439 646 125 37 laborat
1530 646 79 37 sub
1564 646 79 37 Sole?

1075 674 90 55 II.
1127 674 180 55 Familiarum
1268 674 64 55 &
1294 674 142 55 Gentium
1397 674 142 55 totarum
1500 674 180 55 interitus,
1642 674 129 55 quibus
1732 674 116 55 terra
1797 674 77 55 ipsa

1051 709 206 54 momentaneum
1216 709 123 54 illum
1298 709 137 54 statum
1394 709 192 54 exprobrat,
1545 709 96 54 dum
1600 709 110 54 ipsa
1668 709 165 54 perpetuo
1778 709 96 54 manet

1041 748 135 47 theatri
1139 748 148 47 cujusdam
1250 748 135 47 instar,
1348 748 74 47 in
1385 748 86 47 quo
1434 748 111 47 eadem
1508 748 123 47 semper
1594 748 86 47 vel
1644 748 148 47 comoedia
1754 748 86 47 vel
1791 748 74 47 tra-

1053 780 114 47 goedia
1132 780 125 47 agitur,
1223 780 136 47 personis
1325 780 114 47 tantum
1405 780 136 47 mutatis,
1507 780 182 47 Ecclesiastae
1655 780 68 47 1.
1689 780 68 47 v.
1723 780 68 47 4.
1746 780 125 47 Generatio

1049 819 87 44 una
1098 819 112 44 abit,
1173 819 62 44 &
1198 819 124 44 altera
1285 819 149 44 aduenit:
1397 819 137 44 quamvis
1497 819 112 44 terra
1571 819 75 44 in
1609 819 137 44 saculum
1696 819 149 44 permaneat.

1099 845 111 47 III.
1168 845 138 47 Natura
1265 845 125 47 rerum
1348 845 180 47 creatarum
1487 845 180 47 mutabilis
1625 845 69 47 &
1653 845 125 47 vices
1722 845 152 47 innumeras

1058 884 138 42 quotidie
1162 884 138 42 subiens,
1266 884 115 42 veluti
1347 884 115 42 Solis,
1427 884 104 42 aeris
1496 884 81 42 seu
1542 884 115 42 venti,
1623 884 150 42 fluminum,
1738 884 115 42 omnium
1807 884 58 42 de-

1053 919 111 36 nique
1127 919 123 36 rerum,
1213 919 74 36 in
1250 919 123 36 quarum
1336 919 86 36 vel
1386 919 173 36 cognitione
1522 919 86 36 vel
1571 919 86 36 usu
1620 919 99 36 homo
1682 919 136 36 laborat
1781 919 62 36 &
1793 919 74 36 sese

1059 941 125 54 fatigat,
1152 941 167 54 Ecclesiastae
1288 941 63 54 1.
1319 941 63 54 v.
1351 941 63 54 5,
1382 941 63 54 6,
1413 941 63 54 7.
1444 941 63 54 8,
1476 941 63 54 9,
1507 941 104 54 10,11.
1580 941 104 54 Oritur
1653 941 83 54 Sol,
1705 941 52 54 &
1726 941 115 54 occidit
1809 941 83 54 Sol;

1053 977 156 45 iterumque
1173 977 72 45 ad
1209 977 108 45 locum
1282 977 96 45 suum
1342 977 144 45 aspirat,
1450 977 84 45 ubi
1498 977 144 45 oriatur:
1606 977 144 45 Properat
1715 977 72 45 ad
1739 977 132 45 meridiem,

1055 1011 65 51 &
1081 1011 155 51 circumit
1197 1011 77 51 ad
1236 1011 181 51 Aquilonem;
1378 1011 219 51 conversatione
1558 1011 90 51 sua
1610 1011 181 51 circumiens
1752 1011 155 51 properat

1056 1047 98 49 aer,
1117 1047 62 49 &
1142 1047 148 49 secundum
1253 1047 160 49 circuitus
1376 1047 98 49 suos
1437 1047 172 49 reuertitur
1573 1047 98 49 aer:
1634 1047 111 49 Omnia
1708 1047 135 49 flumina
1794 1047 74 49 pro-

1048 1077 130 45 perant
1139 1077 78 45 ad
1178 1077 117 45 mare,
1256 1077 91 45 nec
1308 1077 117 45 tamen
1386 1077 104 45 mare
1451 1077 169 45 impletur;
1580 1077 169 45 quocumque
1710 1077 104 45 loci
1762 1077 117 45 flumina

1056 1108 175 51 properant,
1193 1108 113 51 eodem
1268 1108 188 51 reuertuntur
1418 1108 150 51 propere.
1531 1108 175 51 Singularis
1668 1108 100 51 ista
1718 1108 150 51 fatigantur

1056 1151 82 44 non
1103 1151 118 44 posset
1186 1151 141 44 quisquam
1292 1151 129 44 eloqui;
1386 1151 82 44 non
1433 1151 165 44 satiaretur
1562 1151 118 44 oculus
1644 1151 141 44 videndo,
1750 1151 106 44 neque
1809 1151 59 44 im-

1061 1175 142 49 pleretur
1168 1175 107 49 auris
1239 1175 131 49 auditu.
1334 1175 71 49 Id
1370 1175 95 49 quod
1429 1175 107 49 fuit,
1500 1175 95 49 idem
1560 1175 83 49 est
1607 1175 95 49 quod
1666 1175 131 49 futurum
1761 1175 95 49 est,
1821 1175 59 49 &
1833 1175 47 49 id

1064 1214 95 42 quod
1124 1214 83 42 sit
1171 1214 95 42 idem
1231 1214 83 42 est
1279 1214 95 42 quod
1338 1214 107 42 fiet,
1410 1214 107 42 neque
1481 1214 83 42 est
1529 1214 143 42 quidquam
1636 1214 95 42 novi
1695 1214 83 42 sub
1743 1214 107 42 Sole.
1803 1214 83 42 Estne

1057 1248 129 39 aliquid
1151 1248 70 39 de
1186 1248 82 39 quo
1233 1248 141 39 dicitur,
1339 1248 117 39 aspice
1421 1248 82 39 hoc
1468 1248 106 39 novum
1539 1248 94 39 est?
1597 1248 94 39 quod
1656 1248 82 39 jam
1703 1248 94 39 fuit
1762 1248 82 39 per
1797 1248 82 39 secu-

1064 1275 78 46 la,
1108 1275 89 46 quod
1164 1275 89 46 fuit
1220 1275 89 46 ante
1275 1275 89 46 nos.
1331 1275 78 46 Non
1375 1275 78 46 est
1420 1275 122 46 memoria
1509 1275 67 46 de
1542 1275 156 46 prioribus:
1665 1275 134 46 etiamque
1765 1275 67 46 de
1787 1275 89 46 poste-

1053 1314 140 32 rioribus
1158 1314 93 32 quae
1217 1314 117 32 futura
1298 1314 105 32 sunt,
1368 1314 82 32 non
1415 1314 93 32 erit
1474 1314 70 32 de
1509 1314 105 32 ipsis
1579 1314 128 32 memoria
1672 1314 93 32 apud
1730 1314 105 32 illos
1800 1314 82 32 qui
1835 1314 47 32 e-

1053 1347 97 30 runt
1113 1347 73 30 in
1150 1347 157 30 posterum.
1271 1347 121 30 Roman.
1356 1347 73 30 8.
1392 1347 85 30 20.
1440 1347 157 30 Vanitatis
1561 1347 121 30 mundus
1646 1347 85 30 hic
1694 1347 157 30 conditus.
1803 1347 73 30 sub-

1065 1374 114 48 jectus
1144 1374 91 48 est,
1201 1374 80 48 non
1246 1374 80 48 sua
1292 1374 125 48 sponte,
1383 1374 80 48 sed
1428 1374 125 48 propter
1519 1374 80 48 eum
1565 1374 80 48 qui
1610 1374 136 48 subjecit
1713 1374 80 48 eum
1758 1374 91 48 isti
1803 1374 80 48 vani-

1053 1413 109 40 tati.
1126 1413 73 40 I.
1162 1413 97 40 Cor.
1223 1413 73 40 7.
1259 1413 73 40 v.
1296 1413 85 40 31.
1344 1413 73 40 Et
1381 1413 85 40 qui
1429 1413 134 40 utuntur
1527 1413 85 40 hoc
1575 1413 121 40 mundo,
1660 1413 73 40 ut
1697 1413 85 40 non
1733 1413 146 40 abutentes:

1065 1444 151 35 praeterit
1182 1444 93 35 enim
1240 1444 128 35 habitus
1333 1444 105 35 hujus
1402 1444 116 35 mundi.
1484 1444 70 35 I.
1519 1444 93 35 Joh.
1577 1444 70 35 2.
1612 1444 81 35 17.
1658 1444 105 35 Porro
1728 1444 116 35 mundus
1798 1444 81 35 prae-

1050 1479 118 41 terit,
1133 1479 59 41 &
1156 1479 153 41 cupiditas
1274 1479 129 41 ipsius:
1368 1479 82 41 qui
1415 1479 94 41 vero
1473 1479 141 41 praestat
1579 1479 165 41 uoluntatem
1708 1479 94 41 Dei,
1767 1479 106 41 manet
1826 1479 47 41 in

1056 1508 119 36 aeternum.

1093 1537 95 53 IV.
1148 1537 163 53 Temporum
1270 1537 68 53 &
1297 1537 136 53 omnium
1392 1537 108 53 quae
1460 1537 122 53 fiunt
1541 1537 68 53 &
1568 1537 163 53 eveniunt
1690 1537 136 53 certis
1772 1537 108 53 tempo-

1059 1565 109 52 ribus
1131 1565 60 52 a
1156 1565 85 52 Deo
1204 1565 169 52 destinatis
1337 1565 193 52 mutabilitas,
1494 1565 97 52 quam
1554 1565 121 52 fluunt
1639 1565 121 52 semper
1723 1565 60 52 &
1747 1565 157 52 volvuntur

1053 1610 73 41 ac
1089 1610 184 41 revolvuntur
1236 1610 147 41 perpetua
1346 1610 196 41 conversione,
1506 1610 86 41 sic
1555 1610 73 41 ut
1591 1610 122 41 nullus
1677 1610 122 41 actus,
1750 1610 135 41 nullusque

1056 1642 136 42 eventus
1154 1642 209 42 instabilitati
1327 1642 148 42 temporis
1438 1642 160 42 subjectus
1561 1642 148 42 perpetuo
1672 1642 123 42 duret,
1758 1642 86 42 sed
1795 1642 86 42 omnia

1062 1671 93 46 suis
1120 1671 128 46 vicibus
1213 1671 104 46 fiant
1283 1671 58 46 &
1306 1671 151 46 eveniant,
1422 1671 81 46 sic
1468 1671 70 46 ut
1503 1671 116 46 omnium
1584 1671 104 46 rerum
1654 1671 128 46 facilis
1747 1671 81 46 sit
1782 1671 104 46 conver-

1065 1704 86 44 sio
1114 1704 62 44 &
1139 1704 198 44 vicissitudo,
1299 1704 99 44 quod
1361 1704 173 44 inductione
1497 1704 173 44 exemplorum
1633 1704 124 44 probat
1707 1704 173 44 Ecclesiastes

1056 1741 93 35 cap.
1115 1741 70 35 3.
1149 1741 116 35 primis
1231 1741 93 35 octo
1289 1741 151 35 versibus,
1405 1741 70 35 ut
1440 1741 198 35 intelligamus,
1603 1741 116 35 actuum
1684 1741 58 35 &
1708 1741 140 35 eventuum
1801 1741 81 35 isto-

1058 1773 96 36 rum
1113 1773 207 36 emolumentum
1279 1773 83 36 ad
1320 1773 165 36 neminem,
1444 1773 193 36 quantumvis
1596 1773 193 36 contendat,
1733 1773 152 36 pervenire

1068 1808 111 41 posse
1142 1808 148 41 stabile;
1253 1808 74 41 ac
1290 1808 136 41 proinde
1388 1808 111 41 omnes
1462 1808 86 41 res
1512 1808 148 41 mundanas
1623 1808 99 41 esse
1685 1808 123 41 vanas,
1771 1808 62 41 &
1783 1808 99 41 animum

1057 1840 141 41 hominis
1160 1840 90 41 non
1211 1840 218 41 tranquillare,
1391 1840 90 41 sed
1443 1840 180 41 tantummodo
1571 1840 167 41 perturbare.

1112 1861 106 53 Hinc
1178 1861 185 53 necessario
1323 1861 198 53 conficitur,
1482 1861 132 53 nullam
1575 1861 93 53 tem
1628 1861 159 53 mundanam
1747 1861 106 53 esse
1800 1861 79 53 sum-

1060 1906 95 34 mum
1115 1906 150 34 hominis
1224 1906 136 34 bonum;
1319 1906 136 34 nullam
1415 1906 150 34 illarum
1524 1906 164 34 efficere
1647 1906 150 34 hominem
1742 1906 123 34 beatum.

1117 1937 157 45 Proinde
1231 1937 186 45 SAPIENTIA
1374 1937 143 45 HUMANA
1474 1937 200 45 consistens
1632 1937 86 45 in
1674 1937 200 45 cognitione
1817 1937 72 45 re-

1063 1971 97 35 rum
1119 1971 208 35 naturalium,
1285 1971 69 35 &
1313 1971 83 35 in
1355 1971 125 35 mundo
1438 1971 181 35 gestarum,
1577 1971 69 35 &
1605 1971 83 35 ab
1647 1971 181 35 hominibus
1772 1971 111 35 humano

1062 1999 132 48 spiritu
1158 1999 168 48 traditatum
1290 1999 72 48 de
1326 1999 180 48 Philosophia
1470 1999 120 48 Ethica
1553 1999 84 48 seu
1601 1999 120 48 morali
1685 1999 60 48 &
1709 1999 108 48 rebus
1781 1999 108 48 aliis
1841 1999 36 48 .

1067 2037 90 34 non
1119 2037 90 34 est
1170 2037 128 34 summum
1260 2037 141 34 hominis
1362 2037 128 34 bonum.
1452 2037 77 34 I.
1491 2037 103 34 Quia
1555 2037 90 34 est
1606 2037 167 34 laboriosa
1735 2037 64 34 &
1748 2037 128 34 molesta-

1070 2068 182 39 compatatur
1213 2068 104 39 enim
1278 2068 91 39 cum
1330 2068 156 39 molestia
1447 2068 117 39 mala,
1525 2068 104 39 quam
1590 2068 156 39 inflixit
1707 2068 104 39 Deus
1759 2068 117 39 homini-

1059 2101 95 45 bus,
1118 2101 71 45 ut
1154 2101 130 45 seipsos
1249 2101 166 45 affligant,
1379 2101 107 45 justo
1450 2101 95 45 sane
1509 2101 130 45 judicio
1604 2101 142 45 profanam
1710 2101 118 45 humani
1781 2101 107 45 ingenii

1053 2138 154 47 audaciam
1168 2138 90 47 sic
1220 2138 166 47 ulciscens
1348 2138 90 47 jam
1399 2138 102 47 inde
1463 2138 77 47 ab
1501 2138 102 47 illo
1565 2138 115 47 primo
1642 2138 128 47 humani
1731 2138 141 47 generis
1821 2138 64 47 pa-

1069 2166 125 34 rente.
1156 2166 200 34 Ecclesiastae
1318 2166 75 34 1.
1355 2166 75 34 v.
1393 2166 87 34 13.
1443 2166 162 34 Applicans
1568 2166 125 34 animum
1655 2166 100 34 meum
1717 2166 75 34 ad
1742 2166 150 34 disquiren-

1069 2197 91 38 dum
1121 2197 65 38 &
1147 2197 78 38 ad
1187 2197 196 38 explorandum
1343 2197 183 38 sapientiam
1487 2197 78 38 de
1526 2197 105 38 omni
1592 2197 78 38 es
1631 2197 105 38 quod
1696 2197 91 38 sit
1748 2197 91 38 sub
1788 2197 91 38 calis

1068 2233 112 33 (hanc
1142 2233 199 33 occupationem
1304 2233 112 33 malum
1378 2233 112 33 dedit
1453 2233 99 33 Deus
1515 2233 124 33 filiis
1602 2233 149 33 hominum,
1714 2233 75 33 ut
1739 2233 149 33 occuparent

1067 2262 77 36 se
1106 2262 77 36 in
1144 2262 90 36 ea)
1195 2262 77 36 Et
1234 2262 103 36 ver.
1298 2262 90 36 17.
1349 2262 128 36 Adjeci
1439 2262 128 36 quoque
1529 2262 128 36 animum
1619 2262 103 36 meum
1683 2262 77 36 ad
1708 2262 180 36 cognoscendum

1061 2297 189 40 sapientiam,
1212 2297 63 40 &
1238 2297 164 40 scientiam
1363 2297 113 40 omnis
1439 2297 138 40 insanie
1540 2297 63 40 &
1565 2297 214 40 stoliditatis,
1741 2297 138 40 cognoui
1829 2297 63 40 et-

1064 2327 78 43 iam
1109 2327 78 43 hoc
1153 2327 89 43 esse
1209 2327 179 43 afflictionem
1343 2327 123 43 spiritus.

1089 2356 86 42 II.
1138 2356 98 42 Quia
1199 2356 147 42 versatur
1309 2356 110 42 circa
1382 2356 86 42 ea,
1431 2356 98 42 quae
1492 2356 86 42 per
1541 2356 73 42 se
1578 2356 98 42 vana
1639 2356 110 42 sunt,
1712 2356 110 42 neque
1773 2356 110 42 salutem

1078 2397 143 32 aeternam
1185 2397 154 32 regnumque
1304 2397 143 32 caelorum
1411 2397 154 32 afferunt,
1530 2397 190 32 Ecclesiastis
1684 2397 71 32 1.
1720 2397 83 32 14.
1767 2397 95 32 Vidi
1815 2397 83 32 omnia

1073 2429 103 36 facta
1141 2429 92 36 quae
1198 2429 103 36 fiunt
1267 2429 80 36 sub
1313 2429 103 36 Sole,
1382 2429 92 36 quod
1439 2429 103 36 ecce,
1507 2429 92 36 ista
1565 2429 103 36 omnia
1633 2429 92 36 sunt
1690 2429 126 36 vanitas
1782 2429 57 36 &
1793 2429 92 36 affli-

1068 2460 83 41 ctio
1109 2460 114 41 spiritus.

1101 2485 98 44 III.
1162 2485 98 44 Quia
1223 2485 86 44 est
1273 2485 110 44 venti
1346 2485 135 44 pabulum
1444 2485 86 44 seu
1493 2485 110 44 animi
1567 2485 160 44 depastio,
1690 2485 86 44 hoc
1739 2485 98 44 est,
1788 2485 98 44 nullum

1074 2527 99 35 inde
1136 2527 211 35 operaepretium
1309 2527 112 35 aliud
1384 2527 149 35 refertur
1495 2527 99 35 quam
1557 2527 112 35 animi
1632 2527 112 35 quasi
1706 2527 112 35 vento
1780 2527 99 35 sese
1830 2527 62 35 pa-

1066 2558 128 38 scentis
1160 2558 140 38 inutilis
1265 2558 187 38 defatigatio,
1416 2558 82 38 qua
1463 2558 117 38 animus
1545 2558 82 38 non
1592 2558 128 38 alitur,
1685 2558 140 38 famesque
1790 2558 93 38 eius
1837 2558 58 38 non

1070 2589 134 50 expletur,
1173 2589 166 50 Ecclesiastis
1308 2589 62 50 1.
1339 2589 62 50 v.
1359 2589 52 50 14.

1088 2621 97 47 IV.
1144 2621 111 47 Quia
1213 2621 83 47 ne
1254 2621 152 47 minimam
1365 2621 138 47 quidem
1462 2621 97 47 tem
1517 2621 138 47 pravam
1614 2621 138 47 potest
1711 2621 194 47 corrigere,
1849 2621 42 47 &

1079 2653 146 42 defectus
1188 2653 110 42 ejus,
1261 2653 85 42 qui
1310 2653 146 42 innumeri
1420 2653 110 42 sunt,
1493 2653 158 42 supplere,
1614 2653 110 42 nedum
1687 2653 146 42 calestem
1785 2653 97 42 perfe-

1075 2688 127 42 ctionem
1168 2688 208 42 subministrare,
1341 2688 185 42 Ecclesiastis
1492 2688 69 42 1.
1526 2688 81 42 15.
1573 2688 150 42 Perversum
1688 2688 81 42 non
1735 2688 104 42 posse
1792 2688 93 42 corri-

1073 2724 88 37 gi,
1124 2724 63 37 &
1149 2724 150 37 defectum
1261 2724 88 37 non
1311 2724 113 37 posse
1387 2724 163 37 innumerum
1499 2724 113 37 venire.

1118 2749 64 47 V.
1150 2749 85 47 Quia
1204 2749 75 47 non
1246 2749 96 47 parit
1310 2749 149 47 disuuitus,
1428 2749 128 47 συθυμιαν
1523 2749 75 47 sic
1566 2749 64 47 ut
1598 2749 64 47 in
1630 2749 64 47 ea
1662 2749 64 47 ne
1694 2749 96 47 Reges
1758 2749 107 47 quidem
1822 2749 64 47 ipsi

1067 2781 235 47 tranquillitatem
1265 2781 136 47 aliquam
1363 2781 173 47 reperiant,
1500 2781 74 47 ut
1537 2781 87 47 suo
1586 2781 136 47 exemplo
1685 2781 136 47 Salomon
1784 2781 87 47 tex
1821 2781 62 47 sa-

1076 2819 176 43 pientissimus
1219 2819 55 43 &
1241 2819 187 43 potentissimus
1395 2819 110 43 docet,
1472 2819 176 43 Ecclesiastis
1614 2819 66 43 1.
1647 2819 66 43 v.
1680 2819 77 43 12,
1724 2819 77 43 13.
1768 2819 77 43 Ego
1801 2819 88 43 Eccle-

1079 2856 138 37 siastes,
1182 2856 92 37 quum
1239 2856 103 37 essem
1308 2856 80 37 rex
1354 2856 103 37 super
1423 2856 138 37 Israelem
1526 2856 184 37 Ierosolymis;
1675 2856 149 37 Applicans
1779 2856 103 37 animum.

1080 2889 108 37 meum
1147 2889 81 37 ad
1187 2889 216 37 disquirendum
1362 2889 67 37 &
1389 2889 81 37 ad
1430 2889 202 37 explorandum
1592 2889 189 37 sapientiam
1740 2889 81 37 de
1780 2889 108 37 omni
1834 2889 54 37 eo

1090 2918 93 30 quod
1149 2918 82 30 sit
1195 2918 82 30 sub
1242 2918 116 30 coelis
1323 2918 105 30 (hanc
1393 2918 186 30 occupationem
1545 2918 116 30 malam,
1626 2918 82 30 &c)
1673 2918 70 30 Et
1708 2918 82 30 ver
1754 2918 82 30 16,
1801 2918 82 30 17.
1836 2918 58 30 Lo-

1087 2951 123 41 quutus
1173 2951 86 41 ego
1222 2951 86 41 cum
1271 2951 110 41 animo
1345 2951 98 41 meo,
1406 2951 147 41 dicendo;
1516 2951 110 41 ecce,
1590 2951 86 41 ego
1639 2951 184 41 amplificavi
1787 2951 61 41 &
1799 2951 98 41 adjeci

1084 2983 169 43 sapientiam
1217 2983 109 43 supra
1289 2983 109 43 omnes
1361 2983 84 43 qui
1410 2983 181 43 praefuerunt
1554 2983 96 43 ante
1615 2983 72 43 me
1651 2983 193 43 Ierosolymis,
1808 2983 60 43 &
1820 2983 72 43 ani-

1077 3016 84 34 mus
1125 3016 96 34 meus
1185 3016 145 34 percepit
1294 3016 121 34 multum
1378 3016 157 34 sapientia
1499 3016 60 34 &
1523 3016 169 34 scientiae.
1656 3016 121 34 Adjeci
1740 3016 121 34 quoque
1813 3016 72 34 ani-

1079 3046 92 36 mum
1132 3046 106 36 meum
1198 3046 79 36 ad
1237 3046 211 36 cognoscendum
1409 3046 198 36 sapientiam,
1568 3046 66 36 &
1594 3046 172 36 scientiam
1726 3046 119 36 omnis
1806 3046 79 36 in
1832 3046 66 36 sa-

1084 3081 86 34 niae
1138 3081 54 34 &
1159 3081 183 34 stoliditatis,
1310 3081 118 34 cognovi
1396 3081 97 34 etiam
1460 3081 75 34 hoc
1503 3081 86 34 esse
1557 3081 172 34 afflictionem
1686 3081 118 34 spiritus.

1119 3109 85 38 VI.
1168 3109 98 38 Quia
1229 3109 85 38 non
1277 3109 110 38 parit
1350 3109 183 38 αυτυρκειαν,
1497 3109 85 38 sed
1546 3109 159 38 conjuncta
1668 3109 85 38 est
1716 3109 85 38 cum
1765 3109 110 38 multa
1826 3109 61 38 in-

1096 3137 160 45 dignatione
1221 3137 57 45 &
1244 3137 125 45 dolore;
1335 3137 91 45 quum
1392 3137 114 45 tantum
1472 3137 114 45 absit,
1552 3137 68 45 ut
1586 3137 68 45 in
1620 3137 80 45 hac
1666 3137 194 45 disquisitione
1826 3137 91 45 pos¬

1082 3169 90 57 sit
1134 3169 181 57 cujusquam,
1276 3169 181 57 quantumvis
1418 3169 181 57 sagassimi,
1560 3169 129 57 animus
1650 3169 155 57 invenire
1766 3169 103 57 quod
1818 3169 77 57 sibi
