2063 3465
213 180 171 66 promissus,
347 180 85 66 pro
396 180 134 66 ipsorum
494 180 122 66 tantum
579 180 147 66 peccatis
689 180 159 66 videretur
811 180 183 66 propitiatio
946 180 85 66 esse:

218 213 93 62 Ideo
277 213 58 62 A
300 213 140 62 postolus
405 213 140 62 occurrit
510 213 93 62 huic
568 213 175 62 objectioni,
709 213 117 62 eamque
790 213 128 62 refutat
884 213 128 62 loquens
965 213 47 62 i1

218 254 129 59 persona
312 254 175 59 puaesentium
452 254 164 59 Judaeorum:
581 254 82 59 nec
627 254 82 59 pro
674 254 129 59 nostris
768 254 117 59 solum,
849 254 82 59 sed
896 254 105 59 etiam
955 254 58 59 pro

225 283 113 55 totius
304 283 102 55 mundi
372 283 147 55 peccatis,
485 283 68 55 q.
519 283 68 55 d.
553 283 136 55 Christus
654 283 113 55 factus
733 283 79 55 est
779 283 170 55 propitiatio
914 283 79 55 non
948 283 68 55 tan-

214 312 80 61 rum
259 312 80 61 pro
305 312 137 61 peccatis
408 312 137 61 nostris,
510 312 68 61 id
545 312 91 61 est,
602 312 160 61 Judaeorum,
727 312 114 61 quibus
807 312 91 61 ipse
864 312 183 61 peculiariter

219 349 94 60 fuit
278 349 153 60 promissus
396 349 59 60 &
419 349 71 60 ex
454 349 118 60 quibus
537 349 106 60 natus
607 349 82 60 est
654 349 141 60 secundum
760 349 129 60 carnem:
854 349 82 60 sed
901 349 106 60 etiam
960 349 59 60 pro

224 389 154 44 peccatis
340 389 129 44 omnium
430 389 180 44 credentium
572 389 77 44 ex
610 389 142 44 omnibus
713 389 154 44 gentibus
829 389 77 44 in
868 389 103 44 toto
919 389 103 44 mundo:

214 422 80 46 ita
259 422 69 46 ut
294 422 114 46 nullus
374 422 137 46 peccator
477 422 183 46 resipiscesns
625 422 57 46 &
648 422 69 46 ad
682 422 137 46 Christum
785 422 160 46 confugiens
900 422 114 46 despera.

226 446 67 62 se
259 446 124 62 debeat,
349 446 79 62 sed
394 446 90 62 tuto
451 446 67 62 in
484 446 124 62 Christi
574 446 169 62 sacrificio,
709 446 79 62 quo
754 446 124 62 omnibus
844 446 169 62 credentibus
968 446 45 62 ad

214 492 95 47 terna
278 492 95 47 salus
341 492 74 47 est
383 492 106 47 parta,
447 492 158 47 acquiesceret.

258 510 107 60 Atque
330 510 83 60 ita
377 510 155 60 declarant
496 510 107 60 etiam
568 510 119 60 Sancti
651 510 119 60 Patres
734 510 95 60 haec
794 510 107 60 verba
865 510 155 60 Johannis:
972 510 48 60 ut

211 545 150 63 Cyristus
324 545 75 63 in
362 545 150 63 Johannem
474 545 113 63 libro
550 545 163 63 undecimo,
675 545 125 63 capite
763 545 175 63 decimonono
888 545 125 63 concili-

218 585 83 54 ans
266 585 107 54 verba
337 585 131 54 Christi
432 585 119 54 Johan.
515 585 83 54 17.
562 585 83 54 non
610 585 83 54 oro
657 585 83 54 pro
705 585 119 54 mundo,
788 585 59 54 &
811 585 95 54 haec
871 585 107 54 verba
930 585 95 54 Johan-

218 615 92 57 nis,
276 615 173 57 propitiatio
414 615 81 57 est
460 615 115 57 totius
541 615 115 57 mundi.
622 615 115 57 Beatus
702 615 150 57 Iohannes,
818 615 127 57 inquit,
910 615 92 57 quia
956 615 69 57 erat

206 648 136 55 Iudeus,
304 648 74 55 ne
341 648 86 55 pro
391 648 136 55 Iudaeis
489 648 123 55 tantum
576 648 173 55 paracletus
712 648 99 55 esse
773 648 136 55 Dominus
872 648 99 55 apud
921 648 99 55 Patrem

219 680 161 58 videretur,
346 680 161 58 necessario
473 680 69 58 ad
507 680 115 58 recit,
588 680 81 58 eum
634 680 207 58 propitiationem
806 680 92 58 esse
864 680 115 58 totius
933 680 92 58 mundi.

210 724 70 45 id
245 724 94 45 est,
304 724 141 45 (inquit)
410 724 82 45 pro
456 724 129 45 omnibus
550 724 82 45 qui
597 724 82 45 per
644 724 106 45 fidem
714 724 117 45 vocati
797 724 70 45 ad
832 724 152 45 justitiam
949 724 59 45 &
961 724 70 45 san-

209 760 213 47 ctificationem
371 760 175 47 pervenerunt.

253 782 163 53 Similiter
379 782 175 53 Hieronymus
516 782 88 53 Ib.
566 782 63 53 2
591 782 150 53 adversus
691 782 163 53 Jovinianum.

248 805 184 63 Angustinus
393 805 171 63 epistolam
524 805 211 63 quadragesima
695 805 132 63 octava
788 805 105 63 hunc
853 805 118 63 locum
919 805 145 63 explicans

213 849 120 55 dicit,
297 849 144 55 Christum
405 849 96 55 esse
465 849 204 55 propitiatorem
634 849 168 55 peccatorum
766 849 168 55 nostrorum,
898 849 84 55 nec
934 849 96 55 tantum

210 892 174 46 nostrorum,
347 892 87 46 sed
396 892 125 46 totius
484 892 125 46 mundi,
571 892 137 46 propter
670 892 149 46 triticum
782 892 100 46 quod
845 892 87 46 est
894 892 87 46 per
932 892 87 46 totum

209 919 150 50 mundum.
318 919 82 50 Et
359 919 163 50 Tractatu
481 919 285 50 octogesimoseptimo
726 919 82 50 in
767 919 177 50 Johannem:
889 919 136 50 Universa

216 953 139 45 Ecclesia
320 953 139 45 (inquit)
424 953 104 45 Mundi
494 953 116 45 nomine
575 953 150 45 plerunque
690 953 173 45 appellatur,
829 953 104 45 sicut
898 953 81 45 est
933 953 92 45 illude

214 992 94 43 Deus
273 992 94 43 erat
332 992 71 43 in
367 992 153 43 Christco,
485 992 129 43 mundum)
579 992 71 43 ec
614 992 153 43 incitians
731 992 106 43 sibi:
802 992 129 43 Itemque
896 992 118 43 illud:
966 992 59 43 Non

207 1017 118 49 venit
285 1017 131 49 Filius
377 1017 144 49 hominis
482 1017 78 49 ut
521 1017 144 49 judicet
626 1017 144 49 mundum,
730 1017 92 49 sed
782 1017 78 49 ut
822 1017 157 49 salvetur
926 1017 105 49 mundus

222 1052 87 51 ter
271 1052 124 51 ipsum.
358 1052 75 51 Et
395 1052 75 51 in
433 1052 149 51 epistola
545 1052 87 51 sua
594 1052 149 51 Iohannes
706 1052 99 51 ait:
768 1052 161 51 Advocatum
892 1052 137 51 habemus
979 1052 50 51 a-

218 1087 85 45 pud
266 1087 122 45 Patrem
352 1087 109 45 Iesum
424 1087 146 45 Christum
534 1087 61 45 :
558 1087 122 45 ustum,
643 1087 61 45 &
668 1087 97 45 ipse
728 1087 85 45 est
777 1087 182 45 propitiatio
911 1087 109 45 peccato

216 1121 88 50 rum
267 1121 176 50 nostrorum:
405 1121 88 50 nec
456 1121 164 50 nostrorum
582 1121 139 50 tantum,
682 1121 88 50 sed
733 1121 126 50 totius
821 1121 126 50 mundi.
909 1121 113 50 Totus
972 1121 63 50 er-

225 1152 76 54 go
263 1152 127 54 mundus
352 1152 152 54 Ecclesia
466 1152 101 54 est:
529 1152 63 54 &
554 1152 114 54 totus
630 1152 127 54 mundus
719 1152 202 54 perditionis,
883 1152 101 54 odit
934 1152 101 54 mundum

213 1188 199 46 redemtionis.
374 1188 100 46 Haec
437 1188 187 46 Augustinus.
586 1188 162 46 Similiter
711 1188 112 46 autor
785 1188 75 46 de
823 1188 162 46 vocatione
935 1188 87 46 genti

216 1220 86 47 tum
265 1220 147 47 Operibus
375 1220 147 47 Ambrosij
486 1220 160 47 adjunctus
609 1220 98 47 lib.
670 1220 74 47 2.
707 1220 98 47 cap.
768 1220 110 47 primo
842 1220 123 47 dictum
928 1220 86 47 hoc
965 1220 61 47 Jo-

206 1259 128 42 hannis
296 1259 77 42 de
334 1259 153 42 fidelium
449 1259 192 42 plenitudine
602 1259 153 42 exponit,
717 1259 128 42 quorum
807 1259 166 42 specialis
922 1259 115 42 quaedam

215 1287 147 46 censetur
325 1287 183 46 universitas
472 1287 73 46 ut
508 1287 73 46 de
545 1287 98 46 toto
606 1287 110 46 mundo
679 1287 110 46 totus
753 1287 122 46 mundus
838 1287 171 46 liberatus,
973 1287 61 46 &
985 1287 49 46 de

213 1328 141 51 omnibus
316 1328 167 51 hominibus
444 1328 116 51 omnes
522 1328 141 51 homines
624 1328 167 51 videantur
753 1328 154 51 assumti,
856 1328 64 51 &c.

260 1366 85 39 Hoc
308 1366 121 39 igitur
393 1366 85 39 est
442 1366 170 39 propositum
576 1366 158 39 Apostoli,
697 1366 85 39 cum
746 1366 85 39 quo
794 1366 121 39 pugnat
879 1366 97 39 illa
928 1366 109 39 senten-

219 1401 99 42 tia,
281 1401 74 42 si
318 1401 87 42 per
367 1401 112 42 totum
442 1401 124 42 mundum
529 1401 112 42 etiam
603 1401 174 42 intelligas
739 1401 174 42 incredulos
876 1401 62 42 &
888 1401 124 42 damnatos

244 1430 92 44 II.
297 1430 79 44 Si
336 1430 92 44 per
389 1430 119 44 totum
468 1430 132 44 mundum
560 1430 184 44 intelligas
705 1430 92 44 hoc
757 1430 105 44 loco
823 1430 171 44 promiscue
942 1430 92 44 omnes

215 1464 143 44 homines
319 1464 169 44 credentes
449 1464 65 44 &
475 1464 169 44 damnatos;
605 1464 195 44 enervabitur
761 1464 182 44 consolatio
891 1464 130 44 Apostola

205 1498 95 43 Nam
260 1498 82 43 ex
301 1498 82 43 eo
341 1498 149 43 solidam
450 1498 68 43 &
477 1498 136 43 firmam
572 1498 231 43 consolationem
762 1498 82 43 ad
803 1498 163 43 pacandum
912 1498 122 43 consci-

212 1532 130 42 entiam
303 1532 168 42 credentes
432 1532 155 42 nequeunt
549 1532 181 42 percipere,
691 1532 104 42 quod
756 1532 117 42 ipsis
834 1532 142 42 commune
937 1532 91 42 est
976 1532 65 42 cum

209 1564 165 45 incredulis
339 1564 59 45 &
362 1564 153 45 damnatis.
480 1564 71 45 At
515 1564 82 45 (ut
562 1564 94 45 isti
621 1564 153 45 sentiunt)
739 1564 177 45 propitiatio
880 1564 82 45 pro
915 1564 118 45 peccatis

216 1606 87 37 est
265 1606 187 37 credentibus
415 1606 150 37 communis
528 1606 87 37 cum
578 1606 175 37 incredulis
715 1606 62 37 &
740 1606 162 37 damnatis:
865 1606 125 37 Itaque
952 1606 75 37 ex
977 1606 50 37 et

208 1638 150 40 solidam
318 1638 68 40 &
345 1638 137 40 firmam
441 1638 232 40 consolationem
632 1638 82 40 ad
673 1638 164 40 pacandam
796 1638 219 40 conscientiam
960 1638 68 40 ne-

226 1666 124 52 queunt
312 1666 173 52 percipere.
448 1666 99 52 Cur?
510 1666 99 52 Quia
572 1666 87 52 sic
621 1666 173 52 propositio
758 1666 173 52 Syllogismi
881 1666 161 52 Apostolici:

214 1696 183 57 particularis
362 1696 115 57 feret.
443 1696 160 57 Propositio
569 1696 92 57 haec
614 1696 69 57 est:

275 1741 82 44 Pro
322 1741 118 44 querum
405 1741 141 44 peccatis
511 1741 176 44 propitiatio
652 1741 82 44 est
699 1741 153 44 Christus,
816 1741 106 44 eorum
887 1741 106 44 nulli
946 1741 94 44 debent

221 1772 182 59 desperare.
364 1772 91 59 Jam
416 1772 143 59 quomodo
519 1772 143 59 solidam
623 1772 220 59 consolationem
805 1772 78 59 ad
843 1772 156 59 pacandam
947 1772 78 59 con-

226 1810 155 40 icientiam
345 1810 95 40 inde
405 1810 131 40 hauriet
500 1810 71 40 is
536 1810 155 40 peccator,
655 1810 83 40 qui
702 1810 119 40 audit,
786 1810 107 40 etiam
857 1810 83 40 pro
893 1810 131 40 incredulo

221 1835 96 47 tum
276 1835 69 47 &
304 1835 192 47 damnatorum
454 1835 165 47 peccatis
578 1835 247 47 propitiationem
783 1835 110 47 esse
852 1835 178 47 Christam?
975 1835 69 47 imo

222 1875 83 49 pro
269 1875 142 49 peccatis
376 1875 106 49 Judae
446 1875 177 49 proditoris,
588 1875 201 49 Achitophelis,
753 1875 130 49 Saulis,
847 1875 106 49 Caini
918 1875 59 49 &
930 1875 106 49 aliorum

217 1913 80 48 qui
251 1913 172 48 desperatunt.:

264 1940 103 41 III.
329 1940 103 41 Quia
393 1940 103 41 hanc
458 1940 219 41 consolationem
638 1940 77 41 ex
677 1940 116 41 morte
754 1940 142 41 Christi
857 1940 168 41 Apostolus
974 1940 64 41 ap-

220 1971 114 52 plicat
299 1971 137 52 filiolis
402 1971 103 52 suis,
470 1971 80 52 hoc
516 1971 91 52 est,
573 1971 171 52 credentibus
710 1971 80 52 per
755 1971 160 52 Evangelium
880 1971 125 52 Christi
960 1971 80 52 rege-

213 2009 114 49 nitis,
292 2009 80 49 Sic
338 2009 114 49 igitur
407 2009 148 49 colligimus:

284 2038 119 53 Quibus
367 2038 142 53 applicat
474 2038 142 53 Iohannes
581 2038 202 53 consolationem
747 2038 71 53 ex
782 2038 107 53 morte
853 2038 142 53 Christi,
960 2038 71 53 ij
984 2038 59 53 per

218 2083 117 40 totum
296 2083 130 40 mundum
387 2083 91 40 hoc
439 2083 104 40 loco
490 2083 208 40 intelliguntur:

262 2114 99 43 Solis
328 2114 131 43 filiolis
426 2114 99 43 suis,
492 2114 77 43 hoc
536 2114 88 43 est,
591 2114 164 43 credentibus
722 2114 77 43 per
766 2114 153 43 Evangelium
887 2114 121 43 Christi
963 2114 77 43 rege-

228 2141 105 52 nitis
298 2141 140 52 applicat
403 2141 140 52 Iohannes
508 2141 198 52 consolationem
671 2141 70 52 ex
706 2141 105 52 morte
764 2141 117 52 Christi.

259 2158 92 67 Soli
317 2158 115 67 igitur
398 2158 127 67 ficioli
490 2158 127 67 ipsius,
582 2158 81 67 hoc
629 2158 92 67 est,
686 2158 150 67 credentes
802 2158 81 67 per
848 2158 162 67 Evangelium
963 2158 104 67 Christi

230 2215 143 42 regeniti
337 2215 83 42 per
385 2215 107 42 totum
456 2215 119 42 mundum
539 2215 83 42 hoc
587 2215 95 42 loco
646 2215 214 42 intelliguntur.

253 2245 169 46 Damnatis
380 2245 127 46 autem
464 2245 240 46 consolationem
662 2245 113 46 hanc
732 2245 183 46 nequaquam
859 2245 169 46 accommodat

224 2282 102 44 quos
288 2282 154 44 filiorum
403 2282 128 44 suorum
493 2282 128 44 nomine
583 2282 90 44 non
634 2282 90 44 est
685 2282 166 44 dignatus.
813 2282 166 44 Beneficia
929 2282 102 44 redem.

226 2325 122 37 tionis
311 2325 159 37 pertinent
434 2325 73 37 ad
471 2325 110 37 solos
544 2325 147 37 redemtos
654 2325 61 37 &
679 2325 171 37 credentes:
814 2325 122 37 Itaque
899 2325 110 37 etiam
961 2325 73 37 con-

218 2347 129 39 solatio
312 2347 70 39 ex
347 2347 106 39 morte
418 2347 129 39 Christi
512 2347 70 39 ad
547 2347 82 39 eos
594 2347 106 39 solos
664 2347 153 39 pertinet.
782 2347 70 39 Ad
817 2347 200 39 impoenitentes
969 2347 59 39 au-

223 2388 80 41 tem
268 2388 57 41 &
291 2388 160 41 incredulos
417 2388 80 41 non
463 2388 138 41 pertinet
566 2388 160 41 consolatio
693 2388 103 41 haec,
761 2388 80 41 sed
807 2388 115 41 potius
887 2388 92 41 irae
945 2388 80 41 Dei
979 2388 46 41 de

223 2420 173 35 nunciatio.
358 2420 210 35 Impoenitentes
531 2420 62 35 &
556 2420 160 35 increduli
679 2420 86 35 non
729 2420 99 35 sunt
790 2420 185 35 consolandi,
939 2420 86 35 sed
976 2420 49 35 de

234 2451 165 35 nunciatione
366 2451 88 35 irae
421 2451 77 35 Dei
464 2451 143 35 terrendi,
574 2451 66 35 ut
607 2451 154 35 perterriti
728 2451 121 35 peccata
816 2451 77 35 sua
859 2451 154 35 agnoscant,
969 2451 55 35 res

231 2486 158 45 sipiscant
353 2486 61 45 &
377 2486 134 45 credant
474 2486 73 45 in
511 2486 158 45 Christum:
633 2486 73 45 ac
669 2486 85 45 tum
718 2486 110 45 demum
791 2486 110 45 locum
864 2486 134 45 reperit
949 2486 73 45 con

229 2516 95 35 solatio-

284 2541 88 46 IV.
335 2541 100 46 Quia
397 2541 125 46 quorum
485 2541 163 46 advocatus
610 2541 88 46 est
660 2541 150 46 Christus
773 2541 100 46 apud
836 2541 138 46 Patrem,
936 2541 88 46 pro
973 2541 63 46 eo-

236 2588 89 32 rum
287 2588 114 32 etiam
363 2588 152 32 peccatis
477 2588 89 32 est
528 2588 203 32 propitiatio:
692 2588 114 32 Atqui
768 2588 177 32 damnatorum
895 2588 139 32 advocatus

242 2619 146 46 Christus
352 2619 98 46 apud
412 2619 122 46 Patrem
498 2619 85 46 non
547 2619 98 46 est,
607 2619 122 46 Johan.
693 2619 85 46 17.
742 2619 85 46 Non
790 2619 85 46 oro
839 2619 85 46 pro
888 2619 122 46 mundo:
961 2619 73 46 Ergo

249 2646 80 45 pro
294 2646 160 45 damnatorum
420 2646 137 45 peccatis
523 2646 80 45 non
569 2646 80 45 est
603 2646 160 45 propitiatio.

308 2677 166 53 Propositio
439 2677 95 53 vera
498 2677 95 53 est:
557 2677 95 53 quia
617 2677 71 53 ad
652 2677 119 53 eundem
735 2677 119 53 scopum
818 2677 59 53 &
842 2677 107 53 finem
913 2677 131 53 dirigit
997 2677 47 53 A-

246 2710 147 63 postolus
356 2710 147 63 utrumque
467 2710 209 63 consolationis
639 2710 184 63 argumentum:
786 2710 74 63 ad
823 2710 98 63 quos
884 2710 123 63 igitur
958 2710 86 63 prius

254 2740 144 47 pertinet,
365 2740 66 47 ad
398 2740 111 47 eosdem
475 2740 133 47 pertinet
575 2740 55 47 &
586 2740 133 47 posterius.

282 2777 75 58 V.
319 2777 99 58 Quia
381 2777 124 58 quorum
468 2777 87 58 non
518 2777 149 58 dignatur
630 2777 99 58 esse
692 2777 162 58 advocatus
816 2777 149 58 Christus
928 2777 99 58 apud
978 2777 62 58 Pa-

251 2808 108 66 trem,
323 2808 84 66 pro
371 2808 108 66 eorum
444 2808 145 66 peccatis
552 2808 108 66 multo
624 2808 108 66 minus
697 2808 84 66 est
745 2808 120 66 factus
829 2808 133 66 victima
913 2808 133 66 propitia

237 2847 92 39 toria.

285 2884 86 46 Sed
334 2884 173 46 damnatorum
470 2884 86 46 non
519 2884 148 46 dignatur
630 2884 99 46 esse
692 2884 160 46 advocatus
815 2884 148 46 Christus
926 2884 99 46 apud
975 2884 62 46 Pa-

248 2908 106 62 trem:
319 2908 94 62 Ergo
377 2908 106 62 multo
448 2908 106 62 minus
518 2908 117 62 factus
600 2908 82 62 est
647 2908 199 62 propitiatoria
811 2908 129 62 victima
905 2908 82 62 pro
940 2908 106 62 ipsorum

253 2947 145 46 peccatis.
364 2947 156 46 Propositio
487 2947 78 46 est
531 2947 100 46 vera:
598 2947 89 46 quia
654 2947 100 46 minus
720 2947 78 46 est
765 2947 78 46 pro
809 2947 89 46 alio
865 2947 111 46 orare,
943 2947 89 46 quam
987 2947 56 46 mo-

250 2983 83 45 ri:
298 2983 71 45 si
333 2983 119 45 igitur
416 2983 143 45 Christus
523 2983 83 45 pro
571 2983 143 45 damnatis
678 2983 119 45 noluit
761 2983 119 45 orare;
844 2983 107 45 multo
915 2983 107 45 minus
975 2983 71 45 pro-

252 3008 99 64 ipsis
318 3008 110 64 voluit
395 3008 99 64 moti.
462 3008 77 64 Imo
506 3008 66 64 si
539 3008 77 64 pro
583 3008 99 64 ipsis
649 3008 121 64 mortuus
737 3008 110 64 esset,
814 3008 132 64 pugnaret
914 3008 88 64 mors
958 3008 88 64 ipsius

259 3043 76 56 cum
303 3043 185 56 intercessione
455 3043 76 56 seu
499 3043 152 56 precatione
618 3043 76 56 pro
651 3043 87 56 ipsis.

302 3084 85 63 VI.
351 3084 97 63 Quia
411 3084 73 63 ro
448 3084 122 63 quibus
533 3084 110 63 vetat
606 3084 146 63 Iohannes
716 3084 134 63 rogare,
814 3084 85 63 pro
862 3084 110 63 eorum
923 3084 122 63 peccatis

253 3115 129 51 Chrisius
350 3115 75 51 non
393 3115 75 51 est
425 3115 150 51 propitiatio:

277 3157 81 45 Pro
324 3157 173 45 peccantios:
462 3157 69 45 ad
496 3157 115 45 mortem
577 3157 104 45 vetat
646 3157 138 45 Iohannes
750 3157 127 45 rogare.
842 3157 58 45 1
865 3157 92 45 Joh.
923 3157 69 45 5.
957 3157 69 45 v.
980 3157 58 45 16.

250 3181 69 59 ci
285 3181 93 59 quis
343 3181 127 59 viderit
436 3181 127 59 fiatrem
528 3181 93 59 suum
586 3181 127 59 peccare
678 3181 127 59 peccato
771 3181 93 59 quod
829 3181 81 59 non
875 3181 81 59 est
921 3181 69 59 ad
944 3181 93 59 mortem

246 3224 104 58 Fciet
316 3224 69 58 &t
350 3224 104 58 dabit
420 3224 69 58 ei
455 3224 127 58 ciinin:
547 3224 173 58 peccautibus
686 3224 104 58 ilice
755 3224 81 58 non
801 3224 150 58 admortem.
917 3224 81 58 Est
952 3224 92 58 peccu

1025 156 63 68 A
1051 156 113 68 catum
1126 156 75 68 ad
1164 156 138 68 mortem:
1264 156 88 68 non
1314 156 88 68 pro
1364 156 100 68 illo
1427 156 100 68 dico
1490 156 75 68 ut
1527 156 126 68 roges.
1615 156 100 68 Ergo
1678 156 88 68 pro
1728 156 176 68 peccantium
1854 156 50 68 ad

1064 206 117 41 mortem
1146 206 140 41 peccatis
1251 206 140 41 Christus
1356 206 82 41 non
1403 206 82 41 est
1449 206 175 41 propitiatio

1098 231 174 47 Propositio
1234 231 87 47 est
1284 231 124 47 certa:
1371 231 87 47 Nam
1421 231 75 47 si
1458 231 211 47 consolationem
1632 231 75 47 ex
1669 231 112 47 morte
1744 231 137 47 Christi
1831 231 62 47 ad-

1070 276 142 42 aptaret
1174 276 155 42 Johannes
1290 276 116 42 etiam
1368 276 155 42 damnatis
1484 276 91 42 seu
1536 276 78 42 ad
1575 276 129 42 mortem
1665 276 207 42 peccantibus,
1820 276 78 42 quo-

1060 305 99 49 modo
1121 305 136 49 vetaret
1220 305 87 49 pro
1270 305 124 49 iisdem
1344 305 99 49 orare.

1107 343 93 43 VII.
1165 343 93 43 Quia
1223 343 69 43 si
1258 343 139 43 Christus
1362 343 104 43 esset
1431 343 174 43 propitiatio
1570 343 81 43 pro
1616 343 139 43 peccatis
1720 343 116 43 eorum,
1801 343 81 43 qui
1836 343 58 43 ta-

1069 373 99 38 men
1125 373 197 38 damnantur:
1280 373 183 38 potentius
1421 373 127 38 esset
1506 373 169 38 peccatum
1632 373 85 38 ad
1675 373 197 38 damnandum,
1815 373 85 38 quam

1059 407 124 44 gratia
1146 407 224 44 propitiationis
1332 407 75 44 ad
1369 407 174 44 salvandum:
1506 407 75 44 At
1543 407 161 44 posterius
1667 407 87 44 est
1704 407 199 44 absurdissimum:

1067 444 102 41 Ergo
1131 444 63 41 &
1143 444 102 41 prius.

1086 465 112 50 VIII.
1160 465 99 50 Quia
1222 465 74 50 si
1259 465 87 50 per
1309 465 112 50 totum
1384 465 124 50 mundum
1470 465 236 50 intelligerentur
1669 465 87 50 hoc
1719 465 99 50 loco
1768 465 137 50 promiscue

1069 508 117 40 omnes
1147 508 156 40 homines,
1264 508 169 40 credentes
1393 508 65 40 &
1419 508 182 40 increduli:
1562 508 156 40 pugnaret
1679 508 117 40 secum
1743 508 156 40 Apostolus.

1065 553 86 33 qui
1114 553 74 33 I.
1151 553 98 33 Joh.
1212 553 74 33 5.
1249 553 74 33 v.
1286 553 86 33 19.
1335 553 98 33 ait,
1396 553 123 33 mundum
1482 553 110 33 totum
1555 553 74 33 in
1592 553 98 33 malo
1653 553 135 33 jacere.
1752 553 86 33 Num
1801 553 98 33 enim
1850 553 61 33 et-

1064 577 88 41 iam
1115 577 164 41 credentes
1241 577 126 41 jacent
1329 577 76 41 in
1367 577 114 41 malo?
1443 577 88 41 imo
1494 577 88 41 num
1544 577 101 41 illi
1607 577 76 41 in
1645 577 101 41 malo
1708 577 139 41 jacent,
1809 577 88 41 qui
1847 577 63 41 per

1070 616 228 34 propitiatoriam
1260 616 152 34 victimam
1374 616 152 34 Christum
1488 616 63 34 a
1513 616 152 34 peccatis
1627 616 63 34 &
1652 616 101 34 malo
1715 616 101 34 sunt
1766 616 139 34 liberati:

1066 645 101 43 Item
1130 645 139 43 Apocal.
1231 645 89 43 16.
1282 645 76 43 v.
1320 645 89 43 14.
1371 645 127 43 totius
1459 645 114 43 mundi
1535 645 114 43 Reges
1611 645 152 43 dicuntur
1726 645 177 43 congregari
1852 645 51 43 ab

1067 678 125 41 impuris
1158 678 159 41 spiritibus
1283 678 68 41 ad
1317 678 148 41 praelium:
1431 678 57 41 &
1453 678 91 41 cap.
1510 678 80 41 13.
1556 678 68 41 v.
1590 678 68 41 3.
1624 678 91 41 tota
1681 678 102 41 terra
1749 678 125 41 dicitur
1829 678 68 41 sequ

1068 710 155 41 bestiam.
1185 710 91 41 Num
1236 710 104 41 enim
1301 710 91 41 hic
1353 710 117 41 etiam
1431 710 168 41 promiscue
1560 710 168 41 credentes
1690 710 65 41 &
1716 710 142 41 damnati
1819 710 117 41 sunt,

1065 745 210 42 intelligendi?
1237 745 111 42 Apoc.
1312 745 86 42 12.
1361 745 74 42 v.
1398 745 74 42 9.
1435 745 136 42 Satanas
1534 745 136 42 seducit
1632 745 111 42 totum
1707 745 148 42 terrarum
1805 745 99 42 orbem.

1121 784 85 40 IX.
1169 784 97 40 Quia
1230 784 85 40 pro
1278 784 109 40 eorum
1351 784 145 40 peccatis
1460 784 145 40 Christus
1568 784 85 40 est
1617 784 194 40 propitiatio,
1774 784 85 40 qui
1810 784 97 40 habent

1077 805 124 47 fidem:
1163 805 111 47 teste
1237 805 111 47 Paulo
1312 805 99 47 Rom.
1373 805 74 47 3.
1410 805 99 47 vers
1472 805 87 47 25.
1522 805 87 47 ubi
1571 805 87 47 ait
1621 805 99 47 quod
1682 805 148 47 Christum
1781 805 124 47 proposum

1073 850 105 39 Deus
1138 850 196 39 placamentum
1295 850 91 39 seu
1347 850 235 39 propitiationem
1543 850 91 39 per
1595 850 118 39 fidem
1674 850 91 39 (in
1726 850 131 39 Graeco
1804 850 105 39 textu-

1069 882 96 48 sunt
1129 882 168 48 Conjugata.
1261 882 96 48 Rom.
1321 882 72 48 3.
1357 882 168 48 1.
1488 882 72 48 1.
1524 882 120 48 Johan.
1608 882 72 48 2.
1644 882 72 48 v.
1680 882 72 48 2,
1704 882 108 48 o

1103 914 80 46 At
1143 914 147 46 damnati
1250 914 94 46 non
1304 914 134 46 habent
1384 914 94 46 fidem

1094 948 89 54 Pro
1145 948 178 54 damnatorum
1285 948 127 54 igitur
1373 948 152 54 peccatis
1488 948 152 54 Christus
1602 948 89 54 non
1653 948 89 54 est
1703 948 127 54 factus
1779 948 102 54 propi

1059 980 89 45 tiatio

1121 1012 74 45 X.
1158 1012 99 45 Quia
1219 1012 74 45 si
1256 1012 210 45 adversariorum
1429 1012 173 45 explicatio
1565 1012 111 45 esset
1639 1012 111 45 vera,
1713 1012 197 45 everterentur
1861 1012 49 45 A-

1079 1051 138 40 postoli
1180 1051 175 40 sententiae
1317 1051 125 40 plures
1405 1051 75 40 in
1443 1051 88 40 hac
1493 1051 113 40 eadem
1568 1051 163 40 epistola.
1693 1051 88 40 Nam
1743 1051 113 40 primo
1806 1051 100 40 capite

1071 1091 104 32 vers.
1141 1091 70 32 7.
1176 1091 139 32 purgatio
1280 1091 58 32 a
1304 1091 139 32 peccatis
1408 1091 81 32 per
1454 1091 151 32 sanguinem
1570 1091 128 32 Christi
1663 1091 174 32 attribuitur
1803 1091 81 32 iis
1837 1091 70 32 tan-

1069 1121 102 33 tum
1128 1121 102 33 qui
1186 1121 87 33 in
1229 1121 116 33 luce
1302 1121 174 33 incedunt
1432 1121 73 33 &
1461 1121 218 33 communionem
1635 1121 145 33 habent
1737 1121 102 33 cum
1795 1121 102 33 Deo
1838 1121 73 33 mu-

1085 1152 114 40 quam,
1161 1152 140 40 quomodo
1263 1152 127 40 igitur
1352 1152 127 40 eandem
1441 1152 190 40 purgationem
1593 1152 190 40 attribueret
1746 1152 76 40 in
1771 1152 127 40 secundi.

1086 1185 126 38 capite
1174 1185 88 38 iis
1225 1185 88 38 qui
1275 1185 75 38 in
1313 1185 151 38 tenebris
1426 1185 151 38 incedunt
1539 1185 63 38 &
1564 1185 188 38 communionem
1715 1185 88 38 cum
1765 1185 75 38 eo
1803 1185 88 38 non
1840 1185 63 38 ha-

1075 1218 102 45 bent?
1143 1218 170 45 Everteretur
1278 1218 147 45 sententia
1391 1218 90 45 quae
1448 1218 113 45 exstat
1527 1218 68 45 1,
1561 1218 113 45 Johan.
1640 1218 68 45 4.
1674 1218 102 45 vers.
1741 1218 79 45 10.
1787 1218 68 45 In
1821 1218 79 45 hoc
1854 1218 57 45 est

1071 1251 156 44 charitas,
1191 1251 84 44 non
1239 1251 96 44 quod
1300 1251 84 44 nos
1348 1251 180 44 dilexerimus
1492 1251 108 44 Deum,
1564 1251 84 44 sed
1612 1251 96 44 quod
1672 1251 96 44 ipse
1733 1251 156 44 dilexerit
1841 1251 72 44 nos,

1076 1285 60 37 &
1100 1285 131 37 miserit
1195 1285 119 37 Filium
1279 1285 95 37 suum
1338 1285 71 37 ut
1374 1285 107 37 esset
1445 1285 179 37 propitiatio
1588 1285 83 37 pro
1636 1285 143 37 peccatis
1743 1285 143 37 nostris.
1839 1285 71 37 Hinc

1071 1319 78 46 ita
1104 1319 112 46 colligo-

1110 1354 98 46 Quos
1171 1354 98 46 Deus
1232 1354 147 46 dilexit,
1342 1354 110 46 eorum
1416 1354 110 46 causa
1489 1354 110 46 misit
1563 1354 122 46 Filium
1649 1354 73 46 ut
1685 1354 110 46 esset
1759 1354 184 46 propitiatio

1108 1389 140 42 ipsorum
1197 1389 140 42 peccatis:

1116 1420 73 43 At
1152 1420 110 43 solos
1226 1420 159 43 credentes
1348 1420 73 43 in
1385 1420 110 43 Iesum
1458 1420 147 43 Christum
1569 1420 98 43 Deus
1618 1420 122 43 dilexit:

1112 1453 101 41 Ergo
1175 1453 139 41 solorum
1276 1453 176 41 credentium
1415 1453 113 41 causa
1490 1453 113 41 misit
1566 1453 126 41 Filium
1654 1453 76 41 ut
1692 1453 113 41 esset
1755 1453 164 41 propitiatio

1034 1484 63 48 E
1060 1484 88 48 pro
1110 1484 138 48 ipsorum
1198 1484 125 48 peccatis

1110 1516 83 48 XI.
1158 1516 95 48 Ipse
1217 1516 143 48 Johannes
1325 1516 155 48 Apostolus
1444 1516 72 48 in
1480 1516 83 48 hac
1527 1516 143 48 epistola
1635 1516 83 48 cap
1682 1516 72 48 4.
1718 1516 107 48 vers.
1790 1516 83 48 24.
1826 1516 83 48 opti-

1077 1556 88 40 mus
1128 1556 88 40 est
1178 1556 88 40 sui
1228 1556 176 40 interpres.
1367 1556 88 40 Nam
1417 1556 101 40 quod
1480 1556 113 40 versu
1555 1556 88 40 10.
1605 1556 151 40 dixerat,
1718 1556 126 40 Patrem
1794 1556 113 40 misisse

1089 1589 114 41 Selium
1168 1589 91 41 suum
1225 1589 68 41 ut
1260 1589 103 41 esset
1328 1589 171 41 propitiatio
1465 1589 80 41 pro
1510 1589 125 41 nostris
1601 1589 148 41 peccatis:
1715 1589 68 41 id
1749 1589 103 41 vers.
1818 1589 80 41 14.
1852 1589 57 41 sic

1073 1625 158 38 explicat,
1194 1625 122 38 Patrem
1279 1625 134 38 misisse
1377 1625 134 38 Filium,
1474 1625 85 38 qui
1523 1625 109 38 esset
1596 1625 146 38 Servator
1693 1625 97 38 mundi.

1133 1653 105 43 XII.
1199 1653 92 43 Qui
1251 1653 92 43 non
1304 1653 197 43 exaudiuntur
1462 1653 66 43 a
1488 1653 105 43 Deo,
1554 1653 92 43 pro
1606 1653 118 43 eorum
1685 1653 158 43 peccatis
1790 1653 132 43 Christus

1144 1688 64 46 st
1166 1688 150 46 propitiatio:

1074 1691 68 39 none

1141 1717 174 39 Peccatores
1277 1717 212 39 impoenitentes
1452 1717 87 39 non
1502 1717 187 39 exaudiuntur
1651 1717 62 39 a
1663 1717 75 39 Deo.

1136 1753 103 53 Ergo
1200 1753 90 53 pro
1252 1753 180 53 peccatorum
1393 1753 231 53 impoenitentium
1585 1753 154 53 peccatis
1701 1753 154 53 Christus
1816 1753 90 53 non
1855 1753 64 53 est

1067 1790 168 48 propitiatio:

1141 1823 112 50 XIII.
1215 1823 87 50 Pro
1265 1823 124 50 quibus
1352 1823 149 50 Christus
1464 1823 137 50 effudit
1563 1823 162 50 sanguinem
1687 1823 99 50 suum
1749 1823 75 50 in
1774 1823 137 50 remissio-

1136 1860 176 39 peccatorum,
1277 1860 82 39 pro
1324 1860 106 39 eorum
1394 1860 141 39 peccatis
1500 1860 117 39 factus
1582 1860 82 39 est
1617 1860 164 39 propitiatio:

1070 1860 72 37 nem

1137 1886 106 50 Atqui
1208 1886 83 50 pro
1255 1886 106 50 solis
1326 1886 177 50 credentibus
1468 1886 153 50 ubicunque
1586 1886 94 50 sint
1645 1886 71 50 in
1680 1886 94 50 toto
1727 1886 189 50 mundoChristus.

1076 1925 144 44 effudit
1180 1925 170 44 sanguinem
1311 1925 104 44 suum
1376 1925 78 44 in
1416 1925 196 44 remissionem
1559 1925 170 44 peccatorum:

1134 1951 96 49 Ergo
1194 1951 84 49 pro
1242 1951 132 49 solorum
1338 1951 168 49 credentium
1469 1951 144 49 peccatis
1577 1951 156 49 ubicunque
1697 1951 96 49 sint
1756 1951 72 49 in
1792 1951 96 49 toto
1840 1951 72 49 mun-

1085 1985 62 50 do
1116 1985 103 50 factus
1188 1985 72 50 est
1229 1985 165 50 propitiatio.

1105 2013 173 53 Propositio
1240 2013 86 53 est
1290 2013 123 53 certa:
1376 2013 86 53 nam
1426 2013 160 53 Scriptura
1549 2013 123 53 eundem
1635 2013 111 53 finem
1710 2013 160 53 passionis
1821 2013 86 53 Chri-

1071 2052 89 51 sti
1122 2052 89 51 his
1173 2052 179 51 sententiis
1314 2052 166 51 proponit,
1442 2052 153 51 Christum
1557 2052 166 51 effudisse
1685 2052 166 51 sanguinem
1813 2052 102 51 suum
1864 2052 51 51 in

1084 2094 195 37 remissionem
1240 2094 182 37 peccatorum
1383 2094 182 37 nostrorum:
1526 2094 65 37 &
1552 2094 91 37 Chr
1604 2094 104 37 stum
1669 2094 104 37 esse
1734 2094 208 37 propitiatio

1083 2128 83 39 nem
1131 2128 83 39 pro
1178 2128 143 39 peccatis
1285 2128 143 39 nostris.
1392 2128 143 39 Assumtio
1500 2128 83 39 est
1547 2128 119 39 certa.
1630 2128 83 39 Sic
1678 2128 95 39 enim
1737 2128 143 39 testatur
1833 2128 71 39 Apo-

1083 2159 116 42 stolus
1164 2159 116 42 Paulus
1245 2159 93 42 Gal.
1303 2159 69 42 3.
1338 2159 69 42 v.
1373 2159 81 42 22.
1419 2159 150 42 Conclusit
1534 2159 150 42 Scriptura
1650 2159 104 42 omnia
1719 2159 81 42 sub
1766 2159 139 42 peccato,
1870 2159 69 42 ut

1081 2195 184 37 PROMISSIO
1223 2195 85 37 ex
1265 2195 113 37 fide
1336 2195 113 37 Iesu
1407 2195 156 37 Christi
1520 2195 156 37 daretur
1634 2195 227 37 CREDENTIBUS.
1818 2195 85 37 Et
1846 2195 71 37 Pe-

1086 2228 96 42 trus
1146 2228 119 42 Actor.
1229 2228 84 42 10.
1277 2228 72 42 v.
1313 2228 84 42 43.
1361 2228 96 42 Huic
1420 2228 179 42 testimonium
1564 2228 96 42 dant
1623 2228 107 42 omnes
1695 2228 167 42 Prophetae,
1814 2228 96 42 remis-

1085 2261 141 53 sionem
1184 2261 198 53 peccatorum
1339 2261 198 53 accepturum
1495 2261 99 53 per
1551 2261 127 53 nomen
1636 2261 113 53 ejus
1707 2261 127 53 OMNEM
1792 2261 99 53 Qui
1834 2261 85 53 CRE-

1082 2299 111 36 DIT
1130 2299 126 36 INEUM.

1112 2325 96 42 XIV
1167 2325 109 42 Quia
1235 2325 164 42 communio
1359 2325 219 42 beneficiorum
1537 2325 137 42 mortis
1632 2325 151 42 Christi
1742 2325 137 42 tantum
1824 2325 82 42 est.

1077 2356 187 42 sanctorum,
1223 2356 120 42 sicut
1303 2356 187 42 profitemur
1450 2356 80 42 in
1490 2356 160 42 Symbolo:
1610 2356 120 42 Credo
1690 2356 173 42 sanctorum
1809 2356 107 42 commu-

1087 2402 141 33 nionem.
1190 2402 103 33 Quid
1254 2402 128 33 igitur
1344 2402 77 33 in
1383 2402 103 33 hanc
1447 2402 205 33 conimunionem
1614 2402 154 33 conantur
1729 2402 167 33 intrudere
1845 2402 64 33 da-

1084 2428 144 39 mnatos?
1189 2428 105 39 Unde
1254 2428 65 39 &
1280 2428 79 39 D.
1320 2428 157 39 Lutherus
1437 2428 92 39 ait
1490 2428 79 39 in
1529 2428 118 39 parva
1608 2428 183 39 Catechesi,
1752 2428 92 39 Das
1791 2428 131 39 mortifue

1085 2467 114 40 eucui
1161 2467 139 40 forbert
1263 2467 216 40 citelgicubide
1440 2467 139 40 sersen.
1542 2467 89 40 Qui
1592 2467 127 40 igitur
1681 2467 177 40 contendunt
1808 2467 114 40 benefi-

1076 2494 86 46 cia
1125 2494 123 46 mortis
1211 2494 135 46 Christi
1309 2494 98 46 esse
1370 2494 147 46 communia
1480 2494 184 46 credentibus
1628 2494 61 46 &
1652 2494 184 46 incredulis,
1799 2494 74 46 ij
1824 2494 98 46 certe-

1081 2535 139 42 tollunt
1183 2535 164 42 articulum
1309 2535 114 42 fidei
1385 2535 139 42 nostrae
1486 2535 76 42 de
1524 2535 177 42 communione
1650 2535 152 42 sanctorum.

1116 2563 89 48 XV.
1167 2563 115 48 Omnes
1244 2563 204 48 promissiones
1409 2563 165 48 Evangelij
1536 2563 102 48 sunt
1600 2563 216 48 intelligendae
1778 2563 89 48 cum
1816 2563 102 48 condi-

1074 2597 97 45 tione
1128 2597 86 45 fidei:

1107 2630 75 44 At
1144 2630 99 44 haec
1206 2630 112 44 verba
1280 2630 149 44 Iohannis
1392 2630 99 44 sunt
1454 2630 161 44 promissio
1566 2630 149 44 Evangelij:

1113 2663 95 43 Ergo
1173 2663 95 43 sunt
1232 2663 191 43 intelligenda
1388 2663 84 43 cum
1435 2663 167 43 conditione
1555 2663 95 43 fidei.

1126 2693 144 47 Christus
1234 2693 120 47 igitur
1318 2693 84 47 est
1365 2693 180 47 propitiatio
1509 2693 84 47 pro
1557 2693 144 47 peccatis
1665 2693 144 47 cujusque
1760 2693 156 47 peccatoris,

1080 2733 72 40 si
1116 2733 156 40 videlicet
1236 2733 84 40 eum
1284 2733 96 40 fide
1344 2733 156 40 recipiat.
1464 2733 84 40 Nam
1511 2733 72 40 ad
1547 2733 84 40 hoc
1595 2733 84 40 jus
1643 2733 144 40 filiorum
1751 2733 84 40 Dei
1799 2733 108 40 nulli
1859 2733 60 40 pa-

1086 2771 81 39 tet
1133 2771 116 39 aditus
1214 2771 93 39 nisi
1272 2771 139 39 credenti
1377 2771 70 39 in
1412 2771 105 39 Jesum
1481 2771 151 39 Christum,
1598 2771 93 39 Joh.
1656 2771 70 39 1.
1691 2771 105 39 vers.
1760 2771 81 39 12.
1807 2771 139 39 Quotquot

1087 2802 107 36 autem
1158 2802 166 36 exceperunt
1288 2802 95 36 eum,
1348 2802 107 36 dedit
1419 2802 83 36 eis
1466 2802 83 36 hoc
1514 2802 83 36 jus
1561 2802 71 36 ut
1596 2802 107 36 Filij
1667 2802 83 36 Dei
1715 2802 95 36 sint
1774 2802 118 36 facti,
1845 2802 83 36 nempe

1091 2834 80 38 iis
1136 2834 80 38 qui
1182 2834 125 38 credunt
1273 2834 68 38 in
1307 2834 102 38 nomen
1363 2834 80 38 ejus.

1116 2861 102 46 XVI.
1180 2861 102 46 Quia
1244 2861 153 46 remissio
1359 2861 179 46 peccatorum
1500 2861 141 46 nonnisi
1602 2861 102 46 fide
1666 2861 179 46 accipitur,
1807 2861 115 46 sicut
1871 2861 51 46 in

1088 2898 147 42 Symbolo
1194 2898 200 42 profitemur,
1355 2898 120 42 Credo
1435 2898 200 42 remissionem
1595 2898 200 42 peccatorum.
1755 2898 107 42 Ergo
1822 2898 67 42 &
1835 2898 80 42 pro-

1090 2931 136 39 pitiatio
1192 2931 79 39 pro
1237 2931 136 39 peccatis
1339 2931 125 39 nonnisi
1430 2931 91 39 fide
1486 2931 159 39 accipitur.
1611 2931 79 39 Qui
1657 2931 113 39 igitur
1736 2931 136 39 fingunt,
1827 2931 79 39 Chri-

1088 2967 103 34 stum
1152 2967 192 34 remissionem
1306 2967 180 34 peccatorum
1447 2967 141 34 meritum
1550 2967 103 34 esse
1614 2967 90 34 sua
1665 2967 115 34 morte
1742 2967 115 34 etiam
1806 2967 103 34 incre-

1094 3000 124 40 dulis,
1180 3000 74 40 ij
1217 3000 136 40 tollunt
1316 3000 161 40 articulum
1440 3000 148 40 Symboli:
1551 3000 111 40 Credo
1625 3000 185 40 remissionem
1761 3000 161 40 peccatorum.

1119 3032 85 37 Sed
1167 3032 97 37 quid
1228 3032 146 37 pluribus
1337 3032 170 37 argumentis
1471 3032 97 37 opus
1531 3032 97 37 est?
1592 3032 109 37 Exhis
1665 3032 121 37 abunde
1749 3032 146 37 constare
1846 3032 61 37 po-

1086 3067 120 37 test,
1166 3067 160 37 Johannem
1285 3067 93 37 per
1339 3067 120 37 totum
1418 3067 146 37 mundum,
1525 3067 93 37 non
1578 3067 173 37 universos
1711 3067 67 37 &
1738 3067 160 37 singulos
1844 3067 67 37 ho-

1092 3100 116 38 mines,
1174 3100 81 38 sed
1220 3100 104 38 solos
1290 3100 93 38 vere
1348 3100 162 38 credefites
1475 3100 70 38 in
1510 3100 139 38 universo
1614 3100 139 38 terrarum
1719 3100 93 38 orbe
1765 3100 151 38 intellexis-

1093 3132 82 38 se.
1140 3132 106 38 Verum
1211 3132 153 38 replicant
1328 3132 164 38 adversarij
1457 3132 59 38 &
1469 3132 94 38 ajunt.

1125 3165 113 37 Totus
1201 3165 125 37 mundus
1289 3165 88 37 est
1339 3165 88 37 Deo
1376 3165 201 37 reconciliatus:

1116 3191 118 43 Totus
1195 3191 131 43 mundus
1286 3191 105 43 sunt
1352 3191 118 43 omnes
1431 3191 144 43 homines
1536 3191 171 43 promiscue
1667 3191 171 43 credentes
1798 3191 66 43 &
1811 3191 105 43 incre

1073 3229 78 39 dulit
