2063 3451
224 200 114 58 erare
300 200 126 58 omnes,
389 200 88 58 non
439 200 101 58 quia
502 200 139 58 intrant
603 200 114 58 omnes
679 200 139 58 homines
780 200 76 58 in
818 200 126 58 eandem
907 200 126 58 domum,
995 200 88 58 sed
1033 200 63 58 RI.

222 245 95 50 quia
281 245 95 50 nemo
340 245 118 50 intrat
423 245 95 50 nisi
482 245 83 50 per
530 245 118 50 illam.
613 245 107 50 Omnes
684 245 95 50 ergo
743 245 71 50 ad
778 245 118 50 mortem
861 245 83 50 per
909 245 107 50 Adam,
968 245 47 50 o-

216 277 101 42 mnes
280 277 76 42 ad
318 277 114 42 vitam
393 277 89 42 per
444 277 164 42 Christum.
570 277 101 42 Quia
634 277 114 42 sicut
710 277 76 42 in
747 277 101 42 Adam
811 277 114 42 omnes
874 277 139 42 moriuntur

225 313 79 38 ita
270 313 56 38 &
292 313 68 38 in
326 313 124 38 Christo
416 313 101 38 omnes
484 313 214 38 vivificabuntur,
664 313 68 38 id
698 313 90 38 est,
754 313 68 38 ex
788 313 101 38 prima
855 313 124 38 origine
934 313 79 38 gene-

215 342 87 44 ris
264 342 124 44 humani
351 342 87 44 (id
401 342 100 44 est,
463 342 100 44 inde
526 342 62 44 a
550 342 112 44 prima
625 342 137 44 origine
725 342 137 44 generis
824 342 137 44 humani)
924 342 100 44 nemo
973 342 50 44 ad

231 379 130 40 mortem
322 379 104 40 nisi
387 379 91 40 per
439 379 117 40 Adam,
516 379 65 40 &
542 379 143 40 nemoper
646 379 104 40 Adam
711 379 104 40 nisi
776 379 78 40 ad
815 379 143 40 mortem:
918 379 78 40 Et
944 379 78 40 nemo

225 412 70 42 ad
260 412 117 42 vitam,
342 412 94 42 nisi
401 412 82 42 per
448 412 152 42 Christum,
565 412 59 42 &
588 412 94 42 nemo
647 412 82 42 per
693 412 140 42 Christum
799 412 94 42 nisi
857 412 70 42 ad
892 412 117 42 vitam.
962 412 59 42 Ex-

225 439 87 47 his
274 439 137 47 evidens
374 439 99 47 est,
436 439 124 47 Paulum
523 439 162 47 nequaquam
647 439 124 47 docere
734 439 87 47 hoc
784 439 112 47 loco,
858 439 149 47 Christum
958 439 62 47 pro

218 478 156 40 universis
338 478 60 40 &
362 478 144 40 singulis
470 478 132 40 mortuum
554 478 72 40 ese.

242 494 143 51 Insuper
346 494 156 51 allegant
463 494 117 51 etiam
541 494 117 51 locum
619 494 78 51 in
659 494 117 51 prima
737 494 156 51 epistola
854 494 78 51 ad
893 494 182 51 Timothaeum
1023 494 39 51 B

221 538 128 45 capite
311 538 141 45 quarto,
413 538 166 45 versiculo
541 538 141 45 decimo.
643 538 89 45 Nam
694 538 141 45 idcirco
796 538 115 45 etiam
873 538 166 45 fatigamur
988 538 38 45 &

216 573 128 50 probris
309 573 162 50 afficimur,
437 573 93 50 quod
495 573 139 50 speremus
599 573 70 50 in
634 573 81 50 Deo
681 573 104 50 vivo,
750 573 81 50 qui
797 573 81 50 est
843 573 139 50 Servator
936 573 81 50 omni-

215 607 78 44 um
254 607 156 44 hominum,
371 607 130 44 maxime
463 607 104 44 vero
528 607 169 44 fidelium.
658 607 78 44 Ad
697 607 104 44 hunc
762 607 117 44 locum
841 607 130 44 ajunt,
932 607 78 44 Si
958 607 65 44 per

221 639 100 44 omnes
288 639 123 44 homines
377 639 89 44 soli
433 639 123 44 fideles
522 639 201 44 intelligantur,
689 639 100 44 nihil
756 639 89 44 fore
811 639 123 44 sermone
900 639 100 44 Pauli
956 639 67 44 ine-

215 673 127 49 ptius,
304 673 139 49 perinde
405 673 76 49 ac
443 673 76 49 si
481 673 127 49 dicat:
570 673 89 49 Est
620 673 152 49 Servator
734 673 127 49 omnium
823 673 152 49 hominum,
924 673 101 49 maxime

225 704 110 47 autem
298 704 158 47 fidelium.
420 704 134 47 Addunt;
517 704 85 47 Non
566 704 97 47 esse
626 704 122 47 Paulum
712 704 146 47 ejusmodi
821 704 97 47 τυυο
882 704 122 47 λογον,
967 704 85 47 sed

215 749 184 32 verissimam
359 749 184 32 sententiam
503 749 118 32 esse:
582 749 105 32 Esse
648 749 105 32 Deum
713 749 131 32 omnium
805 749 144 32 hominum
897 749 131 32 Servato-

224 772 102 40 rem,
288 772 153 40 quatenus
402 772 127 40 Filium
492 772 102 40 suum
555 772 89 40 pro
606 772 140 40 ipsorum
708 772 115 40 simul
784 772 127 40 omnium
873 772 127 40 salute
950 772 76 40 com-

212 804 138 55 paranda
313 804 100 55 mori
376 804 138 55 voluit:
476 804 113 55 Eorum
551 804 100 55 vero
614 804 125 55 maxime
702 804 100 55 esse
765 804 176 55 Servatore,
903 804 88 55 qui
940 804 88 55 Chri-

213 847 97 40 stum
274 847 170 40 agnoscunt,
407 847 61 40 &
432 847 134 40 salutem
529 847 97 40 hanc
590 847 61 40 a
614 847 134 40 Christo
712 847 122 40 partam
797 847 97 40 vera
858 847 97 40 fide
919 847 97 40 sibi
967 847 61 40 ap-

219 877 116 48 plicant

264 902 109 48 RESP.
337 902 109 48 Primo
409 902 133 48 prorsus
506 902 158 48 ἔζαγώνιον
628 902 85 48 est
676 902 109 48 istud
749 902 194 48 testimonium:
907 902 61 48 &
919 902 97 48 aperte

219 940 95 46 ejus
278 940 154 46 detorsio.
397 940 83 46 Nec
444 940 95 46 enim
504 940 71 46 ex
539 940 71 46 eo
575 940 130 46 colligi
669 940 130 46 potest,
764 940 142 46 Christum
871 940 130 46 mortuum
954 940 59 46 pro

221 973 136 42 omnibus.
323 973 114 42 omnino
403 973 159 42 hominibus,
528 973 102 42 nullo
596 973 136 42 excepto,
698 973 80 42 sed
744 973 148 42 sententia
857 973 91 42 ejus
914 973 91 42 est,
960 973 68 42 Deum

211 1006 100 38 esse
273 1006 137 38 συτῆος,
373 1006 87 38 hoc
423 1006 100 38 est,
485 1006 212 38 conservatorem
659 1006 62 38 &
684 1006 212 38 sustentatorem
859 1006 125 38 omnium
934 1006 87 38 omni-

212 1041 79 41 no
251 1041 159 41 hominum,
371 1041 132 41 maxime
463 1041 106 41 vero
529 1041 199 41 credentium.
688 1041 119 41 Atque
768 1041 93 41 ita
821 1041 119 41 locus
900 1041 93 41 hic
940 1041 79 41 Paul

220 1071 99 43 agit
281 1071 86 43 non
331 1071 74 43 de
368 1071 123 43 salute
454 1071 148 43 animarum
565 1071 86 43 per
614 1071 160 43 Christum,
737 1071 86 43 sed
787 1071 74 43 de
824 1071 185 43 providentia
959 1071 62 43 Dei

219 1104 175 42 universali,
360 1104 82 42 qua
406 1104 152 42 conservat
523 1104 70 42 in
558 1104 82 42 hac
605 1104 93 42 vita
663 1104 105 42 omnes
734 1104 140 42 homines,
839 1104 117 42 maxime
921 1104 93 42 vero
967 1104 47 42 fi

221 1139 139 40 deles.
319 1139 98 40 Nam
374 1139 153 40 Graecum
486 1139 126 40 nomen
570 1139 126 40 συτip
653 1139 98 40 est
709 1139 195 40 homonymum:
863 1139 70 40 &
890 1139 98 40 hoc
932 1139 84 40 loc.

215 1182 77 30 non
259 1182 155 30 significat
381 1182 133 30 aeternae
481 1182 55 30 &
503 1182 166 30 spiritualis
636 1182 122 30 salutis
724 1182 133 30 datorem,
824 1182 77 30 sed
868 1182 122 30 autorem
946 1182 77 30 libe-

212 1206 138 37 rationis
316 1206 58 37 a
339 1206 150 37 periculis
454 1206 104 37 vitae
523 1206 115 37 hujus,
604 1206 58 37 a
627 1206 196 37 persecutionum
788 1206 196 37 tempestatibus
949 1206 58 37 &
960 1206 58 37 ja-

213 1243 189 34 ctationibus,
366 1243 59 34 a
390 1243 130 34 probris
484 1243 59 34 &
508 1243 189 34 contumeliis.
661 1243 106 34 Idque
732 1243 141 34 ostendit
838 1243 118 34 aperte
909 1243 106 34 contex-

214 1277 97 38 tus:
275 1277 97 38 ideo
335 1277 97 38 enim
396 1277 207 38 praemittuntur
566 1277 109 38 illa:
639 1277 158 38 fatigamur
761 1277 61 38 &
785 1277 134 38 probris
882 1277 170 38 afficimur.

210 1303 85 44 Sic
258 1303 145 44 Apostoli
367 1303 169 44 tempestate
500 1303 133 44 jactati
596 1303 72 44 in
633 1303 109 44 mari,
705 1303 145 44 Christum
814 1303 169 44 inclamant,
934 1303 97 44 xvριε,

215 1339 106 40 σωσον
286 1339 106 40 ημὼς,
357 1339 130 40 Domine,
451 1339 106 40 serva
521 1339 94 40 nos.
580 1339 141 40 Matthaei
686 1339 71 40 8.
722 1339 71 40 v.
757 1339 82 40 25.
804 1339 82 40 Sic
851 1339 130 40 Actorum
934 1339 82 40 vige-

210 1378 193 33 simoseptimo
365 1378 168 33 versiculo
494 1378 168 33 tricesimo
623 1378 116 33 primo
700 1378 116 33 dicit
777 1378 129 33 Paulus
867 1378 180 33 Centurioni
996 1378 39 33 &

217 1411 158 42 militibus:
341 1411 90 42 Nisi
397 1411 90 42 isti
454 1411 68 42 in
487 1411 90 42 navi
544 1411 158 42 manserint,
668 1411 79 42 vos
713 1411 147 42 συδlυίaι,
826 1411 79 42 hoc
871 1411 90 42 est,
916 1411 113 42 servari-

216 1439 72 49 non
247 1439 113 49 potestis.

255 1462 139 55 Secundo,
359 1462 162 55 falsissima
486 1462 81 55 est
533 1462 104 55 dicti
602 1462 127 55 Paulini
694 1462 162 55 explicatio
821 1462 92 55 quam
867 1462 162 55 antagonistae

211 1503 151 39 afferunt.
327 1503 81 39 Nam
374 1503 139 39 siquidem
478 1503 139 39 servator
583 1503 139 39 respectu
687 1503 139 39 aeternae
792 1503 128 39 salutis
884 1503 81 39 hic
919 1503 93 39 dicere

216 1543 97 42 tur,
277 1543 85 42 tum
325 1543 122 42 inepta
411 1543 110 42 esset
484 1543 122 42 oratio
569 1543 122 42 Pauli.
654 1543 85 42 Sed
703 1543 85 42 cum
751 1543 195 42 intelligatur
897 1543 134 42 respectus

210 1575 177 34 temporariae
351 1575 141 34 salutis,
457 1575 59 34 &
481 1575 153 34 alluditur
599 1575 71 34 ad
634 1575 118 34 Psalmi
716 1575 82 34 36.
763 1575 118 34 versum
846 1575 71 34 7.
881 1575 141 34 Iustitia
975 1575 59 34 tua

210 1606 124 36 instar
296 1606 136 36 mentium
395 1606 173 36 maximorum,
531 1606 136 36 judicia
630 1606 87 36 tua
680 1606 124 36 instar
766 1606 124 36 abyssi
853 1606 136 36 magnae,
939 1606 87 36 homi-

211 1638 84 38 nes
259 1638 60 38 &
283 1638 132 38 jumenta
379 1638 156 38 conservas
499 1638 132 38 Iehava:
595 1638 96 38 ideo
655 1638 120 38 inepta
739 1638 120 38 oratio
823 1638 108 38 Pauli
895 1638 84 38 non
931 1638 72 38 est.

251 1670 139 39 Tertio,
352 1670 76 39 si
390 1670 101 39 Deus
454 1670 88 39 est
504 1670 126 39 omnium
592 1670 139 39 hominum
694 1670 164 39 servator,
820 1670 152 39 quatenus
921 1670 101 39 Filium

209 1695 103 43 suum
273 1695 90 43 pro
325 1695 141 43 ipsorum
427 1695 116 43 simul
505 1695 128 43 omnium
594 1695 128 43 salute
684 1695 180 43 comparanda
826 1695 90 43 uti
877 1695 141 43 voluit:
967 1695 64 43 tum

215 1736 150 35 sequitur
328 1736 100 35 Deum
391 1736 88 35 non
441 1736 138 35 assequi
541 1736 100 35 quod
604 1736 125 35 voluit
692 1736 63 35 &
717 1736 163 35 decrevit.
842 1736 100 35 Deum
893 1736 125 35 volunta.

219 1769 83 43 tis
266 1769 59 43 &
290 1769 130 43 decreti
384 1769 83 43 sui
431 1769 94 43 fine
490 1769 165 43 frustrari;
620 1769 130 43 Christi
714 1769 106 43 etiam
785 1769 118 43 mortem
868 1769 83 43 non
903 1769 118 43 potuisse

215 1801 182 36 efficaciter
360 1801 133 36 salutem
457 1801 157 36 impetrate
578 1801 133 36 omnibus
675 1801 97 36 iis,
736 1801 85 36 pro
784 1801 121 36 quorum
869 1801 121 36 salute
941 1801 73 36 com-

222 1835 139 44 paranda,
327 1835 81 44 Dei
373 1835 105 44 obita
443 1835 81 44 est
489 1835 163 44 voluntate.
617 1835 105 44 Atqui
687 1835 93 44 haec
745 1835 93 44 sunt
803 1835 93 44 plus
861 1835 93 44 quam
907 1835 105 44 absurda

216 1867 106 39 Ergo
282 1867 159 39 absurdum
402 1867 120 39 etiam
481 1867 106 39 est,
548 1867 106 39 Deum
614 1867 93 39 pro
667 1867 133 39 omnium
760 1867 120 39 simul
840 1867 146 39 hominum
933 1867 93 39 salu-

224 1900 63 39 e
250 1900 177 39 comparanda
388 1900 151 39 Christum
502 1900 101 39 mori
552 1900 139 39 voluisse.

249 1926 120 54 Tandem
333 1926 120 54 quoque
417 1926 156 54 proferunt
538 1926 108 54 lenum
610 1926 72 54 ex
646 1926 72 54 2.
682 1926 108 54 Petr.
754 1926 72 54 2.
790 1926 96 54 vor.
851 1926 84 54 20.
899 1926 84 54 ubi
935 1926 84 54 legi-

211 1961 99 42 tur,
272 1961 86 42 eos
322 1961 123 42 quorum
408 1961 148 42 postrema
519 1961 160 42 deteriora
643 1961 111 42 fiunt
717 1961 123 42 primis
803 1961 111 42 (quae
877 1961 86 42 est
914 1961 111 42 hominum

215 1998 156 38 impiorum
332 1998 65 38 &
358 1998 182 38 damnatorum
502 1998 196 38 descriptio)
658 1998 169 38 refugisse
788 1998 117 38 prius
867 1998 78 38 ab
893 1998 117 38 inquina

215 2036 129 42 mentis
306 2036 116 42 mundi
383 2036 90 42 per
435 2036 78 42 AG
473 2036 155 42 NITIONEM
590 2036 129 42 Domini
680 2036 65 42 &
706 2036 181 42 Servatoris
848 2036 129 42 nostri
926 2036 90 42 Iesu.

211 2065 142 41 Christi.
318 2065 166 41 Agnitionem
448 2065 107 41 porro
519 2065 130 41 Christi
614 2065 119 41 dicunt
697 2065 95 41 esse
756 2065 95 41 sine
816 2065 95 41 omni
863 2065 154 41 dubitatione

212 2102 125 43 fructum
303 2102 148 43 passionis
417 2102 125 43 ipsius:
508 2102 80 43 Cum
554 2102 114 43 igitur
634 2102 148 43 aliquando
748 2102 160 43 contigerit
873 2102 80 43 eis
907 2102 103 43 fructu-

211 2139 139 40 passionis
318 2139 54 40 &
340 2139 107 40 mortis
415 2139 129 40 Christi,
511 2139 107 40 omnino
586 2139 107 40 statui
661 2139 139 40 oportere,
768 2139 75 40 pro
811 2139 96 40 ipsis
875 2139 107 40 quoque
940 2139 64 40 pas-

212 2164 96 40 sum
267 2164 69 40 &
295 2164 151 40 mortuum
405 2164 110 40 esse
473 2164 151 40 Dominum
570 2164 137 40 nostrum.

249 2196 103 39 RESP.
317 2196 172 39 Syllogismus
455 2196 103 39 talis
524 2196 126 39 fuerit:

265 2225 148 53 Quicunque
378 2225 159 53 participes
503 2225 91 53 sunt
560 2225 125 53 fructus
651 2225 148 53 passionis
764 2225 57 53 &
787 2225 114 53 mortis
866 2225 136 53 Christi,
957 2225 57 53 pro

212 2258 77 52 iis
256 2258 132 52 Christus
355 2258 77 52 est
399 2258 110 52 passus
476 2258 55 52 &
487 2258 110 52 mortuus.

270 2292 70 55 At
305 2292 128 55 homines
398 2292 105 55 impij
468 2292 58 55 &
492 2292 128 55 damnati
585 2292 163 55 participes
713 2292 93 55 sunt
771 2292 128 55 fructus
864 2292 151 55 passionis
969 2292 35 55 &

211 2329 138 44 mortis:
298 2329 75 44 Ergo

246 2364 108 41 Minor
318 2364 84 41 est
366 2364 180 41 falsissima:
509 2364 84 41 nam
557 2364 132 41 homines
653 2364 108 41 impij
725 2364 60 41 &
749 2364 132 41 damnati
844 2364 84 41 non
892 2364 96 41 sunt
940 2364 60 41 par

216 2389 121 54 ticipes
304 2389 121 54 fructus
392 2389 143 54 passionis
503 2389 55 54 &
525 2389 110 54 mortis
602 2389 132 54 Christi,
701 2389 88 54 quia
756 2389 176 54 destituuntur
900 2389 88 54 fide
944 2389 66 54 sal-

225 2430 140 44 vivifica,
333 2430 86 44 quae
387 2430 86 44 sola
441 2430 75 44 est
484 2430 97 44 manus
549 2430 86 44 illa
602 2430 86 44 quam
656 2430 97 44 licet
721 2430 119 44 fructus
807 2430 140 44 passionis
915 2430 54 44 &
926 2430 86 44 mortis

213 2460 128 55 Christi
307 2460 163 55 participem
435 2460 105 55 fieri
505 2460 58 55 &
528 2460 93 55 illo
587 2460 128 55 potiri.
680 2460 128 55 Minorem
773 2460 82 55 hoc
820 2460 105 55 pacto
878 2460 117 55 probant:

274 2496 159 45 Quicunque
396 2496 122 45 habent
482 2496 171 45 agnitionem
616 2496 122 45 Domini
702 2496 61 45 &
726 2496 171 45 Servatoris
861 2496 122 45 nostri
934 2496 61 45 Ie-

214 2522 65 47 su
247 2522 130 47 Christi,
344 2522 65 47 ij
376 2522 151 47 participes
495 2522 86 47 sunt
549 2522 119 47 fructus
636 2522 140 47 passionis
744 2522 54 47 &
765 2522 108 47 mortis
830 2522 65 47 ejus

253 2565 78 45 At
292 2565 116 45 impij
369 2565 65 45 &
395 2565 142 45 damnati
499 2565 129 45 quidam
589 2565 129 45 habent
680 2565 181 45 agnitionem
822 2565 129 45 Domini
912 2565 65 45 &
925 2565 78 45 Ser-

220 2588 121 48 vatoris
308 2588 110 48 nostri
385 2588 88 48 Iesu
441 2588 132 48 Christi:
529 2588 77 48 Ergo.

269 2623 114 50 RESP.
346 2623 127 50 Fallax
434 2623 89 50 est
485 2623 102 50 ista
549 2623 140 50 Minoris
650 2623 152 50 probatio
765 2623 140 50 propter
854 2623 152 50 homonymiam

212 2654 114 53 medij.
291 2654 80 53 Nam
337 2654 137 53 cognitio
440 2654 125 53 Christi
531 2654 114 53 duplex
611 2654 91 53 est:
667 2654 148 53 generalis
781 2654 57 53 &
804 2654 160 53 specialis.
918 2654 80 53 Gene-

215 2694 117 47 vralis
297 2694 94 47 est,
356 2694 94 47 quae
415 2694 106 47 ipsis
485 2694 106 47 etiam
555 2694 164 47 daemonibus
684 2694 117 47 inest,
766 2694 59 47 &
790 2694 106 47 major
860 2694 117 47 quidem
931 2694 70 47 quam

213 2720 142 51 damnatis
319 2720 165 51 hominibus,
449 2720 71 51 ut
485 2720 106 51 patet
555 2720 71 51 ex
591 2720 118 51 capite
674 2720 106 51 primo
744 2720 106 51 Marci
815 2720 106 51 vers.
886 2720 83 51 23,
933 2720 83 51 24.
969 2720 35 51 &

221 2759 91 47 Luc.
278 2759 68 47 4.
312 2759 68 47 v.
346 2759 80 47 34.
392 2759 80 47 ubi
437 2759 148 47 narratur,
551 2759 137 47 spiritum
654 2759 125 47 impurum
745 2759 160 47 exclamasse
871 2759 57 47 &
882 2759 114 47 dixisse.

212 2795 79 48 Ah,
257 2795 91 48 quid
314 2795 102 48 nobis
382 2795 102 48 tecum
450 2795 91 48 Iesu
507 2795 148 48 Nazarenet
620 2795 125 48 venisti
711 2795 68 48 ut
745 2795 136 48 perderes
847 2795 91 48 nos?
904 2795 91 48 novi
950 2795 45 48 t-

210 2827 84 56 qui
258 2827 96 56 sis,
318 2827 144 56 nimirum,
426 2827 132 56 Sanctus
522 2827 96 56 ille
582 2827 96 56 Dei.
641 2827 84 56 Sic
689 2827 156 56 ancillula
809 2827 144 56 spiritum
905 2827 120 56 Pythonis

210 2859 120 47 habens
294 2859 168 47 subsequuta
426 2859 120 47 Paulum
510 2859 156 47 Philippis
631 2859 144 47 docentem
739 2859 60 47 &
763 2859 132 47 comites
859 2859 108 47 ejus,
919 2859 72 47 cla-

218 2897 106 41 nubus,
293 2897 117 41 licens,
378 2897 85 41 Isti
431 2897 128 41 homines,
527 2897 96 41 servi
590 2897 85 41 sunt
643 2897 74 41 Dei
686 2897 106 41 illius
760 2897 149 41 altissimi,
877 2897 74 41 qui
909 2897 85 41 annuno

217 2920 102 60 ciant
285 2920 102 60 vobis
353 2920 91 60 viam
410 2920 136 60 salutis.
512 2920 102 60 Istud
580 2920 102 60 autem
648 2920 136 60 clamabat
750 2920 136 60 dictante
853 2920 125 60 spiritu
932 2920 57 60 Py-

211 2953 123 60 thonis,
300 2953 146 60 tantisper
412 2953 101 60 donec
480 2953 67 60 is
513 2953 56 60 a
536 2953 101 60 Paulo
603 2953 157 60 ejiceretur
726 2953 67 60 ex
760 2953 123 60 puella,
849 2953 67 60 ut
883 2953 78 60 est
917 2953 78 60 Actor

214 2986 61 41 16.
249 2986 79 41 vers.
302 2986 61 41 17,
328 2986 44 41 15.

228 3018 138 60 Specialis
335 3018 128 60 cognitio
430 3018 128 60 Christi,
526 3018 74 60 est
568 3018 85 60 quae
622 3018 64 60 in
653 3018 96 60 solos
717 3018 117 60 eloctos
802 3018 96 60 cadit
866 3018 74 60 qua
908 3018 85 60 illi
951 3018 53 60 no-

210 3053 99 49 tunt
272 3053 149 49 Christum
384 3053 87 49 cum
433 3053 137 49 fiducia
533 3053 75 49 in
570 3053 99 49 ipso
632 3053 186 49 recumbente.
781 3053 162 49 Quicunque
906 3053 124 49 igitur

212 3095 111 42 habent
290 3095 145 42 specialem
401 3095 167 42 cognitionem
535 3095 134 42 Christi,
635 3095 67 42 ij
668 3095 156 42 participes
791 3095 89 42 sunt
846 3095 122 42 fructus
924 3095 67 42 pas-

210 3119 104 61 ionis
280 3119 58 61 &
303 3119 116 61 mortis
384 3119 139 61 Christi.
488 3119 69 61 At
522 3119 127 61 damnati
615 3119 185 61 destituuntur
765 3119 139 61 speciali
869 3119 81 61 hac
904 3119 92 61 cogni-

209 3162 114 45 ione:
285 3162 88 45 sed
336 3162 164 45 generalem
462 3162 126 45 tantum
551 3162 126 45 habent
639 3162 114 45 ipsis
715 3162 88 45 cum
765 3162 177 45 daemonibus
892 3162 101 45 commu-

212 3194 80 57 em.
257 3194 149 57 Propterea
372 3194 92 57 ipsi
430 3194 126 57 fructus
522 3194 149 57 passionis
637 3194 57 57 &
660 3194 115 57 mortis
740 3194 126 57 Christi
832 3194 80 57 non
878 3194 92 57 sunt
924 3194 69 57 pas

198 3218 96 49 cipes.

1071 187 172 69 Hactenus
1200 187 186 69 vindicata
1343 187 115 69 sunt
1415 187 72 69 a
1443 187 215 69 corruptelis
1615 187 244 69 adversariorum
1802 187 100 69 loeca

1084 245 179 55 praecipua
1222 245 110 55 quae
1291 245 83 55 ex
1333 245 83 55 S.
1374 245 179 55 Scriptura
1512 245 179 55 adducunt:
1650 245 110 55 nunc
1705 245 166 55 responden-

1231 291 109 39 dum
1294 291 109 39 est
1356 291 93 39 ad
1403 291 202 39 argumenta
1543 291 171 39 eorundens

1403 327 126 54 aliquot

1122 365 121 45 Primum
1207 365 97 45 tale
1255 365 73 45 est:

1128 395 176 49 Evangelium
1267 395 75 49 de
1304 395 214 49 propitiatione
1480 395 138 49 Christi
1581 395 138 49 jubetur
1681 395 176 49 annunciari
1820 395 63 49 &
1832 395 63 49 of-

1070 434 115 37 ferri
1147 434 154 37 universo
1262 434 128 37 mundo,
1352 434 154 37 secundum
1467 434 115 37 illud
1544 434 154 37 Marci16.
1659 434 179 37 Praedicate
1787 434 102 37 Evange

1071 466 91 40 lium
1127 466 91 40 omni
1184 466 159 40 creaturae:
1308 466 91 40 Ergo
1365 466 125 40 necesse
1456 466 91 40 est,
1512 466 68 40 ut
1546 466 68 40 ea
1580 466 170 40 propitiatio
1716 466 102 40 etiam
1784 466 79 40 sit
1818 466 68 40 prae

1076 503 98 39 tita
1137 503 85 39 pro
1186 503 134 39 omnibus
1283 503 98 39 iis,
1344 503 122 39 quibus
1430 503 147 39 offertur
1540 503 61 39 &
1564 503 73 39 in
1601 503 159 39 Evangelio
1723 503 195 39 annunciatur.

1075 542 101 33 nisi
1138 542 163 33 horribili
1264 542 88 33 cum
1314 542 176 33 blasphemia
1453 542 151 33 quispiam
1566 542 163 33 affirmare
1691 542 138 33 tentet,
1792 542 101 33 Deum
1842 542 63 33 an-

1078 565 147 43 munciare
1188 565 122 43 falsa,
1274 565 61 43 &
1298 565 110 43 palam
1372 565 171 43 ludificari
1506 565 135 43 miseros
1604 565 147 43 homines,
1714 565 98 43 quod
1776 565 73 43 ab
1800 565 98 43 ipsius

1077 601 118 50 aterna
1160 601 153 50 majestate
1277 601 188 50 alienissimum
1418 601 71 50 est.

1111 637 163 44 RESPON.
1230 637 222 44 Syllogismus
1407 637 192 44 hujusmodi
1540 637 104 44 erit:

1128 675 197 45 Quibuscunque
1288 675 185 45 propitiatio
1436 675 86 45 pro
1485 675 148 45 peccatis
1596 675 185 45 annunciatur
1744 675 62 45 &
1768 675 160 45 offertur,

1069 708 73 52 pro
1110 708 73 52 iis
1152 708 156 52 propitiatio
1276 708 83 52 illa
1328 708 73 52 est
1359 708 83 52 facta:

1118 742 92 51 Sed
1170 742 144 51 omnibus
1275 742 131 51 quibus
1367 742 183 51 Evangelium
1510 742 209 51 praedicatur,
1681 742 196 51 propitiatio
1824 742 79 51 pro-

1077 778 147 48 peccatis
1187 778 183 48 annunciatur
1333 778 61 48 &
1346 778 134 48 offertur.

1116 804 98 54 Ergo
1177 804 86 54 pro
1226 804 135 54 omnibus
1324 804 110 54 illis
1398 804 123 54 quibus
1483 804 172 54 Evangelium
1618 804 196 54 praedicatur,
1765 804 135 54 propitia-

1078 837 60 52 tio
1113 837 69 52 illa
1156 837 60 52 esc
1181 837 69 52 facta.

1121 867 72 53 At
1157 867 144 53 peccatur
1265 867 180 53 ignoratione
1409 867 144 53 elenchi:
1517 867 96 53 quia
1577 867 84 53 non
1625 867 84 53 est
1673 867 108 53 verus
1733 867 156 53 Syllogismu-

1067 907 252 41 contradictionis.
1281 907 113 41 Aliud
1357 907 101 41 enim
1420 907 189 41 concluditur
1571 907 101 41 quam
1633 907 88 41 sit
1684 907 75 41 in
1709 907 176 41 controversia

1066 947 167 47 Conclusio
1195 947 103 47 esse
1259 947 155 47 debebat:
1375 947 103 47 Ergo
1440 947 90 47 pro
1491 947 167 47 universis
1620 947 64 47 &
1646 947 155 47 singulis
1749 947 155 47 hominibus.

1072 976 105 41 nullo
1143 976 129 41 excepto
1236 976 176 41 propitiatio
1377 976 105 41 morte
1447 976 129 41 Christi
1541 976 82 41 est
1576 976 94 41 facta.

1125 1016 94 48 Quid
1184 1016 71 48 si
1220 1016 94 48 vero
1279 1016 83 48 sic
1326 1016 153 48 fornietur
1432 1016 165 48 Syllogismus:

1114 1046 212 47 Quibuscunque
1286 1046 185 47 Evangelium
1431 1046 79 47 de
1471 1046 225 47 propitiatione
1656 1046 93 47 per
1709 1046 146 47 Christi
1802 1046 106 47 mortem

1062 1093 125 34 jubetur
1152 1093 159 34 annunciari
1277 1093 57 34 &
1300 1093 136 34 offerri,
1402 1093 79 34 pro
1448 1093 79 34 iis
1493 1093 170 34 propitiatio
1629 1093 91 34 illa
1686 1093 79 34 est
1720 1093 91 34 facta:

1117 1115 80 41 At
1157 1115 160 41 universo
1277 1115 120 41 mundo
1357 1115 187 41 Evangelium
1504 1115 80 41 de
1544 1115 227 41 propitiatione
1731 1115 93 41 per
1771 1115 133 41 Christi.

1075 1148 123 44 mertem
1161 1148 135 44 jubetur
1259 1148 172 44 annunciari
1394 1148 61 44 &
1419 1148 160 44 offerris.
1542 1148 98 44 Ergo
1603 1148 86 44 pro
1652 1148 147 44 universo
1763 1148 111 44 mundo
1824 1148 74 44 illa

1073 1182 64 53 est
1100 1182 73 53 facta.

1118 1213 114 45 RESP.
1194 1213 76 45 Et
1232 1213 89 45 sic
1283 1213 152 45 peccatur
1397 1213 190 45 ignoratione
1548 1213 152 45 elenchi:
1662 1213 89 45 nam
1713 1213 164 45 conclusio
1827 1213 63 45 no-

1064 1246 93 45 bis
1117 1246 93 45 non
1170 1246 212 45 contradicit.
1342 1246 185 45 Confitemur
1488 1246 106 45 enim
1554 1246 93 45 cum
1607 1246 146 45 Johanne
1713 1246 79 45 ex
1752 1246 119 45 prima
1819 1246 79 45 ejus

1068 1283 142 36 epistola
1175 1283 71 36 c.
1210 1283 71 36 2.
1246 1283 71 36 v.
1281 1283 71 36 1,
1317 1283 71 36 2.
1352 1283 71 36 Si
1387 1283 95 36 quis
1447 1283 177 36 peccaverit,
1589 1283 154 36 advocatum
1707 1283 95 36 apud
1766 1283 118 36 Patrem
1837 1283 59 36 ha-

1074 1317 106 36 bemus
1145 1317 106 36 Iesum
1215 1317 141 36 Christum
1321 1317 129 36 justum.
1416 1317 71 36 Et
1451 1317 94 36 ipse
1510 1317 82 36 est
1557 1317 177 36 propitiatio
1698 1317 82 36 pro
1745 1317 141 36 peccatis
1839 1317 59 36 no-

1078 1350 110 37 stris:
1155 1350 77 37 nec
1199 1350 77 37 pro
1242 1350 120 37 nostris
1330 1350 110 37 solum,
1407 1350 77 37 sed
1450 1350 99 37 etiam
1516 1350 77 37 pro
1560 1350 110 37 totius
1637 1350 99 37 mundi
1691 1350 110 37 peccatis

1123 1379 130 41 Deinde,
1217 1379 106 41 major
1288 1379 82 41 non
1335 1379 82 41 est
1382 1379 141 41 universe
1488 1379 106 41 vera,
1559 1379 82 41 sed
1606 1379 118 41 tantum
1689 1379 71 41 de
1724 1379 82 41 iis
1771 1379 94 41 apud
1818 1379 71 41 quo-

1066 1412 109 38 sermo
1138 1412 157 38 Evangelij
1259 1412 121 38 fuerit
1343 1412 205 38 συνκεxραμδιος
1512 1412 72 38 τῆ
1548 1412 121 38 πισει,
1633 1412 72 38 id
1669 1412 96 38 est,
1717 1412 181 38 contemperatus

1064 1450 106 44 fide,
1135 1450 106 44 Hebr.
1205 1450 71 44 4.
1241 1450 106 44 vers.
1311 1450 71 44 2.
1347 1450 82 44 qui
1394 1450 94 44 vero
1453 1450 82 44 non
1500 1450 129 44 credunt
1594 1450 71 44 in
1629 1450 106 44 nomen
1700 1450 153 44 Unigeniti
1806 1450 82 44 Fili-

1078 1482 91 40 Dei,
1135 1482 80 40 pro
1180 1482 80 40 iis
1226 1482 171 40 propitiatio
1362 1482 103 40 facta
1431 1482 80 40 non
1476 1482 91 40 est,
1533 1482 80 40 sed
1579 1482 80 40 jam
1625 1482 160 40 condemnati
1750 1482 103 40 sunt,
1818 1482 57 40 &
1830 1482 68 40 ira-

1065 1517 87 44 Dei
1114 1517 112 44 manet
1189 1517 112 44 super
1251 1517 74 44 eos.

1115 1541 143 46 Tertio,
1219 1541 143 46 ambigua
1323 1541 91 46 est
1375 1541 130 46 minor.
1466 1541 78 46 Si
1505 1541 91 46 per
1556 1541 169 46 universum
1686 1541 130 46 mundum
1764 1541 130 46 intelli-

1064 1587 88 40 gas
1115 1587 100 40 more
1177 1587 175 40 Scripturae
1315 1587 88 40 non
1365 1587 125 40 tantum
1453 1587 150 40 Judaeos,
1565 1587 88 40 sed
1615 1587 113 40 etiam
1691 1587 150 40 nationes
1803 1587 63 40 &
1816 1587 75 40 gen-

1069 1621 80 33 tes
1114 1621 103 33 alias
1183 1621 172 33 indefinite,
1320 1621 69 33 ut
1354 1621 149 33 sententia
1469 1621 91 33 sit,
1526 1621 91 33 apud
1583 1621 103 33 omnes
1652 1621 114 33 totius
1732 1621 103 33 mundi
1801 1621 114 33 natio¬

1064 1649 89 38 nes
1115 1649 178 38 Evangelium
1255 1649 203 38 annunciandum
1420 1649 140 38 fuisse;
1522 1649 89 38 tum
1572 1649 102 38 vera
1636 1649 89 38 est
1687 1649 127 38 minor.
1776 1649 89 38 Sin
1814 1649 76 38 vero

1084 1682 88 34 per
1135 1682 164 34 universum
1261 1682 126 34 mundum
1349 1682 177 34 intelligas
1488 1682 139 34 cunctos
1589 1682 63 34 &
1614 1682 151 34 singulos
1728 1682 139 34 homines
1816 1682 76 34 nul-

1071 1714 71 39 lo
1107 1714 143 39 excepto,
1214 1714 83 39 tum
1261 1714 107 39 minor
1333 1714 83 39 est
1380 1714 119 39 falsa.
1463 1714 83 39 Nam
1511 1714 119 39 opponi
1594 1714 131 39 possunt
1689 1714 95 39 univ
1748 1714 95 39 ersi
1796 1714 95 39 populi

1079 1751 131 31 praeter
1174 1751 202 31 Israeliticum,
1340 1751 83 31 qui
1388 1751 95 31 ante
1447 1751 142 31 Christum
1554 1751 107 31 natum
1625 1751 190 31 exstiterunt:
1779 1751 95 31 quae
1827 1751 59 31 in-

1070 1782 131 46 stantia
1165 1782 143 46 refutari
1272 1782 71 46 in
1308 1782 143 46 aeternum
1415 1782 83 46 non
1463 1782 131 46 potest.
1558 1782 95 46 Etsi
1617 1782 95 46 enim
1677 1782 119 46 aliqui
1760 1782 71 46 ex
1784 1782 107 46 nonnul-

1069 1814 79 36 lis
1114 1814 125 36 populis
1205 1814 147 36 Ecclesiae
1318 1814 181 36 Israeliticae
1465 1814 68 36 se
1499 1814 170 36 adiunxerunt
1635 1814 68 36 ut
1669 1814 147 36 proselyti
1782 1814 57 36 &
1793 1814 91 36 αvipsi

1061 1849 155 33 δυλαβεις,
1180 1849 96 33 viri
1240 1849 167 33 religiosi:
1372 1849 107 33 tamen
1443 1849 60 33 &
1467 1849 107 33 pauci
1539 1849 96 33 illi
1598 1849 131 33 fuerunt
1694 1849 60 33 &
1718 1849 131 33 caeteri
1801 1849 84 33 omnes

1061 1883 108 41 extra
1133 1883 169 41 Ecclesiae,
1266 1883 72 41 in
1302 1883 84 41 qua
1350 1883 96 41 sola
1410 1883 108 41 salus
1483 1883 96 41 est,
1543 1883 169 41 societatem
1675 1883 205 41 permanserunt.
1832 1883 60 41 Op-

1071 1912 101 37 boni
1135 1912 139 37 possunt
1236 1912 126 37 multae
1324 1912 101 37 post
1387 1912 152 37 Christum
1501 1912 114 37 natum
1576 1912 139 37 Gentes,
1677 1912 101 37 apud
1741 1912 101 37 quas
1791 1912 101 37 serius

1061 1948 177 36 Evangelium
1200 1948 189 36 praedicatum
1351 1948 113 36 fuit.
1427 1948 126 36 Opponi
1515 1948 126 36 potest
1604 1948 113 36 novus
1679 1948 113 36 orbis
1755 1948 63 36 a
1768 1948 113 36 Lusitat

1068 1983 95 35 nis,
1127 1983 130 35 Gallis,
1222 1983 142 35 Hispanis
1328 1983 154 35 repertus,
1447 1983 71 35 in
1482 1983 83 35 quo
1529 1983 106 35 nihil
1600 1983 71 35 de
1636 1983 130 35 Christo
1730 1983 130 35 auditum
1813 1983 71 35 ante

1057 2015 139 43 seculum
1158 2015 151 43 superius
1272 2015 114 43 fuit.
1348 2015 126 43 Opponi
1436 2015 139 43 denique
1537 2015 139 43 possunt
1638 2015 88 43 tot
1688 2015 126 43 amplae
1764 2015 126 43 nationes

1061 2048 83 34 in
1103 2048 111 34 Asia
1172 2048 69 34 &
1200 2048 153 34 Africa,
1311 2048 180 34 Turcarum,
1450 2048 194 34 Tartarorum
1602 2048 69 34 &
1630 2048 153 34 aliorum
1727 2048 153 34 populorum

1078 2083 110 52 uibus
1151 2083 172 52 Evangelium
1286 2083 135 52 Christi
1384 2083 86 52 non
1433 2083 196 52 praedicatur.
1593 2083 86 52 Tot
1642 2083 123 52 vitiis
1728 2083 123 52 scatet
1801 2083 86 52 argu-

1059 2114 154 48 mentum
1151 2114 138 48 primum.

1092 2148 148 40 INSTANT.
1202 2148 74 40 Si
1239 2148 185 40 propitiatio
1387 2148 86 40 non
1436 2148 86 40 est
1485 2148 111 40 facta
1559 2148 86 40 pro
1608 2148 135 40 omnibus
1707 2148 123 40 illis,
1781 2148 98 40 quibus

1058 2191 203 36 annunciatur,
1223 2191 89 36 tum
1274 2191 89 36 cum
1324 2191 165 36 horribili
1451 2191 177 36 blasphemia
1590 2191 215 36 affirmabitur,
1767 2191 101 36 Deum
1818 2191 63 36 an-

1066 2225 144 32 munciare
1174 2225 108 32 falsa
1246 2225 60 32 &
1270 2225 108 32 palam
1341 2225 168 32 ludificari
1473 2225 132 32 miseros
1569 2225 144 32 homines.
1677 2225 72 32 At
1712 2225 84 32 hoc
1760 2225 72 32 ab
1784 2225 96 32 aterns

1055 2255 83 43 Dei
1103 2255 154 43 majestate
1221 2255 189 43 alienissimum
1375 2255 95 43 est.
1434 2255 95 43 Ergo
1493 2255 59 43 &
1517 2255 107 43 illud
1588 2255 118 43 falsum
1659 2255 71 43 est.

1084 2292 125 39 RESP.
1167 2292 153 39 Negatur
1278 2292 153 39 connexi
1389 2292 236 39 consequentia:
1584 2292 97 39 nam
1639 2292 208 39 annunciatio
1792 2292 97 39 Evan-

1056 2331 108 42 gelij
1128 2331 72 42 de
1164 2331 205 42 propitiatione
1333 2331 84 42 per
1381 2331 144 42 Christum
1489 2331 108 42 facta
1561 2331 84 42 pro
1609 2331 120 42 totius
1694 2331 108 42 mundi
1754 2331 132 42 peccatis,

1056 2364 83 37 ita
1104 2364 83 37 sit
1151 2364 71 37 ut
1187 2364 95 37 Deus
1246 2364 107 37 simul
1317 2364 71 37 in
1352 2364 154 37 Evangelio
1471 2364 154 37 declaret,
1590 2364 95 37 quid
1649 2364 71 37 in
1684 2364 130 37 omnibus
1767 2364 107 37 homini-

1050 2396 82 37 bus
1097 2396 116 37 probet
1178 2396 70 37 ac
1213 2396 140 37 requitat
1318 2396 116 37 serio,
1400 2396 82 37 non
1446 2396 105 37 autem
1516 2396 93 37 quid
1574 2396 70 37 in
1609 2396 140 37 singulis
1714 2396 105 37 velit
1772 2396 105 37 effice-

1055 2434 86 42 re:
1104 2434 86 42 hoc
1153 2434 99 42 enim
1215 2434 136 42 arcanum
1314 2434 62 42 &
1339 2434 148 42 aeternum
1450 2434 173 42 consilium,
1586 2434 136 42 nonnisi
1684 2434 86 42 per
1734 2434 99 42 ejus
1796 2434 74 42 in
1820 2434 62 42 ho-

1059 2464 131 43 minibus
1154 2464 155 43 effectum,
1273 2464 83 43 hoc
1321 2464 95 43 est,
1380 2464 83 43 per
1428 2464 107 43 veram
1499 2464 107 43 fidem
1571 2464 83 43 qua
1618 2464 178 43 propitiatio
1761 2464 83 43 per
1797 2464 83 43 Chri-

1059 2497 99 34 stum
1120 2497 111 34 facta
1195 2497 210 34 apprehenditur
1367 2497 62 34 &
1392 2497 86 34 per
1442 2497 111 34 veram
1516 2497 198 34 conversionem
1676 2497 74 34 in
1713 2497 148 34 singulis
1812 2497 62 34 ma-

1060 2533 179 32 nifestatur.
1204 2533 84 32 Jam
1251 2533 72 32 si
1287 2533 96 32 Deus
1347 2533 215 32 propitiationem
1526 2533 84 32 per
1574 2533 120 32 mortem
1658 2533 143 32 Christi,
1765 2533 84 32 ita
1801 2533 72 32 cura

1048 2563 86 37 ret
1097 2563 184 37 annunciari,
1244 2563 74 37 ut
1281 2563 110 37 simul
1355 2563 196 37 promitteret,
1514 2563 74 37 se
1551 2563 74 37 in
1588 2563 135 37 omnibus
1686 2563 123 37 quibus
1772 2563 98 37 illa
1821 2563 49 37 an

1053 2598 170 32 nunciatur
1184 2598 183 32 effecturum
1327 2598 118 32 fidem
1406 2598 78 32 in
1445 2598 157 32 Christum
1562 2598 65 32 &
1589 2598 222 32 conversionem,
1771 2598 91 32 nec
1811 2598 65 32 ta-

1040 2628 89 45 men
1091 2628 76 45 id
1129 2628 127 45 postea
1218 2628 190 45 praestaret:
1370 2628 89 45 tum
1421 2628 190 45 sequeretur,
1573 2628 101 45 Deum
1636 2628 177 45 annunciare
1776 2628 114 45 falsa
1839 2628 38 45 &

1053 2661 112 45 palam
1127 2661 174 45 Iudificari
1264 2661 136 45 miseros
1350 2661 112 45 homines

1074 2699 165 40 SECUNDUM
1198 2699 151 40 ipsorum
1308 2699 193 40 argumentum
1459 2699 110 40 est:
1528 2699 83 40 Si
1570 2699 124 40 impii
1652 2699 83 40 in
1693 2699 179 40 novissimo
1817 2699 69 40 die

1041 2732 89 43 hac
1092 2732 102 43 ipsa
1156 2732 76 43 de
1194 2732 114 43 causa
1270 2732 191 43 damnabuntur
1423 2732 76 43 in
1461 2732 165 43 aeternum,
1588 2732 102 43 quia
1651 2732 165 43 beneficia
1778 2732 127 43 mortis

1057 2769 126 36 Christi
1148 2769 69 36 in
1182 2769 149 36 Evangelio
1297 2769 126 36 oblata,
1388 2769 91 36 fide
1445 2769 80 36 non
1491 2769 91 36 sunt
1548 2769 137 36 amplexi;
1651 2769 103 36 certe
1720 2769 69 36 si
1754 2769 69 36 ea
1777 2769 103 36 benesi-

1048 2804 83 34 cia
1095 2804 106 34 ipsis
1166 2804 83 34 non
1214 2804 118 34 essent
1297 2804 166 34 acquisita,
1427 2804 83 34 tum
1474 2804 177 34 damnarentur
1616 2804 106 34 ideo,
1687 2804 95 34 quia
1734 2804 142 34 noluissent

1057 2840 127 42 credere
1150 2840 150 42 mendacio,
1266 2840 69 42 id
1300 2840 93 42 est,
1358 2840 93 42 quia
1416 2840 162 42 noluissent
1543 2840 150 42 statuere,
1659 2840 139 42 Christum
1763 2840 81 42 pro
1798 2840 81 42 ipsis

1051 2870 100 42 esse
1113 2870 149 42 mortuum:
1225 2870 75 42 si
1262 2870 162 42 mendacium
1387 2870 100 42 est,
1449 2870 100 42 quod
1511 2870 149 42 Christus
1623 2870 137 42 mortuus
1723 2870 87 42 sit
1772 2870 87 42 pro
1810 2870 62 42 da-

1049 2905 134 40 mnatis.
1147 2905 134 40 Quomodo
1244 2905 98 40 vero
1305 2905 86 40 non
1354 2905 86 40 hac
1403 2905 134 40 ratione
1501 2905 220 40 periclitaretur
1684 2905 147 40 justitia
1782 2905 98 40 aterne

1044 2934 148 48 judicis,
1155 2934 74 48 si
1192 2934 148 48 damnaret
1303 2934 123 48 impios
1389 2934 74 48 ob
1426 2934 86 48 hoc
1476 2934 123 48 ipsum,
1562 2934 99 48 quod
1624 2934 161 48 mendacium
1748 2934 86 48 pro
1785 2934 86 48 veri-

1046 2968 93 47 tate
1105 2968 140 47 amplecti
1198 2968 163 47 recusassent?

1069 3002 149 42 RESPON.
1178 3002 162 42 Sophisma
1300 3002 95 42 hoc
1354 3002 95 42 est
1408 3002 189 42 intricatum
1557 3002 68 42 &
1584 3002 108 42 male
1651 3002 230 42 consarcinatum
1827 3002 41 42 &

1040 3032 186 36 ἀσθλλογισον:
1191 3032 70 36 ac
1226 3032 104 36 recte
1296 3032 151 36 fecissent
1412 3032 174 36 adversarij,
1551 3032 70 36 si
1586 3032 93 36 ipsi
1644 3032 186 36 Syllogistice
1783 3032 93 36 propo-

1041 3068 150 35 suissent.
1157 3068 127 35 Perinde
1249 3068 92 35 vero
1307 3068 115 35 agunt,
1388 3068 69 35 ac
1423 3068 69 35 si
1457 3068 150 35 articulus
1573 3068 69 35 de
1607 3068 104 35 morte
1677 3068 127 35 Christi
1769 3068 104 35 esset
1827 3068 46 35 u-

1044 3103 113 35 nicus,
1123 3103 79 35 vel
1168 3103 113 35 saltem
1247 3103 113 35 primus
1327 3103 102 35 sidei
1395 3103 158 35 salvificae
1519 3103 147 35 articulus
1632 3103 57 35 &
1655 3103 79 35 qui
1700 3103 79 35 vel
1745 3103 102 35 solus
1802 3103 68 35 cre-

1040 3134 113 40 ditus
1116 3134 138 40 homines
1216 3134 113 40 omnes
1291 3134 163 40 servaret.
1416 3134 113 40 Atqui
1491 3134 63 40 &
1516 3134 113 40 multo
1591 3134 125 40 plures
1678 3134 63 40 &
1703 3134 138 40 priores
1791 3134 75 40 sunt

1051 3166 103 42 fidei
1119 3166 149 42 articuli,
1234 3166 114 42 quorum
1314 3166 69 42 si
1348 3166 91 42 quis
1405 3166 80 42 vel
1451 3166 114 42 unicum
1531 3166 80 42 non
1577 3166 172 42 crediderit,
1714 3166 160 42 suffecerit
1828 3166 46 42 ad

1042 3200 113 36 ipsum
1118 3200 226 36 incredulitatis
1306 3200 176 36 damnandum:
1444 3200 125 36 veluti
1531 3200 100 36 quod
1594 3200 125 36 Judaei
1682 3200 163 36 noluerunt
1795 3200 75 36 cro-

1045 3236 133 37 dere,
1134 3236 133 37 JESUM
1222 3236 192 37 Nacarenum
1370 3236 118 37 esse
1444 3236 177 37 CHRISTUM
1577 3236 148 37 illum,
1680 3236 148 37 Filium
1769 3236 103 37 illum
