2063 3429
1036 169 163 54 Scriptura
1162 169 226 54 adimplerentur,
1350 169 113 54 atque
1426 169 138 54 isthine
1526 169 163 54 opinionem
1652 169 201 54 collegerunt,
1802 169 63 54 cos

207 225 131 50 necesse
303 225 96 50 est,
362 225 96 50 nisi
422 225 203 50 propositionem
589 225 131 50 majorem
685 225 191 50 restrinxeris
840 225 72 50 ad
876 225 107 50 solos
935 225 72 50 vero

200 273 148 43 credentes.

242 286 156 58 INSTANT:
359 286 91 58 Qui
411 286 169 58 propterea
542 286 196 58 damnabuntur
698 286 104 58 quod
763 286 91 58 non
815 286 156 58 credunt,
920 286 91 58 Chri-

214 331 93 51 stum
273 331 82 51 pro
319 331 105 51 ipsis
389 331 128 51 mortuum
483 331 105 51 esse,
553 331 128 51 injuste
646 331 210 51 incredulitatis
821 331 187 51 damnarentur,
961 331 47 51 se

216 363 79 46 non
261 363 102 46 esset
329 363 79 46 pro
374 363 102 46 ipsis
442 363 136 46 Christus
544 363 136 46 mortuus.
646 363 91 46 Nemo
703 363 91 46 enim
759 363 102 46 juste
827 363 147 46 damnatur,
941 363 68 46 si
963 363 57 46 non

212 401 119 50 credat;
299 401 65 50 id
332 401 87 50 quod
386 401 76 50 est
418 401 98 50 falsum.

248 419 109 66 RESP.
321 419 170 66 Propositio
454 419 97 66 haec
515 419 182 66 simpliciter
661 419 134 66 accepta
758 419 85 66 est
807 419 121 66 falsa.
892 419 85 66 Nam
928 419 85 66 fidei

210 461 105 55 caput
280 461 82 55 nec
327 461 117 55 unicum
409 461 82 55 nec
455 461 117 55 primum
537 461 82 55 est
583 461 93 55 mors
642 461 140 55 Christi:
747 461 82 55 sed
793 461 93 55 alia
851 461 58 55 &
875 461 117 55 priora
945 461 58 55 ca-

216 494 92 62 pita
274 494 104 62 sunt,
343 494 69 62 ex
378 494 115 62 quibus
458 494 69 62 si
493 494 81 62 vel
539 494 92 62 unum
596 494 92 62 quis
654 494 81 62 non
700 494 173 62 crediderit,
827 494 184 62 incredulitatis

201 531 127 56 merito
290 531 165 56 damnatur:
418 531 76 56 ut
456 531 102 56 esse
520 531 115 56 Deum:
596 531 102 56 esse
660 531 204 56 providentiam
825 531 153 56 divinam:
927 531 89 56 Deum;

212 562 93 50 esse
271 562 93 50 unum
329 562 151 50 essentia,
445 562 116 50 trinum
527 562 151 50 personis,
643 562 128 50 Patrem,
736 562 116 50 Filium
818 562 58 50 &
841 562 140 50 Spiritum
934 562 70 50 San-

210 592 111 55 ctum,
284 592 99 55 Deum
345 592 99 55 esse
407 592 210 55 omnipotentem,
580 592 173 55 omniscium,
716 592 160 55 aeternum,
839 592 86 55 &c.
889 592 86 55 nos
926 592 86 55 esse.

215 623 135 59 electos
313 623 73 59 in
349 623 135 59 Christo
447 623 98 59 ante
508 623 122 59 jactum
594 623 110 59 mundi
667 623 196 59 fundamentum:
826 623 147 59 Christum
924 623 86 59 esse.

216 660 97 56 unum
277 660 85 56 per
325 660 109 56 cujus
398 660 122 56 solius
483 660 134 56 meritum
581 660 134 56 servari
678 660 158 56 oporteat,
799 660 158 56 quicunque
909 660 97 56 servar

214 698 146 50 cupiunt:
324 698 122 50 cumque
409 698 98 50 esse
470 698 146 50 aeternum
579 698 85 50 Dei
628 698 134 50 Filium,
726 698 85 50 qui
774 698 183 50 determinato
909 698 98 50 tempo-

211 725 75 52 re
248 725 100 52 homo
310 725 62 52 &
335 725 150 52 Abrahami
448 725 175 52 Davidisque
585 725 125 52 Filius
673 725 125 52 factus
760 725 100 52 est:
823 725 87 52 eum
873 725 100 52 esse
923 725 87 52 Jesum

217 759 168 53 Nazarenum
347 759 130 53 Mariae
437 759 155 53 Virginis
554 759 142 53 Filium:
657 759 117 53 illum
735 759 91 53 non
787 759 104 53 esse
852 759 117 53 merum
916 759 91 53 homi-

217 796 97 52 nem,
278 796 85 52 sed
326 796 109 52 etiam
399 796 109 52 verum
472 796 121 52 natura
557 796 97 52 Deum
618 796 73 52 in
654 796 134 52 unitate
751 796 158 52 personae:
872 796 97 52 esse
921 796 85 52 unius

214 824 119 53 ejusdem
301 824 141 53 essentiae
409 824 76 53 cum
452 824 108 53 Patre,
528 824 119 53 ejusdem
615 824 151 53 potentiae,
734 824 162 53 dignitatis,
863 824 76 53 &c.
907 824 87 53 esse
950 824 54 53 ve-

215 861 91 47 rum
267 861 156 47 hominem,
384 861 91 47 non
435 861 182 47 phantasma:
578 861 104 47 esse
643 861 169 47 perfectum
773 861 156 47 hominem,
876 861 130 47 corporet

206 896 117 50 anima
284 896 169 50 rationali
414 896 195 50 constantem:
570 896 130 50 manere
662 896 117 50 verum
740 896 143 50 hominem
844 896 78 50 in
870 896 143 50 aeternum.

215 924 179 54 assumsisse
356 924 64 54 &
382 924 154 54 retinere
497 924 115 54 verum
574 924 128 54 corpus
663 924 141 54 humanum
766 924 230 54 proprietatibus
945 924 64 54 hu-

219 970 103 45 manis
287 970 159 45 praeditum,
412 970 91 45 loco
469 970 216 45 citcumscriptum,
651 970 148 45 visibile,
765 970 148 45 palpabile
879 970 57 45 &
902 970 91 45 alia
948 970 68 45 plu-

210 995 81 49 ra,
257 995 162 49 quaelomnia
384 995 162 49 antecedunt
512 995 104 49 caput
581 995 70 49 de
616 995 104 49 morte
686 995 139 49 Christi,
790 995 81 49 ita
836 995 81 49 qut
883 995 104 49 siuis
940 995 70 49 enu-

216 1025 157 45 meratorum
336 1025 133 45 capitum
433 1025 84 45 vel
481 1025 96 45 unum
541 1025 84 45 non
589 1025 133 45 credat,
686 1025 120 45 merito
770 1025 217 45 incredulitatis
939 1025 72 45 poe-

221 1071 71 43 nas
261 1071 91 43 luat.

271 1091 97 59 Quod
332 1091 73 59 si
368 1091 170 59 propositio
501 1091 194 59 restringatur
659 1091 61 59 &
683 1091 206 59 distinguatur,
853 1091 85 59 tum
902 1091 97 59 vera
950 1091 73 59 est;

219 1130 100 49 sed
276 1130 143 49 causam
376 1130 257 49 antagonistarum
590 1130 100 49 non
648 1130 143 49 juvat.
748 1130 100 49 Qui
805 1130 186 49 propterea
934 1130 114 49 damna-

222 1164 121 44 buntur
307 1164 97 44 quod
367 1164 85 44 non
416 1164 145 44 credunt,
525 1164 145 44 Christum
634 1164 85 44 pro
683 1164 109 44 ipsis
755 1164 133 44 mortuum
852 1164 109 44 esse,
913 1164 109 44 injuste

219 1198 210 44 incredulitatis
395 1198 187 44 damnarentur,
547 1198 70 44 si
582 1198 82 44 non
629 1198 105 44 esset
699 1198 82 44 pro
745 1198 105 44 ipsis
816 1198 140 44 Christus
909 1198 117 44 mortuus,

222 1235 136 42 nimirum
321 1235 74 42 ne
358 1235 124 42 quidem
445 1235 112 42 quoad
519 1235 223 42 sufficientiam,
705 1235 87 42 Jam
755 1235 99 42 vero
817 1235 99 42 illi
879 1235 87 42 qui
916 1235 99 42 damnam

211 1264 94 45 tur,
270 1264 82 45 non
317 1264 129 45 credunt
411 1264 141 45 Christum
516 1264 82 45 pro
563 1264 106 45 ipsis
634 1264 129 45 mortuum
727 1264 106 45 esse,
798 1264 106 45 neque
868 1264 106 45 quoad
927 1264 82 45 effi-

214 1301 129 41 caciam,
308 1301 106 41 neque
379 1301 106 41 quoad
449 1301 211 41 sufficientiam:
625 1301 94 41 quia
684 1301 117 41 revera
766 1301 70 41 in
802 1301 141 41 Christum
907 1301 82 41 non
943 1301 70 41 cre-

222 1329 107 46 dunt,
293 1329 83 46 sed
341 1329 95 46 sunt
400 1329 59 46 &
424 1329 118 46 manent
507 1329 166 46 increduli.
637 1329 118 46 Restat
720 1329 130 46 igitur,
815 1329 142 46 Christum
921 1329 83 46 pro
957 1329 59 46 re-

231 1366 121 44 probis
316 1366 157 44 hominibus
437 1366 109 44 quoad
509 1366 170 44 efficaciam
643 1366 85 44 non
691 1366 97 44 esse
752 1366 145 44 mortuum,
860 1366 85 44 sed
909 1366 85 44 pro
945 1366 85 44 solis

216 1402 132 41 electis
312 1402 72 41 ad
348 1402 108 41 vitam
408 1402 132 41 aeternam.

261 1462 100 59 Haec
323 1462 75 59 de
361 1462 163 59 subiectis
486 1462 163 59 passionis
611 1462 63 59 &
636 1462 125 59 mortis
723 1462 150 59 Christi:
836 1462 163 59 sequuntur

503 1500 164 54 adiuncta
613 1500 136 54 eiusdem.

246 1562 140 37 Adjuncta
352 1562 152 37 passionis
469 1562 59 37 &
492 1562 117 37 mortis
574 1562 129 37 Christi
668 1562 105 37 multa
738 1562 105 37 sunt,
808 1562 117 37 veluti
879 1562 140 37 necessita.

229 1590 57 44 &
251 1590 193 44 contingentia,
410 1590 136 44 veritas,
512 1590 113 44 tempus
591 1590 102 44 ejus,
659 1590 204 44 miserabilitas,
829 1590 125 44 Christi
919 1590 102 44 dicta
976 1590 34 44 &

220 1633 113 38 facta
296 1633 201 38 memorabilia,
459 1633 63 38 &
484 1633 100 38 quae
547 1633 126 38 mortem
635 1633 138 38 Christi
735 1633 126 38 illico
823 1633 176 38 consequuta
949 1633 75 38 ante

231 1666 92 40 ejus
289 1666 173 40 sepulturam,
428 1666 58 40 &
451 1666 185 40 glorificatio
601 1666 127 40 Christi
693 1666 92 40 ejus
751 1666 115 40 mortem
820 1666 150 40 consequuta.

247 1685 72 45 I.
283 1685 120 45 Passio
367 1685 60 45 &
391 1685 96 45 mors
451 1685 132 45 Christi
546 1685 168 45 necessaria
678 1685 108 45 fuit:
750 1685 84 45 nam
798 1685 156 45 Scriptura
917 1685 108 45 Sacra
977 1685 48 45 id

234 1730 146 36 testatur,
346 1730 90 36 Luc.
402 1730 79 36 24.
447 1730 101 36 vers.
515 1730 67 36 7.
549 1730 124 36 Oportet
639 1730 112 36 Filium
717 1730 124 36 hominis
807 1730 101 36 tradi
875 1730 67 36 in
909 1730 101 36 manus
965 1730 56 36 hoc

232 1759 103 42 minum
300 1759 172 42 peccatorum,
437 1759 57 42 &
460 1759 160 42 crucifigi:
586 1759 69 42 Et
621 1759 92 42 ver.
678 1759 80 42 26.
724 1759 103 42 Nonne
792 1759 92 42 haec
849 1759 137 42 oportuit
941 1759 80 42 pati.

237 1795 153 37 Christum,
355 1795 59 37 &
378 1795 141 37 introire
484 1795 70 37 in
519 1795 129 37 gloriam
613 1795 106 37 suam:
683 1795 70 37 Et
719 1795 94 37 ver.
777 1795 82 37 44.
824 1795 70 37 Hi
860 1795 94 37 sunt
907 1795 117 37 sermones

228 1829 96 40 quos
288 1829 143 40 loquutus
395 1829 84 40 sum
443 1829 108 40 vobis
515 1829 96 40 quum
575 1829 108 40 adhuc
646 1829 108 40 essem
718 1829 155 40 vobiscum,
838 1829 143 40 oportere
933 1829 96 40 imple-

218 1861 71 33 ri
254 1861 107 33 omnia
325 1861 95 33 quae
384 1861 131 33 scripta
479 1861 95 33 sunt
538 1861 71 33 in
574 1861 95 33 Lege
633 1861 119 33 Mosis,
716 1861 59 33 &
740 1861 154 33 Prophetis
859 1861 59 33 &
883 1861 131 33 Psalmis
966 1861 47 33 de

219 1891 85 35 me.
268 1891 122 35 Matth.
353 1891 85 35 26.
402 1891 110 35 vers.
475 1891 85 35 54.
524 1891 85 35 ait
572 1891 134 35 Dominus
670 1891 73 35 ad
706 1891 134 35 Petrum.
804 1891 134 35 Quomodo
901 1891 98 35 ergo
950 1891 61 35 im-

223 1921 139 44 plerentur
330 1921 160 44 Scripturae,
458 1921 85 44 quae
511 1921 117 44 dicunt,
597 1921 75 44 sic
639 1921 128 44 oportere
735 1921 107 44 fieri?
810 1921 107 44 Johan.
884 1921 64 44 3.
916 1921 96 44 vers.
970 1921 53 44 14.

233 1962 102 40 Sicut
301 1962 102 40 Moses
368 1962 124 40 extulit
459 1962 147 40 serpentem
572 1962 68 40 in
606 1962 136 40 deserto,
708 1962 79 40 ita
753 1962 124 40 extolli
843 1962 124 40 oportet
923 1962 90 40 Filium

211 1989 114 37 hominis

257 2027 160 38 Necessaria
383 2027 103 38 autem
451 2027 92 38 fuit
509 2027 80 38 tum
555 2027 126 38 aeterno
646 2027 126 38 decreto
738 2027 57 38 &
761 2027 183 38 praescientia
910 2027 92 38 Dei,
956 2027 57 38 tum

228 2060 186 41 praedictione
380 2060 116 41 divina
461 2060 81 41 per
508 2060 128 41 oracula
601 2060 163 41 Prophetica
729 2060 58 41 &
752 2060 128 41 figuras
845 2060 128 41 Veteris
927 2060 93 41 Testa-

234 2093 117 39 menti,
316 2093 82 39 tum
363 2093 128 39 eventu,
456 2093 82 39 tum
503 2093 105 39 fine.
573 2093 140 39 Quicquid
678 2093 93 39 enim
736 2093 58 39 a
759 2093 82 39 Deo
806 2093 70 39 ab
841 2093 128 39 aeterno
923 2093 93 39 decre-

239 2127 80 34 lum
284 2127 57 34 &
307 2127 160 34 praescitum
433 2127 91 34 est,
490 2127 80 34 per
536 2127 149 34 Prophetas
650 2127 171 34 praedictum,
787 2127 57 34 &
810 2127 80 34 per
856 2127 126 34 figuras
936 2127 80 34 Vete-

227 2157 91 38 ris
279 2157 183 38 Testamenti
423 2157 196 38 adumbratum,
579 2157 65 38 &
605 2157 131 38 eventu
697 2157 196 38 comprobatum
853 2157 144 38 fineque
945 2157 65 38 re-

241 2194 149 38 quisitum;
355 2194 69 38 id
389 2194 172 38 necessarium
527 2194 92 38 est.
584 2194 80 38 Nam
630 2194 137 38 decretum
733 2194 57 38 &
756 2194 183 38 praescientia
905 2194 80 38 Dei
939 2194 80 38 falle

232 2234 75 35 non
275 2234 117 35 potest:
360 2234 53 35 &
381 2234 138 35 Scriptura
488 2234 96 35 solvi
552 2234 75 35 non
594 2234 117 35 potest,
679 2234 64 35 ut
711 2234 117 35 legitur
796 2234 106 35 Johan.
871 2234 75 35 10.
914 2234 96 35 vers.
967 2234 53 35 35.

225 2260 62 37 &
249 2260 124 37 verbum
336 2260 148 37 excidere
447 2260 87 37 non
497 2260 136 37 potest,
596 2260 99 37 Rom.
657 2260 74 37 9.
695 2260 111 37 vers.
769 2260 74 37 6.
806 2260 99 37 Deus
868 2260 136 37 mentiri
954 2260 62 37 non

244 2292 118 41 potest,
330 2292 86 41 Tit.
384 2292 64 41 1.
416 2292 97 41 vers.
480 2292 64 41 2.
512 2292 75 41 non
555 2292 107 41 potest
630 2292 107 41 cadere
705 2292 64 41 in
738 2292 107 41 terram
813 2292 97 41 ullum
877 2292 118 41 verbum,
963 2292 86 41 quod

232 2323 86 43 Deus
286 2323 129 43 loquutus
383 2323 86 43 est:
437 2323 54 43 &
458 2323 129 43 quicquid
555 2323 129 43 exsistit
652 2323 75 43 qua
695 2323 140 43 exsistit,
803 2323 162 43 necessarium
921 2323 65 43 est,

258 2356 79 41 Jam
303 2356 113 41 passio
382 2356 57 41 &
405 2356 91 41 mors
462 2356 57 41 a
485 2356 79 41 Deo
530 2356 125 41 decreta
621 2356 57 41 &
644 2356 148 41 praescita
757 2356 102 41 fuit,
825 2356 125 41 ideoque
905 2356 113 41 necessa-

232 2389 90 47 ria,
288 2389 101 47 sicut
355 2389 112 47 Petrus
433 2389 146 47 Apostolus
545 2389 78 47 ait
590 2389 112 47 Actor.
669 2389 67 47 2.
702 2389 101 47 vers.
770 2389 78 47 23.
814 2389 134 47 Christum
904 2389 112 47 definite

242 2419 90 46 illo
298 2419 134 46 consilio
399 2419 56 46 &
421 2419 202 46 praecognitione
589 2419 78 46 Dei
634 2419 134 46 deditum,
735 2419 56 46 &
757 2419 101 46 cruci
825 2419 123 46 affixum
903 2419 112 46 interem-

238 2453 112 44 tumqu.
316 2453 145 44 Similiter
428 2453 112 44 Actor.
506 2453 67 44 4.
540 2453 101 44 vers.
607 2453 78 44 27,
652 2453 78 44 28.
697 2453 112 44 dicunt
775 2453 134 44 fideles,
876 2453 90 44 quod
920 2453 90 44 hoster

238 2488 124 41 Christi
328 2488 147 41 fecerint,
441 2488 158 41 quaecunque
565 2488 102 41 manus
633 2488 56 41 &
655 2488 147 41 consilium
768 2488 79 41 Dei
813 2488 102 41 prius
881 2488 158 41 definierat

237 2524 73 40 ut
273 2524 145 40 fierent.
382 2524 169 40 Quapropter
515 2524 109 40 etiam
588 2524 157 40 passionis
709 2524 60 40 &
733 2524 121 40 mortis
817 2524 133 40 poculum
902 2524 121 40 auferri-

230 2556 87 42 erat
284 2556 141 42 ,
393 2556 174 42 impossibile,
534 2556 65 42 ut
567 2556 119 42 Dominus
654 2556 87 42 ipse
708 2556 76 42 ait
751 2556 109 42 Matth.
828 2556 76 42 26.
871 2556 98 42 vers.
936 2556 76 42 42.
969 2556 54 42 Pa-

236 2588 77 44 ter
280 2588 77 44 mi,
324 2588 66 44 si
357 2588 77 44 non
401 2588 110 44 potest
478 2588 77 44 hoc
522 2588 121 44 poculum
610 2588 99 44 abire
675 2588 55 44 a
697 2588 77 44 me,
741 2588 88 44 quin
796 2588 99 44 bibam
862 2588 110 44 ipsum,
939 2588 99 44 fiat.

229 2614 146 38 voluntas
326 2614 73 38 tua-

249 2654 110 49 Eadem
322 2654 159 49 praedicta
444 2654 98 49 fuit
505 2654 85 49 per
554 2654 159 49 Prophetas
676 2654 61 49 &
700 2654 122 49 typos,
785 2654 134 49 ideoque
871 2654 146 49 necessaria

223 2685 104 54 sicut
293 2685 127 54 Dominus
386 2685 81 54 ait
432 2685 93 54 Luc.
490 2685 70 54 2.
525 2685 104 54 vers.
594 2685 81 54 46.
641 2685 81 54 Ita
687 2685 139 54 scriptum
791 2685 93 54 est,
849 2685 58 54 &
872 2685 81 54 ita
907 2685 116 54 oportuit

226 2722 139 43 Christum
330 2722 104 43 pati.
400 2722 81 43 Huc
446 2722 127 43 faciunt
538 2722 104 43 etiam
608 2722 162 43 testimonia
735 2722 104 43 paulo
804 2722 92 43 ante
850 2722 127 43 allegata.

260 2756 89 44 Etsi
316 2756 100 44 autem
382 2756 111 44 passio
460 2756 56 44 &
483 2756 89 44 mors
538 2756 123 44 Christi
627 2756 156 44 necessaria
750 2756 111 44 fuerit
828 2756 67 44 ob
850 2756 156 44 praefinitio-

225 2787 83 50 nem
273 2787 59 50 &
296 2787 214 50 praescientiam,
475 2787 59 50 &
498 2787 71 50 ob
534 2787 202 50 praedictionem
700 2787 143 50 divinam,
807 2787 71 50 ac
843 2787 131 50 proinde
926 2787 83 50 Chri-

220 2823 100 47 stum
282 2823 100 47 pati
344 2823 62 47 &
369 2823 100 47 mori
431 2823 162 47 oportuit;
556 2823 87 47 non
605 2823 112 47 tamen
680 2823 112 47 culpa
755 2823 137 47 Satanae
854 2823 62 47 &
867 2823 149 47 instrumen-

225 2858 106 45 torum
296 2858 106 45 ejus,
366 2858 82 45 per
413 2858 94 45 quae
472 2858 153 45 passionem
589 2858 59 45 &
613 2858 117 45 mortem
695 2858 106 45 illam
765 2858 176 45 procuravit,
895 2858 117 45 excusari

219 2891 126 40 potest,
310 2891 103 40 sicut
379 2891 126 40 Dominus
471 2891 92 40 ipse
528 2891 115 40 docet,
609 2891 92 40 quum
666 2891 80 40 ait
712 2891 92 40 Luc.
769 2891 80 40 22.
815 2891 80 40 22.
861 2891 115 40 Filius
941 2891 92 40 qui

219 2929 82 43 dem
266 2929 141 43 hominis,
372 2929 105 43 prout
442 2929 152 43 definitum
559 2929 94 43 est,
618 2929 105 43 abit:
688 2929 164 43 verumtamen
817 2929 82 43 vae
864 2929 117 43 homini
934 2929 82 43 illi-

217 2954 80 54 per
262 2954 91 54 quem
319 2954 149 54 proditur.
434 2954 69 54 Et
468 2954 103 54 Matt.
537 2954 80 54 26.
582 2954 80 54 24.
628 2954 114 54 Filius
708 2954 114 54 quidem
788 2954 126 54 hominis
879 2954 103 54 abit,
948 2954 80 54 sic

225 2992 68 50 ut
259 2992 136 50 scriptum
361 2992 79 50 est
406 2992 68 50 de
440 2992 79 50 eo:
485 2992 79 50 vae
530 2992 102 50 autem
598 2992 113 50 homini
677 2992 91 50 illi
734 2992 79 50 per
779 2992 91 50 quem
836 2992 113 50 Filius
904 2992 113 50 hominis:

218 3025 145 43 proditur:
329 3025 100 43 bonum
396 3025 89 43 erat
452 3025 111 43 homini
529 3025 100 43 illi,
596 3025 67 43 si
630 3025 100 43 natus
696 3025 78 43 non
730 3025 111 43 fuisset.

255 3061 129 48 Dignus
345 3061 90 48 est
397 3061 116 48 locus
474 3061 180 48 ATHANASII,
616 3061 90 48 qui
667 3061 129 48 exstat
757 3061 155 48 tractatu
873 3061 77 48 in
899 3061 103 48 Passic

219 3094 93 56 nem
272 3094 67 56 &
299 3094 133 56 crucem
392 3094 147 56 Domini,
499 3094 107 56 tomo
565 3094 133 56 primo,
658 3094 133 56 pagina
752 3094 173 56 centesima
872 3094 133 56 octogesi

221 3125 76 54 ma
259 3125 139 54 septima
361 3125 63 54 &
386 3125 165 54 sequente,
513 3125 89 54 qui
564 3125 89 54 huc
614 3125 203 54 adscribatur:
779 3125 114 54 Multi
855 3125 114 54 certe
931 3125 89 54 qui
969 3125 89 54 inci-

215 3163 101 42 dunt
278 3163 76 42 in
316 3163 176 42 Evangelia,
455 3163 176 42 audiuntque
593 3163 113 42 illam
669 3163 113 42 vocem
744 3163 76 42 ut
782 3163 189 42 implerentur
921 3163 88 42 Scri-

212 3193 126 52 pturae,
303 3193 149 52 arbitrati
417 3193 103 52 sunt,
486 3193 103 52 nulla
555 3193 91 52 alia
612 3193 69 52 de
646 3193 103 52 causa
715 3193 91 52 illa
772 3193 103 52 facta
840 3193 103 52 esse,
909 3193 91 52 quam
955 3193 57 52 ut.

210 181 106 61 certo
281 181 141 61 habituri
387 181 94 61 sunt
446 181 106 61 vitam
517 181 153 61 aeternam.
635 181 94 61 Ista
694 181 83 61 tam
741 181 118 61 falsas
823 181 83 61 tam
870 181 130 61 absurda
965 181 106 61 sequi
1024 181 35 61 A

1047 221 81 38 qui
1094 221 93 38 ista
1152 221 140 38 egerunt,
1257 221 105 38 extra
1326 221 116 38 culpam
1408 221 105 38 esse,
1478 221 105 38 atque
1547 221 93 38 adeo
1606 221 105 38 laude
1675 221 128 38 dignos,
1768 221 93 38 quod
1815 221 58 38 non

1048 248 69 42 ut
1082 248 195 42 delinquentes,
1242 248 80 42 sed
1288 248 69 42 ut
1323 248 172 42 obsequentes
1460 248 161 42 Scripturis
1586 248 92 42 ista
1644 248 149 42 facerent:
1758 248 138 42 alioqui

1058 280 178 39 Prophetarum
1200 280 142 39 sermones
1307 280 83 39 non
1354 280 107 39 veros
1425 280 118 39 fuisse
1508 280 142 39 futuros,
1615 280 95 39 nisi
1674 280 95 39 acta
1733 280 95 39 ista
1780 280 95 39 subse-

1053 315 106 46 quuta
1124 315 153 46 fuissent:
1241 315 153 46 praecipue
1359 315 106 46 autem
1430 315 94 46 ista
1489 315 188 46 excerpserunt
1641 315 71 46 ex
1677 315 118 46 verbis
1747 315 118 46 Iohanni.

1057 354 73 31 in
1093 354 183 31 enarratione
1240 354 220 31 incredulitatis
1423 354 171 31 Iudaeorum,
1557 354 85 31 ubi
1606 354 134 31 inquit,
1703 354 146 31 secundum
1801 354 61 31 Pro

1051 380 131 43 phetiam
1146 380 143 43 Iesaiae;
1253 380 95 43 quum
1313 380 83 43 tot
1360 380 107 43 signa
1432 380 107 43 coram
1503 380 83 43 eis
1551 380 155 43 fecisset,
1670 380 83 43 non
1705 380 167 43 crediderunt.

1051 413 71 41 ut
1087 413 107 41 sermo
1158 413 130 41 Iesaiae
1252 413 95 41 quem
1312 413 118 41 dixit,
1394 413 178 41 impleretur,
1537 413 130 41 Domine,
1631 413 95 41 quis
1690 413 142 41 credidit
1785 413 83 41 audi-

1063 445 106 38 tioni
1134 445 141 38 nostrae,
1240 445 59 38 &
1263 445 141 38 brachium
1369 445 118 38 Domini
1452 445 82 38 cui
1499 445 153 38 revelatum
1617 445 94 38 est?
1676 445 71 38 Si
1711 445 94 38 enim
1770 445 94 38 ideo
1817 445 47 38 u-

1059 476 105 41 sermo
1129 476 140 41 Iesaiae,
1234 476 93 41 quem
1293 476 117 41 dixit,
1375 476 199 41 adimpleretur,
1538 476 82 41 non
1585 476 175 41 crediderunt
1725 476 128 41 Iudaei,
1807 476 58 41 non

1066 510 80 44 psi
1111 510 91 44 sibi
1168 510 91 44 ejus
1225 510 205 44 incredulitatis
1395 510 125 44 autores
1486 510 102 44 sant,
1555 510 80 44 sed
1600 510 68 44 is
1634 510 80 44 qui
1680 510 68 44 ea
1714 510 102 44 dixit
1771 510 102 44 futura;

1048 553 101 33 unde
1111 553 139 33 evenit,
1212 553 76 33 ut
1250 553 63 33 &
1275 553 113 33 opere
1351 553 189 33 impleretur.
1502 553 113 33 Aufer
1578 553 113 33 enim,
1654 553 164 33 inquiunt,
1767 553 101 33 sermo-

1047 585 86 33 nem
1096 585 172 33 Prophetae,
1231 585 61 33 &
1255 585 123 33 omnino
1341 585 135 33 futurum
1439 585 98 33 est,
1500 585 74 33 ut
1537 585 98 33 illi
1598 585 147 33 credant.
1708 585 147 33 Caeterum
1806 585 74 33 haec

1063 613 112 37 atque
1137 613 162 37 hujusmodi
1262 613 149 37 opinatio
1374 613 124 37 multum
1461 613 62 37 a
1485 613 149 37 veritate
1597 613 199 37 destituitur.
1759 613 87 37 Non
1796 613 75 37 enim

1061 643 136 38 Propheta
1162 643 102 38 istis
1230 643 102 38 autor
1298 643 90 38 est,
1354 643 102 38 neque
1422 643 113 38 Iudaei
1501 643 102 38 extra
1569 643 113 38 culpam
1648 643 113 38 istius
1716 643 158 38 incredulita-

1062 676 74 39 tis
1105 676 159 39 consistunt,
1232 676 74 39 sed
1274 676 127 39 Propheta
1370 676 74 39 ea,
1412 676 85 39 quae
1465 676 85 39 ipsi
1518 676 117 39 facturi
1603 676 106 39 essent
1677 676 159 39 prospiciens
1794 676 74 39 futur

1065 710 68 43 ra
1099 710 90 43 esse
1155 710 181 43 denunciavit,
1302 710 124 43 illique
1392 710 113 43 postea
1471 710 124 43 idipsum
1562 710 102 43 opere
1629 710 158 43 exsequuti,
1754 710 102 43 verum
1810 710 68 43 esse

1062 743 140 42 sermonem
1167 743 151 42 Prophetae
1283 743 209 42 declavaverunt.
1458 743 105 42 Neque
1528 743 70 42 ut
1563 743 186 42 inservientes
1702 743 175 42 Propheticis,.

1060 780 106 40 verbis
1134 780 85 40 isti
1187 780 106 40 contra
1261 780 127 40 Christum
1356 780 85 40 ausi
1409 780 95 40 sunt,
1473 780 74 40 sed
1515 780 74 40 suo
1557 780 116 40 ipsimet
1642 780 116 40 studio,
1726 780 106 40 spote,
1800 780 95 40 uole

1062 810 118 40 tesque
1145 810 94 40 illa
1204 810 224 40 perpetraverunt,
1393 810 71 40 ut
1428 810 83 40 non
1476 810 142 40 Propheta
1582 810 130 40 istarum
1676 810 106 40 rerum
1747 810 106 40 autor
1806 810 71 40 sit.

1066 842 85 41 aut
1114 842 121 41 causa,
1199 842 85 41 sed
1247 842 133 41 ipsorum
1344 842 157 41 voluntas,
1464 842 97 41 quin
1525 842 121 41 potius
1609 842 97 41 ipsi
1670 842 72 41 in
1706 842 109 41 causa
1766 842 121 41 fuerunt,

1063 876 71 38 ut
1099 876 107 38 talia
1170 876 71 38 de
1206 876 107 38 ipsis
1277 876 154 38 Prophetae
1396 876 226 38 praedivinarent.
1586 876 143 38 Siquidem
1693 876 154 38 Prophetae
1800 876 71 38 pro-

1061 909 114 45 prium
1137 909 88 45 est
1188 909 126 45 futura
1276 909 177 45 prospicere
1415 909 63 45 &
1441 909 76 45 in
1479 909 76 45 eo
1516 909 88 45 non
1567 909 202 45 hallucinari:
1731 909 139 45 hominum
1820 909 63 45 au-

1058 930 84 53 tem
1106 930 144 53 proprium
1214 930 84 53 est
1262 930 108 53 agere
1334 930 96 53 quod
1394 930 132 53 velint.
1489 930 72 53 Et
1525 930 120 53 sicuti
1609 930 132 53 oculis,
1705 930 180 53 contuentes,
1837 930 48 53 in

1069 977 160 37 contuendo
1192 977 86 37 non
1241 977 160 37 fallimur,
1365 977 111 37 neque
1439 977 123 37 aliter
1525 977 136 37 videmus
1624 977 62 37 &
1649 977 123 37 aliter
1735 977 86 37 res
1772 977 111 37 agitur:

1070 1010 88 35 sed
1121 1010 75 35 ut
1158 1010 126 35 agitur
1246 1010 151 35 videmus,
1359 1010 63 35 &
1384 1010 75 35 ut
1422 1010 138 35 videmus
1522 1010 138 35 agitur:
1623 1010 88 35 Ita
1673 1010 126 35 quoque
1748 1010 126 35 Propheta

1063 1043 119 36 futura
1146 1043 59 36 &
1170 1043 166 36 praesentia
1301 1043 166 36 cernebant,
1431 1043 107 36 verum
1503 1043 95 36 quae
1562 1043 166 36 cernebant,
1693 1043 154 36 oportebat
1800 1043 71 36 fie-

1059 1083 87 40 ri:
1108 1083 62 40 &
1133 1083 75 40 ea
1170 1083 99 40 quae
1233 1083 149 40 fiebant,
1344 1083 87 40 non
1394 1083 149 40 poterant
1506 1083 87 40 non
1556 1083 137 40 videre.
1655 1083 124 40 Rursum
1742 1083 75 40 ut
1780 1083 75 40 ea
1804 1083 75 40 quae

1072 1111 75 36 nos
1115 1111 118 36 nostris
1201 1111 107 36 oculis
1276 1111 161 36 cospicimus,
1404 1111 118 36 necesse
1490 1111 75 36 est
1533 1111 107 36 omnino
1608 1111 96 36 esse,
1672 1111 86 36 quum
1726 1111 64 36 ea
1758 1111 86 36 quae
1801 1111 75 36 sint.

1063 1144 82 36 sub
1110 1144 164 36 conspectum
1239 1144 141 36 veniant:
1344 1144 105 36 neque
1415 1144 105 36 fieri
1485 1144 117 36 potest
1567 1144 70 36 ut
1602 1144 117 36 aliter
1684 1144 105 36 sint,
1754 1144 94 36 quam
1813 1144 59 36 a
1824 1144 59 36 no-

1071 1174 84 36 bis
1119 1174 156 36 videntur:
1239 1174 84 36 ita
1288 1174 120 36 quoque
1372 1174 96 36 quae
1432 1174 60 36 a
1456 1174 156 36 Prophetis
1576 1174 241 36 prospiciebantur,
1769 1174 108 36 necessa

1066 1208 87 35 rium
1120 1208 87 35 erat
1174 1208 65 35 ea
1207 1208 97 35 esse:
1272 1208 97 35 neque
1337 1208 97 35 fieri
1401 1208 130 35 poterat,
1499 1208 65 35 ut
1531 1208 108 35 aliter
1607 1208 119 35 essent,
1693 1208 87 35 quam
1747 1208 87 35 ipsi
1791 1208 97 35 praevi

1041 1240 138 42 derant.

1101 1268 82 41 Nam
1148 1268 71 41 si
1184 1268 71 41 ea
1219 1268 94 41 quae
1278 1268 118 41 fiunt,
1360 1268 82 41 non
1407 1268 200 41 prospicerent,
1571 1268 82 41 jam
1618 1268 153 41 Prophetae
1736 1268 82 41 non
1771 1268 106 41 essent.

1069 1308 72 38 In
1105 1308 108 38 summa
1177 1308 72 38 id
1213 1308 84 38 pro
1261 1308 108 38 certo
1333 1308 120 38 haberi
1417 1308 120 38 debet,
1502 1308 156 38 Prophetas
1622 1308 84 38 non
1670 1308 108 38 solum
1742 1308 108 38 legum
1802 1308 84 38 esse.

1068 1340 161 35 magistros,
1195 1340 69 35 ut
1230 1340 92 35 quae
1287 1340 184 35 praecipiunt,
1437 1340 104 35 fieri
1506 1340 138 35 debeant:
1609 1340 81 35 sed
1655 1340 104 35 rerum
1724 1340 115 35 quoque
1793 1340 81 35 futur

1068 1374 106 36 rarum
1139 1374 130 36 indices
1234 1374 106 36 esse.
1304 1374 142 36 Siquidem
1411 1374 83 36 non
1458 1374 71 36 eo
1493 1374 94 36 quod
1552 1374 130 36 dicunt,
1647 1374 94 36 ideo
1706 1374 94 36 quid
1765 1374 94 36 sit:
1824 1374 83 36 sed

1075 1412 88 30 quia
1130 1412 66 30 id
1163 1412 121 30 futurum
1251 1412 88 30 est,
1306 1412 88 30 ideo
1361 1412 66 30 ab
1394 1412 99 30 illis
1460 1412 176 30 praedicitur:
1604 1412 77 30 nec
1648 1412 99 30 fieri
1714 1412 110 30 potest
1791 1412 66 30 ut
1813 1412 66 30 Pro-

1074 1439 121 40 bhetae
1159 1439 182 40 mentiantur,
1304 1439 97 40 quum
1365 1439 97 40 vere
1425 1439 145 40 videant.
1535 1439 73 40 Si
1571 1439 97 40 enim
1632 1439 85 40 res
1680 1439 85 40 sub
1716 1439 158 40 conditione.

1061 1479 57 39 &
1083 1479 69 39 in
1118 1479 103 39 dubio
1186 1479 160 39 haesitent,
1312 1479 80 39 non
1358 1479 206 39 pronunciassent
1529 1479 160 39 Prophetae.
1655 1479 114 39 Iudaei
1735 1479 91 39 ergo
1792 1479 80 39 sua
1826 1479 57 39 vo-

1062 1509 132 36 luntate
1158 1509 132 36 inducti
1254 1509 108 36 sunt,
1325 1509 72 36 ut
1361 1509 72 36 ea
1397 1509 156 36 facerent,
1517 1509 108 36 neque
1589 1509 120 36 sancti
1673 1509 84 36 per
1720 1509 84 36 sua
1768 1509 108 36 verba
1828 1509 60 36 ne-

1066 1540 164 35 cessitatem
1195 1540 117 35 addunt
1277 1540 152 35 negotiis,
1394 1540 70 35 ut
1429 1540 141 35 cogantur
1535 1540 82 35 ita
1582 1540 117 35 fieri:
1664 1540 82 35 sed
1710 1540 94 35 quum
1757 1540 129 35 praevide-

1070 1577 77 41 ant
1114 1577 111 41 studia
1192 1577 111 41 eorum,
1269 1577 188 41 uoluntatesque
1424 1577 77 41 qui
1468 1577 100 41 talia
1534 1577 111 41 acturi
1612 1577 100 41 sunt,
1678 1577 88 41 rem,
1733 1577 66 41 ut
1766 1577 77 41 est
1800 1577 77 41 futur

1067 1605 96 37 ra,
1122 1605 206 37 denunciant.
1287 1605 165 37 Hactenus
1397 1605 165 37 Athanasius

1102 1628 148 55 Praeterea
1215 1628 114 55 passio
1295 1628 57 55 &
1317 1628 91 55 mors
1374 1628 125 55 Christi
1465 1628 159 55 necessaria
1590 1628 79 55 est
1635 1628 136 55 eventiu,
1737 1628 79 55 qui
1771 1628 114 55 necessa-

1062 1674 98 31 rium
1123 1674 61 31 &
1147 1674 122 31 maxime
1233 1674 147 31 illustre
1343 1674 86 31 est
1392 1674 135 31 aeterni
1490 1674 135 31 decreti
1588 1674 122 31 divini
1674 1674 184 31 argumentum:
1809 1674 73 31 quia

1067 1708 101 39 nihil
1134 1708 124 39 evenit,
1224 1708 101 39 nilul
1291 1708 90 39 fit,
1348 1708 90 39 quod
1404 1708 79 39 non
1449 1708 157 39 decreverit
1572 1708 79 39 aut
1617 1708 135 39 efficere
1718 1708 79 39 aut
1752 1708 135 39 permittere

1071 1736 180 35 Omnipotens
1213 1736 116 35 Deus.
1290 1736 142 35 Denique
1393 1736 180 35 necessaria
1535 1736 103 35 fuit
1599 1736 193 35 necessitate
1754 1736 129 35 finis,
1831 1736 52 35 de

1064 1769 77 45 qua
1108 1769 110 45 alibi.

1143 1828 93 63 Sic
1196 1828 106 63 ergo
1262 1828 66 63 &
1288 1828 132 63 passio
1381 1828 66 63 &
1407 1828 106 63 mors
1473 1828 145 63 Christi
1579 1828 185 63 necessaria
1711 1828 93 63 fuit.

1100 1884 125 53 Eandem
1188 1884 113 53 tamen
1264 1884 125 53 passio
1351 1884 63 53 &
1377 1884 100 53 mors
1439 1884 138 53 Christi
1540 1884 100 53 fuit
1602 1884 188 53 contingens,
1753 1884 75 53 si
1778 1884 113 53 naturam

1064 1918 138 51 Christi
1165 1918 150 51 valentem
1278 1918 63 51 &
1303 1918 150 51 vegetam,
1416 1918 75 51 ac
1453 1918 176 51 voluntatem
1591 1918 125 51 illius
1679 1918 138 51 liberam
1767 1918 125 51 potesta-

1058 1961 175 32 temque(non
1195 1961 100 32 enim
1257 1961 137 32 coactus
1357 1961 125 32 passus
1445 1961 62 32 &
1470 1961 137 32 mortuus
1569 1961 100 32 est,
1632 1961 87 32 sed
1682 1961 137 32 volens)
1769 1961 125 32 conside-

1068 1994 102 35 res:
1132 1994 127 35 deinde
1221 1994 76 35 si
1259 1994 127 35 causas
1348 1994 165 35 secundas,
1475 1994 140 35 nimirum
1577 1994 114 35 Judam
1653 1994 191 35 proditorem,
1793 1994 102 35 Summos

1059 2023 185 45 Pontifices,
1206 2023 185 45 Sacerdores,
1354 2023 148 45 primores
1465 2023 123 45 populi
1551 2023 148 45 Judaici,
1662 2023 135 45 Pilatum
1761 2023 62 45 &
1773 2023 123 45 milites,

1059 2058 152 44 spectes;
1174 2058 127 44 quorum
1263 2058 152 44 operandi
1377 2058 178 44 principium
1517 2058 102 44 fuit
1580 2058 140 44 ipsorum
1682 2058 165 44 voluntas.
1796 2058 89 44 Eoque

1061 2093 63 41 &
1087 2093 151 41 consilio
1199 2093 63 41 &
1225 2093 201 41 exsequutione
1388 2093 176 41 contingens
1526 2093 100 41 fuit
1588 2093 138 41 Christi
1689 2093 176 41 perpessio.
1814 2093 63 41 Nam

1068 2126 69 40 ut
1103 2126 104 40 aliud
1173 2126 150 40 potuerunt
1288 2126 127 40 Christi
1381 2126 116 40 hostes
1462 2126 150 40 statuere:
1578 2126 81 40 sic
1624 2126 150 40 statutum,
1740 2126 116 40 mutata
1809 2126 58 40 vo-

1065 2159 142 31 luntate,
1171 2159 118 31 minime
1254 2159 142 31 exsequi,
1360 2159 71 31 ut
1396 2159 94 31 ante
1455 2159 142 31 crebrius
1561 2159 177 31 contigerat.
1703 2159 83 31 Ita
1738 2159 142 31 contingen-

1059 2196 95 38 tia,
1119 2196 71 38 id
1154 2196 95 38 est,
1214 2196 95 38 ordo
1273 2196 107 38 inter
1344 2196 119 38 causam
1427 2196 59 38 &
1451 2196 143 38 effectum
1558 2196 166 38 mutabilem,
1689 2196 83 38 cum
1725 2196 154 38 necessitate

1071 2225 131 40 eventus
1166 2225 72 40 ex
1202 2225 155 40 hypothesi
1321 2225 131 40 decreti
1417 2225 119 40 divini
1500 2225 119 40 optime
1584 2225 155 40 congruit:
1703 2225 95 40 quia
1751 2225 119 40 mediorum

1064 2260 128 39 naturam
1157 2260 81 39 non
1204 2260 128 39 tollit,
1296 2260 81 39 sed
1343 2260 128 39 tuetur,
1436 2260 104 39 eaque
1505 2260 116 39 utitur
1587 2260 58 39 &
1610 2260 139 39 ordinat,
1714 2260 104 39 tanta
1772 2260 93 39 sapier

1059 2290 82 52 tia
1106 2290 59 52 &
1130 2290 200 52 oportunitate,
1294 2290 71 52 ut
1330 2290 71 52 ex
1365 2290 118 52 causis
1447 2290 223 52 contingentibus,
1635 2290 94 52 sine
1694 2290 94 52 ulla
1741 2290 129 52 coactione

1066 2326 131 39 eventus
1162 2326 167 39 destinatus
1293 2326 167 39 necessario
1413 2326 155 39 consequatur

1092 2357 84 41 Sic
1140 2357 132 41 itaque,
1236 2357 84 41 ait
1284 2357 180 41 Augustinus,
1428 2357 180 41 administrat
1573 2357 96 41 Deus
1633 2357 108 41 omnia
1705 2357 96 41 quae
1753 2357 120 41 creavit.

1062 2392 75 49 ut
1100 2392 113 49 etiam
1175 2392 100 49 ipsa
1238 2392 151 49 proprios
1351 2392 151 49 exercere
1464 2392 63 49 &
1489 2392 113 49 agere
1565 2392 113 49 motus
1640 2392 126 49 sinat.
1728 2392 88 49 Qua
1778 2392 75 49 re
1803 2392 63 49 ne-

1061 2428 94 39 Deus
1120 2428 130 39 peccati
1214 2428 106 39 autor
1285 2428 94 39 fit:
1344 2428 82 39 nec
1391 2428 165 39 voluntatis
1520 2428 130 39 nativam
1615 2428 177 39 libertatem,
1756 2428 82 39 nec
1791 2428 71 39 cor-

1060 2459 152 47 siliorum
1174 2459 89 47 aut
1225 2459 127 47 operum
1314 2459 216 47 caeterorumque
1492 2459 152 47 mediorum
1606 2459 114 47 usum,
1682 2459 140 47 decreti
1783 2459 63 47 &
1796 2459 76 47 pre-

1062 2491 151 40 scientiae
1178 2491 81 40 Dei
1225 2491 162 40 necessitas
1352 2491 162 40 subvertit,
1480 2491 81 40 sed
1527 2491 116 40 potius
1608 2491 151 40 stabilit.
1724 2491 93 40 Quod
1770 2491 93 40 genera

1065 2525 86 38 tim
1114 2525 86 38 jam
1163 2525 135 38 dictum,
1260 2525 73 38 ad
1297 2525 110 38 facta
1371 2525 159 38 Judaeorum
1493 2525 61 38 &
1517 2525 122 38 Pilati
1603 2525 147 38 Christum
1701 2525 171 38 interficien-

1065 2560 103 38 tium
1130 2560 194 38 accommodari
1285 2560 129 38 debet.

1157 2610 105 63 Haec
1223 2610 79 63 de
1262 2610 198 63 necessitate
1420 2610 66 63 &
1447 2610 211 63 contingentia
1618 2610 171 63 passionis
1736 2610 40 63 &

1359 2660 136 58 mortis
1441 2660 123 58 Christ.

1086 2717 86 44 II.
1135 2717 110 44 Eadem
1208 2717 123 44 passio
1294 2717 61 44 &
1319 2717 98 44 mors
1380 2717 135 44 Christi
1478 2717 98 44 fuit
1539 2717 98 44 vera
1601 2717 74 44 ac
1638 2717 86 44 non
1687 2717 159 44 putativa:
1809 2717 98 44 quia
1858 2717 37 44 &

1054 2758 154 37 assumptio
1173 2758 130 37 naturae
1268 2758 130 37 humanae
1362 2758 83 37 non
1410 2758 71 37 in
1445 2758 166 37 phantasia,
1576 2758 83 37 sed
1623 2758 71 37 in
1659 2758 142 37 veritate
1766 2758 107 37 fuit.
1825 2758 71 37 Quo-

1055 2792 115 40 circa
1132 2792 128 40 passus
1221 2792 64 40 &
1247 2792 140 40 mortuus
1349 2792 89 40 est
1400 2792 153 40 Christus
1515 2792 89 40 non
1566 2792 153 40 opinione
1681 2792 64 40 &
1694 2792 204 40 imaginatione,s

1060 2823 86 37 sed
1109 2823 111 37 vere:
1183 2823 86 37 non
1232 2823 99 37 sine
1294 2823 136 37 dolore,
1393 2823 86 37 sed
1442 2823 86 37 cum
1491 2823 136 37 dolore.
1590 2823 86 37 Jam
1639 2823 99 37 inde
1701 2823 62 37 a
1725 2823 173 37 temporibus
1849 2823 49 37 A-

1058 2865 181 35 postolorum
1200 2865 91 35 non
1252 2865 142 35 fuerunt
1356 2865 181 35 haeretici,
1498 2865 91 35 qui
1550 2865 220 35 praedicarunt,
1731 2865 155 35 Christum
1834 2865 65 35 non

1065 2890 140 34 ,
1167 2890 89 34 sed
1471 2890 127 34 passum
1560 2890 63 34 &
1585 2890 140 34 mortuum
1687 2890 114 34 esse.
1750 2890 127 34 Hereses

1052 2922 133 40 istius
1145 2922 146 40 autorem
1251 2922 186 40 Augustinus
1397 2922 119 40 facit
1476 2922 172 40 Gerdonem,
1609 2922 133 40 eundem
1702 2922 159 40 sequutus
1808 2922 66 40 est

1066 2957 156 36 Marcion,
1183 2957 104 36 quem
1248 2957 182 36 Polycarpus
1391 2957 208 36 primogenitum
1561 2957 143 36 Satanae
1665 2957 195 36 appellavit;
1808 2957 78 36 ean-

1058 2988 91 49 dem
1110 2988 143 49 amplexi
1214 2988 104 49 sunt
1265 2988 143 49 Manichaei

1084 3029 123 38 Eadem
1166 3029 164 38 profecto
1289 3029 164 38 sequitur
1412 3029 123 38 etiam
1494 3029 82 38 ex
1535 3029 164 38 doctrina
1644 3029 232 38 Ubiquitatiorum:

1059 3063 88 38 nam
1110 3063 75 38 si
1147 3063 150 38 Christus
1260 3063 138 38 corpore
1360 3063 88 38 suo
1410 3063 100 38 inde
1473 3063 75 38 ab
1510 3063 200 38 incarnatione
1673 3063 125 38 ubique
1761 3063 113 38 fuit;
1823 3063 63 38 tum

1062 3095 160 42 nequaquam
1185 3095 99 42 vere
1247 3095 123 42 passus
1333 3095 62 42 &
1358 3095 136 42 mortuus
1456 3095 99 42 est,
1518 3095 86 42 sed
1568 3095 123 42 tantum
1654 3095 173 42 imaginarie
1790 3095 86 42 seu
1827 3095 49 42 o

1044 3130 118 49 pinione

1102 3156 136 46 Refutat
1200 3156 111 46 illam
1275 3156 173 46 praedictio
1411 3156 198 46 Paradisiaca:
1571 3156 86 46 Nam
1621 3156 99 46 quia
1682 3156 136 46 Christo
1769 3156 111 46 Semini:

1064 3194 93 53 illi
1122 3194 139 53 mulieris
1227 3194 128 53 serpens
1320 3194 93 53 illi
1378 3194 139 53 antiquus
1482 3194 151 53 calcaneum
1598 3194 174 53 contriturus
1738 3194 104 53 erat;
1796 3194 81 53 Chri
