2063 3432
214 189 96 75 qua
269 189 109 75 voce
337 189 137 75 Actor.
433 189 82 75 2.
474 189 96 75 vox
529 189 151 75 Hebraea
639 189 68 75 I
666 189 178 75 redditur,
803 189 192 75 significet
940 189 109 75 semper

222 232 162 53 infernum,
346 232 137 53 nunquam
446 232 174 53 sepulcrum,
582 232 124 53 capite
670 232 174 53 duodecimo,
806 232 149 53 sectione
906 232 112 53 octava.

224 268 95 50 Inde
283 268 154 50 colligit,
402 268 130 50 Christi
497 268 118 50 animam
580 268 59 50 a
603 268 130 50 corpore
698 268 154 50 separatam
817 268 95 50 vere
876 268 59 50 &
888 268 130 50 localiter

212 302 69 52 ad
247 302 138 52 inferos,
351 302 81 52 hoc
397 302 92 52 est,
455 302 104 52 locum
524 302 138 52 gehennae
616 302 150 52 descendisse

248 320 118 66 RESP.
327 320 131 66 Nomine
418 320 131 66 animae
510 320 144 66 hominis
615 320 144 66 proprie
720 320 171 66 intelligi
851 320 131 66 partem
930 320 92 66 alte-

215 364 88 52 tam
266 364 139 52 hominis
367 364 202 52 spiritualem,
530 364 101 52 nemo
593 364 151 52 dubitat,
707 364 88 52 sed
757 364 88 52 hoc
808 364 76 52 in
846 364 101 52 loco
896 364 126 52 CFristum

214 400 118 58 ipsum
292 400 131 58 animam
384 400 105 58 suam
449 400 118 58 David
528 400 131 58 vocat.
619 400 92 58 Nam
672 400 131 58 Petrus
763 400 170 58 Apostolus
894 400 131 58 Actor.
973 400 39 58 2

225 429 144 55 allegans
333 429 96 55 haec
393 429 120 55 verba,
477 429 144 55 ostendit
585 429 132 55 Davidem
680 429 84 55 non
728 429 72 55 de
764 429 72 55 se
800 429 72 55 ea
836 429 132 55 dicere,
932 429 84 55 sed
968 429 48 55 de

223 460 124 58 Christo
313 460 102 58 vers.
381 460 68 58 24
415 460 79 58 25.
460 460 57 58 &
483 460 136 58 apertius
584 460 90 58 vers
641 460 79 58 31.
686 460 147 58 Praescius
799 460 136 58 loquutus
901 460 79 58 est
946 460 68 58 de
969 460 57 58 re-

216 498 181 64 surrectione
361 498 145 64 Christi,
469 498 84 64 non
517 498 169 64 derelictam
650 498 96 64 esse
710 498 96 64 apud
771 498 133 64 inferos
867 498 121 64 animam
940 498 72 64 ejus

227 531 106 50 neque
298 531 117 50 carnem
380 531 94 50 ejus
439 531 141 50 sensisse
544 531 200 50 corruptionem.
709 531 153 50 Similiter
826 531 153 50 Apostolus
932 531 94 50 Paulus

217 562 88 57 ait,
272 562 121 57 Davidem
360 562 77 57 non
403 562 66 57 de
436 562 77 57 se,
480 562 77 57 sed
524 562 66 57 de
557 562 121 57 Christo
644 562 110 57 loqui,
721 562 66 57 ut
754 562 110 57 videre
831 562 77 57 est
875 562 110 57 Actor.
951 562 77 57 13.
984 562 44 57 v.

224 595 81 58 35.
271 595 58 58 &
294 595 104 58 seqq.
364 595 93 58 Ideo
422 595 58 58 &
445 595 104 58 alias
514 595 116 58 dicit,
596 595 81 58 Non
642 595 104 58 sines
712 595 128 58 Sanctum
805 595 104 58 illum
874 595 93 58 tuum
921 595 104 58 sentira

226 630 221 50 corruptionem.
408 630 91 50 Nam
460 630 117 50 David
538 630 130 50 quidem
629 630 156 50 postquam
747 630 117 50 atate
825 630 91 50 sua
864 630 169 50 inservivit.

233 664 75 51 Dei
276 664 139 51 consilio,
383 664 160 51 obdormivit,
511 664 53 51 &
533 664 139 51 appositus
640 664 75 51 est
683 664 128 51 patribus
779 664 96 51 suis,
843 664 139 51 sensitque
939 664 86 51 corru-

224 700 143 58 ptionem:
332 700 72 58 At
367 700 72 58 is
403 700 96 58 quem
463 700 96 58 Deus
523 700 167 58 excitavit,
654 700 84 58 non
702 700 119 58 sensit
774 700 167 58 corruptionem

253 709 157 69 Quocirca
371 709 118 69 David
450 709 92 69 per
502 709 131 69 animam
594 709 105 69 suam
660 709 92 69 hoc
712 709 105 69 loco
778 709 184 69 intelligit
909 709 131 69 Christum

232 773 136 41 Dominum,
334 773 79 41 qui
379 773 113 41 revera
458 773 79 41 est
504 773 102 41 anima
572 773 57 41 &
594 773 91 41 vita
651 773 91 41 illa
708 773 125 41 nostra,
798 773 125 41 Coloss.
889 773 68 41 3.
923 773 102 41 vers.
980 773 45 41 4.

229 805 91 48 quia
285 805 91 48 ipse
342 805 102 48 vivit
410 805 68 48 in
444 805 113 48 nobis,
524 805 102 48 sicut
592 805 113 48 Paulus
671 805 79 48 ait
716 805 113 48 Galat.
796 805 68 48 2.
830 805 102 48 vers.
898 805 79 48 20.
943 805 79 48 Una
977 805 57 48 cum

225 831 129 50 Christo
319 831 164 50 crucifixus
448 831 94 50 sum.
507 831 94 50 Vivo
565 831 105 50 autem
636 831 82 50 non
682 831 129 50 amplius
776 831 94 50 ego,
835 831 82 50 sed
882 831 105 50 vivit
952 831 70 50 in
975 831 59 50 me-

232 875 163 41 Christus:
358 875 63 41 &
383 875 113 41 vitam
458 875 100 41 quam
520 875 100 41 nunc
583 875 100 41 vivo
645 875 75 41 in
683 875 125 41 carne,
770 875 100 41 vivo
833 875 88 41 per
883 875 113 41 fidem
945 875 88 41 illam

226 900 110 48 Filij
299 900 98 48 Dei,
360 900 85 48 qui
409 900 134 48 dilexit
506 900 85 48 me,
555 900 61 48 &
580 900 146 48 tradidit
689 900 171 48 semetipsum
824 900 85 48 pro
872 900 85 48 me.
921 900 98 48 Ipse
970 900 61 48 est

227 932 136 63 Princeps
329 932 113 63 vitae,
408 932 91 63 quem
464 932 113 63 Judaei
544 932 193 63 interemerunt,
702 932 68 63 ut
736 932 125 63 legitur
827 932 102 63 Acto.
895 932 91 63 cap.
940 932 102 63 tertio-

226 976 87 42 vers.
275 976 48 42 15.

253 988 123 52 Deinde
339 988 159 52 infernum,
461 988 86 52 hoc
510 988 98 52 loco
571 988 184 52 significare
718 988 110 52 locum
792 988 172 52 cruciandis
914 988 123 52 reprobis

223 1038 187 41 destigatum,
372 1038 149 41 negatur.
484 1038 149 41 Probatio
596 1038 87 41 est
645 1038 124 41 falsa,
733 1038 112 41 nempe
807 1038 112 41 vocem
932 1038 100 41 semper

217 1065 204 48 significare
381 1065 177 48 infernum,
517 1065 150 48 nunquam
626 1065 191 48 sapulcrum.
775 1065 95 48 Nam
830 1065 95 48 vox
884 1065 136 48 Graeca
966 1065 68 48 u

221 1102 164 54 respondet
347 1102 151 54 Hebraeae
461 1102 101 54 yJN&
524 1102 139 54 Scheoi,
625 1102 63 54 &
650 1102 63 54 a
675 1102 126 54 Graeco
763 1102 176 54 interprete
902 1102 88 54 sic
940 1102 88 54 verti

226 1143 87 45 tur
275 1143 149 45 pluribus
387 1143 124 45 locis,
473 1143 74 45 in
510 1143 124 45 quibus
597 1143 161 45 nequaquam
721 1143 111 45 locus
795 1143 186 45 tormentorum
931 1143 99 45 sempi-

229 1180 134 43 ternorum
329 1180 201 43 intelligendus,
497 1180 78 43 sed
542 1180 156 43 sepulcrum:
664 1180 67 43 ut
698 1180 67 43 1.
731 1180 89 43 Reg.
787 1180 67 43 2.
821 1180 89 43 ver.
877 1180 67 43 6.
910 1180 78 43 ait
944 1180 89 43 Davie-

227 1215 137 40 Salomoni
329 1215 68 40 de
363 1215 114 40 Jacob.
488 1215 137 40 g
966 1215 68 40 id
989 1215 57 40 est

238 1255 81 40 non
285 1255 127 40 deduces
377 1255 138 40 canitiem
481 1255 92 40 ejus
538 1255 138 40 pacifice
642 1255 69 40 ad
677 1255 138 40 inferos,
780 1255 69 40 ut
815 1255 127 40 Vulgata
907 1255 115 40 Latina
976 1255 58 40 ha-

239 1287 89 30 bet,
295 1287 101 30 vers.
362 1287 67 30 9.
395 1287 67 30 de
429 1287 123 30 Semejo,
552 1287 134 30 lg
864 1287 112 30 j
976 1287 67 30 ,

230 1314 82 42 hoc
277 1314 94 42 est,
336 1314 59 42 &
360 1314 129 42 deduces
454 1314 106 42 canos
524 1314 94 42 ejus
583 1314 82 42 cum
630 1314 141 42 sanguine
736 1314 71 42 ad
771 1314 141 42 inferos,
877 1314 106 42 juxta
936 1314 94 42 Vulga-

227 1345 92 41 tam
280 1345 158 41 Latinam:
398 1345 106 41 Quis
464 1345 145 41 dixerit
570 1345 92 41 aut
623 1345 211 41 concesserit,
794 1345 145 41 Davidem
900 1345 92 41 hic
939 1345 106 41 locum,

226 1383 187 36 tormentorum
375 1383 175 36 aeternorum
513 1383 212 36 intellexisse?
687 1383 100 36 quae
750 1383 87 36 res
800 1383 87 36 nec
850 1383 112 36 Regem
925 1383 100 36 pium
975 1383 62 36 de-

237 1420 96 33 cet,
297 1420 84 33 nec
345 1420 155 33 politicae
464 1420 60 33 &
488 1420 179 33 judiciariae
631 1420 191 33 Magistratuum
786 1420 179 33 cognitionis
930 1420 96 33 est.
977 1420 72 33 Item

238 1449 86 43 Job.
292 1449 75 43 14.
335 1449 97 43 vers.
400 1449 75 43 13.
443 1449 75 43 ait
486 1449 108 43 Jobus:
562 1449 65 43 c
820 1449 140 43 ,
928 1449 119 43 i

506 1486 109 36 ,
578 1486 85 36 hoc
627 1486 97 36 est,
687 1486 60 36 O
711 1486 121 36 utinam
796 1486 73 36 in
832 1486 133 36 inferno
929 1486 73 36 me
953 1486 97 36 custo-

234 1512 105 41 dias:
304 1512 81 41 vel
351 1512 70 41 ut
386 1512 128 41 Vulgata
479 1512 116 41 habet:
560 1512 93 41 Quis
618 1512 93 41 mihi
677 1512 81 41 hoc
723 1512 140 41 tribuat,
828 1512 70 41 ut
863 1512 70 41 in
898 1512 128 41 inferno
979 1512 70 41 pro-

248 1546 102 41 tegus
316 1546 79 41 me,
361 1546 57 41 &
384 1546 148 41 abscondas
497 1546 68 41 me
531 1546 102 41 donec
599 1546 170 41 pertranseat
736 1546 102 41 furor
804 1546 102 41 tuus?
872 1546 91 41 Quis
929 1546 136 41 dixerit:

251 1579 75 37 aut
294 1579 171 37 concesserit,
433 1579 75 37 hic
476 1579 75 37 per
572 1579 75 37 seu
615 1579 128 37 infernum
711 1579 225 37 intellexisseJobum
904 1579 96 37 locum
957 1579 86 37 damna.

244 1615 74 36 tis
287 1615 64 36 in
319 1615 127 36 aeternum
414 1615 148 36 cruciandis
530 1615 159 36 destinatum?
658 1615 74 36 hoc
700 1615 53 36 n
721 1615 127 36 furentis
817 1615 127 36 fuisset,
912 1615 64 36 ac
944 1615 74 36 non
975 1615 64 36 vit-

245 1644 133 41 religiosi
347 1644 102 41 piique
418 1644 122 41 optatum.
510 1644 61 41 Et
541 1644 61 41 c.
571 1644 71 41 17.
612 1644 71 41 13.
653 1644 82 41 ait:
786 1644 122 41 ,
969 1644 82 41 ,

502 1677 122 40 ,
591 1677 78 40 hoc
635 1677 89 40 est,
691 1677 67 40 Si
724 1677 166 40 sustinuero,
857 1677 133 40 infernus
957 1677 78 40 don
991 1677 55 40 mea

249 1713 84 41 est,
301 1713 52 41 &
322 1713 126 41 tenebris
416 1713 115 41 stratus
500 1713 73 41 est
542 1713 126 41 lectulus
636 1713 94 41 meus:
699 1713 63 41 Et
730 1713 94 41 vers.
793 1713 84 41 ult.
866 1713 63 41 P

393 1754 73 36 id
430 1754 98 36 est,
491 1754 73 36 an
527 1754 110 36 mecum
601 1754 73 36 in
637 1754 146 36 infernum
747 1754 183 36 descendent?
894 1754 134 36 Vulgata
979 1754 61 36 ha-

253 1777 91 39 bet:
309 1777 68 39 In
344 1777 205 39 profundissimum
514 1777 136 39 infernum
616 1777 159 39 descendent
741 1777 102 39 omnia
810 1777 91 39 mea:
866 1777 114 39 Absit,
946 1777 68 39 ut
969 1777 68 39 hae-

251 1812 82 38 duo
298 1812 93 38 loca
356 1812 117 38 aliter
438 1812 93 38 quam
497 1812 70 38 de
532 1812 140 38 sepulcro
637 1812 210 38 interpretemur.
812 1812 152 38 Similiter
929 1812 117 38 Psalm.
999 1812 47 38 6.

247 1843 93 39 vers.
309 1843 62 39 5.
755 1843 73 39 ,-

301 1878 139 36 ;
406 1878 128 36 Quoniam
499 1878 81 36 non
545 1878 81 36 est
592 1878 70 36 in
627 1878 105 36 morte
696 1878 81 36 qui
743 1878 105 36 memor
813 1878 81 36 sit
859 1878 93 36 tui:
917 1878 70 36 in
940 1878 105 36 inferno

253 1910 94 37 autem
315 1910 83 37 quis
367 1910 166 37 confitebitur
502 1910 94 37 tibi?
565 1910 62 37 Et
596 1910 94 37 Jesa.
658 1910 73 37 38.
700 1910 94 37 vers.
762 1910 73 37 18.
804 1910 52 37 8
825 1910 73 37 79
866 1910 62 37 o-

293 1944 74 36 ,
378 1944 63 36 o
653 1944 74 36 ,
695 1944 74 36 hoc
737 1944 85 36 est,
790 1944 74 36 non
832 1944 85 36 enim
885 1944 74 36 qui
927 1944 63 36 in
948 1944 85 36 infer-

246 1981 71 45 no
282 1981 95 45 sunt
341 1981 154 45 laudabunt
459 1981 83 45 te,
507 1981 107 45 neque
578 1981 118 45 mortui
661 1981 166 45 benedicent
791 1981 107 45 tibi.
862 1981 107 45 Eodem
933 1981 95 45 cap.
981 1981 59 45 38.

247 2011 96 35 vers.
311 2011 74 35 10.
354 2011 74 35 ait
396 2011 64 35 de
428 2011 64 35 se
460 2011 128 35 Ezechias
556 2011 74 35 rex
598 2011 96 35 pius:

502 2049 96 34 .
562 2049 120 34 Psalm.
646 2049 96 34 140.
707 2049 108 34 vers.
779 2049 72 34 9.

409 2073 104 42 :
478 2073 151 42 Dissipata
594 2073 93 42 sunt
652 2073 93 42 ossa
710 2073 116 42 nostro
791 2073 104 42 secus
861 2073 151 42 infernum.
976 2073 93 42 Quid

246 2113 142 36 pluribus
353 2113 95 36 opus
412 2113 95 36 est?
471 2113 95 36 Haec
531 2113 95 36 loca
590 2113 190 36 sufficienter
744 2113 130 36 docent,
839 2113 95 36 quod
898 2113 83 36 vox
933 2113 107 36 Hebraea

246 2148 119 37 ,
330 2148 60 37 &
354 2148 119 37 Graeca
437 2148 107 37 &ns,
509 2148 60 37 &
533 2148 119 37 Latina
616 2148 143 37 infernus
724 2148 84 37 non
771 2148 119 37 semper
855 2148 72 37 in
891 2148 119 37 sacris
962 2148 72 37 lite

247 2172 87 44 tis
296 2172 173 44 significet
432 2172 111 44 locum
506 2172 185 44 damnatorum,
655 2172 87 44 sed
704 2172 111 44 saepe
778 2172 173 44 sepulcrum.
902 2172 136 44 Similiter

235 2205 145 38 accipitur
347 2205 112 38 Actor.
425 2205 67 38 2.
458 2205 67 38 v.
492 2205 78 38 27.
536 2205 56 38 &
559 2205 78 38 31.
603 2205 78 38 pro
648 2205 145 38 sepulero.
760 2205 78 38 Non
804 2205 112 38 potest
883 2205 112 38 igitur
961 2205 67 38 ex
983 2205 56 38 hoc

248 2245 93 44 loco
307 2245 140 44 colligi,
411 2245 116 44 animam
493 2245 128 44 Christi
586 2245 58 44 a
609 2245 128 44 corpore
702 2245 81 44 per
748 2245 116 44 mortem
830 2245 163 44 separatam,
958 2245 70 44 in
981 2245 58 44 lo-

243 2269 91 43 cum
295 2269 181 43 damnatorum
425 2269 181 43 descendisse.

277 2303 144 53 Replicat
385 2303 180 53 Bellarminus
530 2303 108 53 eodem
602 2303 120 53 capite
686 2303 156 53 duodecimo
806 2303 120 53 citati
891 2303 108 53 libri
951 2303 84 53 sect?

240 2333 204 55 decimatertia:
408 2333 120 55 Animam
492 2333 120 55 opponi
576 2333 108 55 carni
647 2333 60 55 a
671 2333 108 55 Petro
743 2333 72 55 in
779 2333 108 55 hujus
851 2333 96 55 loci
899 2333 132 55 citatione

242 2371 112 54 Actor.
320 2371 67 54 2.
354 2371 101 54 vers.
422 2371 79 54 31.
467 2371 124 54 Proinde
557 2371 112 54 animam
635 2371 79 54 hic
680 2371 124 54 proprie
770 2371 112 54 accipi
849 2371 79 54 pro
894 2371 112 54 altera
961 2371 79 54 parte

240 2407 122 40 bumana
325 2407 134 40 naturae
423 2407 146 40 Christi.
533 2407 98 40 Ergo
594 2407 73 40 si
630 2407 98 40 caro
691 2407 98 40 fuit
752 2407 73 40 in
789 2407 159 40 sepulcro,
911 2407 85 40 tum
947 2407 98 40 animam

229 2446 129 44 necesse
323 2446 82 44 est
370 2446 117 44 fuisse
452 2446 70 44 in
487 2446 141 44 inferno,
593 2446 82 44 hoc
640 2446 94 44 est,
699 2446 70 44 in
734 2446 94 44 loco
793 2446 141 44 damnatis
898 2446 153 44 destinato
1004 2446 35 44 &

217 2470 109 42 limbo-

266 2498 179 62 RESPOND.
400 2498 119 62 Nego
475 2498 223 62 antecedens:
653 2498 104 62 Nam
713 2498 134 62 anima
802 2498 104 62 hoc
862 2498 119 62 loco
936 2498 104 62 non
981 2498 104 62 oppo-

246 2533 110 54 nitur
319 2533 122 54 carni.
405 2533 122 54 Quorum
490 2533 98 54 enim
551 2533 134 54 alterum
649 2533 86 54 est
698 2533 171 54 explicatio
832 2533 159 54 alterius,
954 2533 73 54 ea
979 2533 61 54 non

239 2570 98 48 sunt
300 2570 160 48 opposita:
423 2570 111 48 Atqui
497 2570 172 48 posteriore
632 2570 123 48 membro
718 2570 111 48 hujus
791 2570 123 48 versus
877 2570 147 48 explicat
976 2570 61 48 Da-

240 2609 91 50 vid
292 2609 117 50 prius
370 2609 156 50 membrum,
487 2609 78 50 ut
526 2609 156 50 ostendat
643 2609 78 50 se
683 2609 91 50 per
735 2609 130 50 animam
826 2609 104 50 suam
878 2609 169 50 intelligere

236 2643 139 46 Sanctum
338 2643 114 46 illum
414 2643 89 46 qui
465 2643 89 46 dat
515 2643 114 46 mundo
591 2643 127 46 vitam:
680 2643 63 46 &
705 2643 89 46 non
756 2643 203 46 derelinquere
908 2643 127 46 inferno.

232 2671 96 57 idem
292 2671 96 57 esse
352 2671 96 57 quod
412 2671 84 57 non
459 2671 120 57 sinere
543 2671 120 57 carnem
627 2671 96 57 ejus
687 2671 120 57 videre
771 2671 203 57 corruptionem,
938 2671 72 57 ac
962 2671 72 57 pro-

235 2705 92 53 inde
292 2705 69 53 ex
326 2705 126 53 mortuis
418 2705 149 53 excitare.
533 2705 115 53 Petrus
614 2705 115 53 autem,
694 2705 92 53 haec
752 2705 103 53 verba
821 2705 138 53 allegaus
924 2705 103 53 vers.
982 2705 57 53 31.

240 2740 189 45 interpretem
391 2740 113 45 simul
467 2740 113 45 agit,
542 2740 63 45 &
567 2740 101 45 quum
630 2740 201 45 Synecdochice
794 2740 75 45 in
831 2740 126 45 Psalmo
919 2740 151 45 dicatur,

240 2776 86 43 non
289 2776 111 43 fines
363 2776 136 43 Sanctum
462 2776 111 43 illum
536 2776 99 43 tuum
598 2776 123 43 videre
684 2776 210 43 corruptionem,
857 2776 136 43 proprie
956 2776 74 43 id
980 2776 62 43 se-

232 2810 131 35 cundum
324 2810 131 35 carnem
416 2810 223 35 intelligendum
600 2810 131 35 docet.

274 2839 170 57 Quapropter
407 2839 230 57 interpretatione
601 2839 206 57 Bellarminiana
771 2839 145 57 rejecta,
880 2839 109 57 Petri
952 2839 61 57 &
964 2839 73 57 Pau-

229 2863 75 49 li
266 2863 248 49 interpretationem
465 2863 161 49 retineamus.

274 2907 132 54 Quintus
370 2907 108 54 locus
442 2907 84 54 est
489 2907 120 54 Roman.
573 2907 84 54 10.
621 2907 72 54 7.
657 2907 72 54 Ne
693 2907 108 54 dicas
765 2907 72 54 in
801 2907 108 54 corde
872 2907 96 54 tuo;
932 2907 96 54 Quis
980 2907 60 54 de-

240 2929 128 65 scendet
334 2929 70 65 in
369 2929 140 65 abyssum,
474 2929 70 65 id
509 2929 93 65 est,
567 2929 140 65 Christum
672 2929 58 65 a
696 2929 128 65 mortuis
789 2929 152 65 revocare?
906 2929 93 65 Ergo
952 2929 82 65 Chri-

235 2974 96 51 stus
295 2974 96 51 post
355 2974 120 51 mortem
439 2974 96 51 fuit
500 2974 72 51 in
536 2974 132 51 abysso.
632 2974 84 51 Non
680 2974 120 51 potest
764 2974 120 51 autem,
849 2974 84 51 ait
885 2974 156 51 Bellarminus

233 3015 127 45 nemine
322 3015 127 45 abyssi
411 3015 165 45 intelligi
537 3015 127 45 status
626 3015 190 45 damnatorum,
778 3015 89 45 nam
829 3015 76 45 in
867 3015 101 45 illo
917 3015 127 45 secundum

241 3036 137 55 alvinum
340 3036 100 55 fuit
402 3036 149 55 Christus
514 3036 112 55 adhuc
589 3036 137 55 vivens,
688 3036 87 55 hic
738 3036 112 55 autem
813 3036 124 55 agitur
900 3036 75 55 de
937 3036 100 55 loco
987 3036 62 55 ubi

237 3074 100 46 erat
299 3074 112 46 solum
373 3074 174 46 quumaesset
510 3074 149 46 mortuus.
622 3074 112 46 Neque
697 3074 124 46 potest
784 3074 162 46 intelligi
896 3074 149 46 sepulcrum:

236 3103 83 57 Nam
283 3103 130 57 abyssus
378 3103 213 57 profundissimam
555 3103 154 57 voraginem
674 3103 177 57 significat,
815 3103 118 57 qualis
898 3103 83 57 non
945 3103 83 57 est
981 3103 59 57 se-

238 3139 135 51 pulcrum,
339 3139 56 51 P
361 3139 146 51 Praeterea
474 3139 112 51 facile
552 3139 90 51 erat
608 3139 67 51 in
642 3139 146 51 sepulcrum
754 3139 168 51 descendere,
889 3139 67 51 at
923 3139 79 51 hic
956 3139 79 51 poni-

234 3178 86 48 tur
283 3178 135 48 tanquam
381 3178 86 48 res
430 3178 123 48 homini
516 3178 135 48 viventi
614 3178 209 48 impossibilis;
786 3178 172 48 descendere
921 3178 74 48 in
945 3178 123 48 abyssum.

230 3205 128 53 Denique
323 3205 151 53 eppenitur
439 3205 93 53 hosc
497 3205 93 53 loco
555 3205 128 53 abyssus
648 3205 116 53 coelo,
729 3205 128 53 tanquam
822 3205 116 53 terrae
891 3205 151 53 superficies

1063 165 87 59 sit
1112 165 111 59 media
1186 165 111 59 inter
1261 165 136 59 abyssum
1360 165 62 59 &
1384 165 136 59 coelum:
1484 165 87 59 nam
1533 165 173 59 praecedit:
1669 165 99 59 Quis
1731 165 161 59 adscender
1842 165 50 59 in

1072 221 130 33 coelum,
1167 221 71 33 id
1202 221 94 33 est,
1261 221 142 33 Christum
1367 221 153 33 deducere:
1485 221 71 33 Et
1520 221 142 33 continuo
1627 221 142 33 sequitur
1733 221 83 33 per
1768 221 118 33 antithe-

1062 246 98 49 sim:
1123 246 98 49 Quis
1184 246 159 49 descendet
1307 246 73 49 in
1343 246 147 49 abyssum,
1454 246 73 49 id
1490 246 98 49 est,
1551 246 147 49 Christum
1662 246 61 49 a
1686 246 135 49 mortuis
1772 246 110 49 revoca-

1059 285 94 40 re?
1112 285 108 40 Fuit
1180 285 135 40 igitur
1274 285 162 40 Christus
1395 285 108 40 post
1463 285 135 40 mortem
1557 285 67 40 &
1584 285 108 40 ante
1651 285 243 40 resurrectionem
1840 285 54 40 in

1061 324 117 38 abysso,
1147 324 85 38 quae
1200 324 149 38 longissime
1317 324 96 38 abest
1381 324 53 38 a
1403 324 107 38 coelo,
1478 324 64 38 id
1510 324 85 38 est,
1563 324 64 38 in
1595 324 192 38 profundissimis
1755 324 107 38 terrae
1819 324 64 38 par

1056 350 89 39 tibus.

1097 375 172 48 RESPOND.
1225 375 86 48 Ex
1268 375 172 48 figurato
1397 375 215 48 antecedente
1569 375 72 48 &
1598 375 129 48 dicto
1683 375 172 48 secundum
1798 375 100 48 quid,

1071 420 103 40 male
1136 420 155 40 infertur
1252 420 181 40 consequens
1394 420 155 40 proprium
1510 420 65 40 &
1536 420 129 40 dictum
1627 420 207 40 simpliciter.
1782 420 116 40 Abyssus

1069 456 93 34 enim
1128 456 82 34 hic
1174 456 140 34 figurate
1279 456 163 34 appellatur
1407 456 105 34 mare,
1477 456 70 34 ut
1512 456 117 34 videre
1594 456 82 34 est
1640 456 128 34 Deuter.
1734 456 82 34 30.
1780 456 105 34 vers.
1838 456 47 34 13

1071 487 159 36 Sententia
1193 487 110 36 autem
1266 487 147 36 Apostoli
1376 487 122 36 Pauli,
1461 487 61 36 a
1486 487 85 36 qua
1535 487 183 36 Bellarminus
1681 487 134 36 prorsus
1779 487 147 36 aberrat.

1078 513 95 42 naec
1137 513 95 42 est.
1197 513 71 42 Ut
1232 513 107 42 nobis
1304 513 202 42 acquiescendum
1470 513 83 42 est
1517 513 71 42 in
1553 513 178 42 revelatione
1695 513 154 42 arcanorum
1802 513 83 42 salus

1075 547 82 44 tis
1122 547 105 44 facta
1192 547 82 44 per
1239 547 152 44 Christum:
1355 547 82 44 Qui
1402 547 93 44 enim
1460 547 140 44 ulterius
1565 547 140 44 scrutari
1670 547 117 44 cupit,
1752 547 93 44 quae
1810 547 70 44 ad
1834 547 58 44 fi-

1079 579 96 47 dem,
1139 579 168 47 justitiam,
1271 579 168 47 salutemque
1403 579 156 47 electorum
1524 579 168 47 pertinent,
1656 579 72 47 is
1692 579 84 47 non
1740 579 108 47 secus
1800 579 96 47 facit?

1084 614 96 51 quam
1144 614 72 51 si
1180 614 143 51 Christum
1287 614 131 51 juberet
1383 614 119 51 iterum
1466 614 72 51 de
1502 614 107 51 coelo
1574 614 179 51 descendere;
1717 614 84 51 aut
1765 614 60 51 a
1777 614 119 51 mortuit.

1079 647 139 47 remeare:
1184 647 81 47 Ita
1230 647 104 47 nobis
1299 647 197 47 acquiescendum
1461 647 81 47 est
1508 647 69 47 in
1542 647 139 47 justitia
1646 647 58 47 a
1670 647 127 47 Christo
1751 647 150 47 praestitat.

1081 693 86 31 qui
1130 693 98 31 enim
1191 693 111 31 adhuc
1265 693 147 31 perplexo
1376 693 86 31 est
1425 693 111 31 animo
1499 693 61 31 &
1523 693 135 31 quaerit
1621 693 98 31 quis
1683 693 74 31 in
1720 693 123 31 coelum
1793 693 111 31 adscen-

1081 717 92 45 dere
1138 717 126 45 poterit
1230 717 80 45 vel
1276 717 80 45 nos
1322 717 69 45 ex
1356 717 126 45 inferis
1448 717 126 45 eruere,
1540 717 69 45 is
1574 717 126 45 perinde
1666 717 103 45 facit
1735 717 69 45 ac
1769 717 69 45 si
1792 717 115 45 Christum

1077 748 71 41 ex
1113 748 95 41 alto
1172 748 155 41 deducere,
1291 748 83 41 vel
1339 748 71 41 ex
1375 748 131 41 mortuis
1470 748 143 41 reducere
1577 748 131 41 vellet,
1672 748 71 41 id
1708 748 95 41 est,
1767 748 83 41 non
1803 748 95 41 credi-

1083 787 156 38 Christum
1200 787 91 38 jam
1252 787 195 38 descendisse
1408 787 78 38 de
1447 787 117 38 coelo
1524 787 65 38 &
1550 787 143 38 hominem
1654 787 130 38 factum
1745 787 143 38 propter
1836 787 65 38 nos

1076 813 152 46 homines
1187 813 69 46 &
1214 813 152 46 propter
1325 813 152 46 nostram
1435 813 166 46 salutem;
1559 813 97 46 non
1614 813 152 46 credit,
1725 813 166 46 Christum
1835 813 69 46 jam

1075 849 135 43 mortuum
1173 849 86 43 pro
1222 849 110 43 nobis
1296 849 98 43 esse
1357 849 61 43 &
1382 849 98 43 Legi
1443 849 196 43 satisfecisse
1602 849 86 43 pro
1652 849 123 43 nobis;
1737 849 61 43 &
1762 849 74 43 ex
1787 849 110 43 mortui.

1084 882 213 44 resurrexisse.
1260 882 113 44 Atqui
1335 882 125 44 verbum
1422 882 125 44 fidei,
1510 882 75 44 id
1547 882 100 44 est,
1610 882 175 44 Evangelium
1747 882 125 44 docet,
1822 882 88 44 omnia

1084 917 90 44 haec
1140 917 79 44 jam
1185 917 102 44 facta
1253 917 90 44 esse
1310 917 57 44 &
1333 917 79 44 per
1378 917 136 44 Christum
1480 917 136 44 impleta,
1581 917 68 44 ut
1615 917 68 44 de
1649 917 136 44 justitia
1751 917 113 44 nostra
1830 917 57 44 &
1841 917 57 44 sa-

1082 956 101 38 lute
1146 956 139 38 aeterna
1247 956 127 38 minime
1336 956 152 38 debeamus
1437 956 127 38 dubitare

1114 981 149 45 Replicat
1226 981 199 45 Bellarminus:
1387 981 124 45 nomine
1474 981 124 45 abyssi
1562 981 87 45 non
1611 981 199 45 intelligitur
1773 981 124 45 status
1848 981 62 45 da-

1075 1021 157 45 mnatorum,
1195 1021 84 45 nec
1244 1021 169 45 sepulcrum:
1376 1021 96 45 ergo
1436 1021 145 45 infernus
1545 1021 84 45 qui
1593 1021 169 45 longissime
1725 1021 108 45 abest
1798 1021 60 45 a
1810 1021 96 45 coelo.

1078 1056 64 40 id
1110 1056 85 40 est,
1164 1056 64 40 in
1196 1056 192 40 profundissimis
1356 1056 107 40 terrae
1420 1056 117 40 partibus.

1108 1083 130 40 RESP.
1194 1083 130 40 Neque
1281 1083 101 40 nos
1338 1083 144 40 nomine
1439 1083 144 40 abyssi
1540 1083 144 40 statum
1641 1083 202 40 damnatorum
1800 1083 101 40 vel
1843 1083 58 40 se

1099 1118 124 38 ulcrum
1185 1118 87 38 hoc
1235 1118 99 38 loco
1297 1118 211 38 intelligimus:
1470 1118 112 38 Neque
1545 1118 112 38 etiam
1619 1118 161 38 infernus,
1743 1118 74 38 ut
1768 1118 136 38 Bellarmi-

1081 1156 82 37 nus
1128 1156 105 37 vult,
1198 1156 152 37 intelligi
1315 1156 128 37 potest,
1408 1156 93 37 quia
1466 1156 140 37 Apostoli
1572 1156 70 37 ea
1607 1156 93 37 mens
1665 1156 82 37 non
1712 1156 93 37 est,
1770 1156 58 37 &
1793 1156 105 37 Mosis
1852 1156 58 37 au-

1087 1184 130 40 toritas
1182 1184 178 40 refragatur.
1324 1184 142 40 Apostoli
1430 1184 95 40 enim
1490 1184 154 40 sententia
1608 1184 95 40 est,
1667 1184 95 40 post
1726 1184 142 40 adventum
1821 1184 83 40 Chri-

1087 1221 84 40 sti
1135 1221 72 40 in
1171 1221 108 40 carne
1243 1221 60 40 &
1267 1221 144 40 peractum
1374 1221 180 40 redemtionis
1518 1221 132 40 nostrae
1614 1221 108 40 opus,
1686 1221 84 40 non
1733 1221 120 40 licere
1805 1221 96 40 dicere

1087 1251 62 40 &
1111 1251 149 40 cogitate
1223 1251 99 40 apud
1285 1251 87 40 se,
1334 1251 99 40 quis
1396 1251 111 40 Legem
1470 1251 87 40 sit
1520 1251 186 40 impleturus,
1668 1251 99 40 quum
1730 1251 62 40 a
1755 1251 136 40 Christo
1842 1251 74 40 esse

1092 1284 149 42 impletam
1203 1284 124 42 doceat
1290 1284 186 42 Evangelium,
1440 1284 112 42 idque
1514 1284 112 42 eorum
1589 1284 112 42 loco,
1663 1284 87 42 qui
1713 1284 99 42 vera
1775 1284 99 42 fide
1825 1284 87 42 Chri-

1089 1324 104 37 stum
1154 1324 220 37 amplectentur.
1335 1324 130 37 Deinde
1426 1324 91 37 non
1478 1324 143 37 opponit
1582 1324 130 37 Paulus
1673 1324 130 37 coelum
1763 1324 143 37 abysso,
1867 1324 78 37 ut

1092 1350 123 47 summum
1178 1350 136 47 insimo,
1277 1350 86 47 sed
1326 1350 111 47 forma
1400 1350 148 47 loquendi
1511 1350 62 47 a
1535 1350 99 47 Mose
1597 1350 111 47 sumta
1671 1350 111 47 vult,
1745 1350 86 47 non
1794 1350 99 47 esse
1843 1350 62 47 cu-

1096 1383 178 46 altitudinem
1238 1383 107 46 ipsam
1309 1383 118 46 coeli,
1392 1383 83 46 aut
1439 1383 130 46 extimas
1534 1383 118 46 terras
1617 1383 107 46 longe
1688 1383 130 46 lateque
1771 1383 142 46 transuavi-

1096 1417 97 53 gato
1157 1417 122 53 Oceano
1242 1417 146 53 petamus,
1351 1417 97 53 haec
1412 1417 110 53 nihil
1485 1417 73 53 ad
1522 1417 85 53 rem
1570 1417 158 53 pertinere
1692 1417 85 53 nec
1741 1417 122 53 juvare
1814 1417 97 53 posset

1090 1464 83 42 sed
1138 1464 71 42 in
1173 1464 130 42 Christo
1268 1464 213 42 acquiescendum,
1445 1464 71 42 in
1481 1464 83 42 quo
1528 1464 83 42 est
1576 1464 142 42 justitia
1682 1464 95 42 quam
1741 1464 107 42 coram
1812 1464 83 42 Deo
1848 1464 71 42 con

1128 1518 113 47 Sextus
1207 1518 102 47 locus
1275 1518 79 47 est
1320 1518 113 47 Ephes.
1399 1518 68 47 4.
1433 1518 102 47 vers.
1501 1518 68 47 9.
1535 1518 79 47 Qui
1581 1518 147 47 adscendit
1694 1518 91 47 ipse
1750 1518 79 47 est
1796 1518 57 47 &
1818 1518 79 47 qui
1852 1518 57 47 de-

1105 1552 113 43 cendit
1184 1552 68 43 in
1218 1552 159 43 inferiores
1343 1552 113 43 partes
1422 1552 125 43 terrae.
1513 1552 91 43 Ergo
1570 1552 136 43 Christus
1672 1552 159 43 substantia
1796 1552 113 43 animae
1864 1552 57 43 sus

1099 1588 150 39 descendit
1215 1588 69 39 in
1250 1588 104 39 verum
1319 1588 139 39 infernum
1423 1588 81 39 qui
1470 1588 81 39 est
1516 1588 69 39 in
1551 1588 185 39 inferioribus
1701 1588 139 39 partibus
1794 1588 104 39 terrae;

1117 1618 122 40 RESP.
1199 1618 81 40 Ex
1239 1618 108 40 male
1307 1618 189 40 intellecto
1455 1618 108 40 loco
1523 1618 162 40 vitiosum
1645 1618 149 40 ducitur
1739 1618 176 40 consequens.

1096 1652 86 38 Nam
1145 1652 147 38 Christus
1255 1652 159 38 descendit
1377 1652 73 38 in
1414 1652 171 38 inferiores
1549 1652 122 38 partes
1634 1652 135 38 terrae,
1732 1652 86 38 non
1781 1652 98 38 loci
1830 1652 86 38 muta-

1091 1686 115 43 tione,
1171 1686 80 43 sed
1217 1686 115 43 carnis
1297 1686 161 43 assumtione
1423 1686 57 43 &
1446 1686 183 43 patefactione
1595 1686 80 43 sui
1641 1686 69 43 in
1675 1686 80 43 ea;
1721 1686 161 43 descendit,
1836 1686 80 43 nimi-

1103 1730 79 34 rum
1148 1730 68 34 in
1182 1730 79 34 sua
1227 1730 181 34 incarnatione
1375 1730 68 34 in
1409 1730 125 34 insimas
1499 1730 113 34 partes
1579 1730 125 34 terrae,
1670 1730 68 34 id
1704 1730 91 34 est,
1760 1730 68 34 in
1794 1730 113 34 partes
1862 1730 57 34 hu-

1101 1751 73 43 us
1137 1751 134 43 terrae,
1235 1751 98 43 quae
1296 1751 98 43 sunt
1357 1751 171 43 inferipres
1492 1751 147 43 respectu
1601 1751 171 43 superiorum
1736 1751 134 43 partium
1821 1751 98 43 mundi,

1099 1786 64 40 id
1131 1786 86 40 est,
1185 1786 139 40 coelorum,
1292 1786 64 40 ut
1324 1786 96 40 satis
1389 1786 129 40 ostendit
1485 1786 129 40 Lyranus,
1582 1786 86 40 alia
1635 1786 161 40 expositione
1764 1786 107 40 veluti
1828 1786 75 40 reje-

1090 1821 87 39 cta
1139 1821 74 39 ob
1176 1821 99 39 ejus
1238 1821 211 39 infirmitatem.
1412 1821 87 39 Non
1461 1821 99 39 enim
1523 1821 149 39 inferior
1635 1821 99 39 pars
1696 1821 124 39 terrae
1771 1821 136 39 opponitus

1093 1853 150 37 superiori
1208 1853 104 37 parti
1277 1853 127 37 terrae;
1369 1853 81 37 vel
1415 1853 81 37 non
1461 1853 161 37 opponuntur
1587 1853 115 37 partes
1668 1853 115 37 terrae
1748 1853 104 37 inter
1817 1853 81 37 se:
1852 1853 58 37 sec

1093 1888 98 37 terra
1158 1888 98 37 s,
1223 1888 130 37 sublimi,
1321 1888 130 37 excelso,
1418 1888 98 37 alto,
1483 1888 65 37 id
1516 1888 87 37 est,
1570 1888 108 37 insima
1646 1888 87 37 haec
1700 1888 98 37 sedes
1765 1888 108 37 nostra
1830 1888 87 37 coelo-

1091 1921 88 35 vel
1142 1921 113 35 etiam
1217 1921 151 35 partibus
1331 1921 113 35 coeli
1406 1921 214 35 superioribus.
1582 1921 88 35 Non
1633 1921 126 35 aliter
1721 1921 101 35 quam
1784 1921 101 35 nos,
1834 1921 88 35 locum

1095 1959 101 35 munc
1158 1959 113 35 Pauli
1234 1959 214 35 interpretatur
1410 1959 88 35 Leo
1460 1959 75 35 I.
1498 1959 101 35 Papa
1561 1959 138 35 Romanus
1661 1959 75 35 in
1699 1959 189 35 celeberrima
1838 1959 75 35 illa

1093 1989 73 37 ad
1129 1989 157 37 Flavianum
1250 1989 145 37 epistola
1359 1989 85 37 his
1407 1989 133 37 verbis:
1504 1989 169 37 Ingreditur
1637 1989 97 37 haec
1697 1989 109 37 mundi
1770 1989 121 37 insima
1843 1989 60 37 Fi-

1091 2021 91 38 lius
1148 2021 91 38 Dei,
1205 2021 69 38 de
1239 2021 137 38 coelesti
1342 2021 91 38 sede
1399 2021 160 38 descendens
1525 2021 57 38 &
1548 2021 57 38 a
1571 2021 126 38 paterna
1662 2021 114 38 gloria
1742 2021 80 38 non
1776 2021 126 38 recedens.

1092 2054 101 36 novo
1156 2054 139 36 ordine,
1257 2054 101 36 nova
1320 2054 177 36 nativitate
1460 2054 177 36 generatus.
1599 2054 101 36 Haec
1663 2054 127 36 Leonis
1751 2054 114 36 magni
1815 2054 101 36 inter-

1100 2087 135 36 pretatio
1201 2087 146 36 catholica
1313 2087 112 36 merito
1392 2087 168 36 anteferenda
1526 2087 168 36 corruptelae
1661 2087 168 36 Jesuiticae.
1796 2087 146 36 Replicat,

1083 2123 196 35 Bellarminus,
1242 2123 171 35 inferiorem
1376 2123 122 35 partem
1462 2123 122 35 terrae
1547 2123 86 35 non
1596 2123 183 35 significare
1743 2123 110 35 totam
1804 2123 110 35 terram.

1080 2160 83 41 sed
1128 2160 95 41 unam
1187 2160 131 41 partem,
1282 2160 119 41 eamque
1366 2160 107 41 aliis
1425 2160 155 41 inferiorem.

1115 2183 114 44 RESP.
1191 2183 126 44 Paulus
1280 2183 152 44 Apostol.
1394 2183 152 44 comparat
1507 2183 114 44 inter
1583 2183 76 44 se
1621 2183 89 44 non
1672 2183 126 44 partes
1760 2183 139 44 terrae,
1849 2183 63 44 sed

1090 2219 115 39 mundi,
1170 2219 115 39 quarum
1250 2219 103 39 aliae
1319 2219 92 39 sunt
1376 2219 172 39 superiores,
1514 2219 103 39 aliae
1583 2219 172 39 inferiores:
1720 2219 161 39 Superiores
1835 2219 69 39 par-

1085 2254 75 36 tes
1128 2254 86 36 sunt
1182 2254 107 36 coeli,
1257 2254 150 36 inferiores
1374 2254 107 36 partes
1449 2254 86 36 sunt
1503 2254 118 36 terrae:
1589 2254 96 36 coeli
1653 2254 107 36 igitur
1728 2254 54 36 &
1749 2254 107 36 terrae
1824 2254 75 36 hic
1856 2254 54 36 est

1092 2288 195 33 compatatio.
1248 2288 91 33 Hoc
1300 2288 182 33 perspicuum
1444 2288 91 33 est
1496 2288 78 33 ex
1535 2288 156 33 contextu
1652 2288 130 33 Pauli:
1744 2288 117 33 Illud
1809 2288 104 33 Ascen-

1093 2319 94 35 dit,
1152 2319 94 35 quid
1210 2319 82 35 est
1257 2319 94 35 nisi
1316 2319 94 35 quod
1374 2319 105 35 etiam
1445 2319 176 35 descenderat
1585 2319 105 35 prius
1655 2319 94 35 (seu
1714 2319 129 35 primum)
1808 2319 70 35 in
1831 2319 82 35 infe-

1093 2355 118 31 riores
1176 2355 83 31 seu
1223 2355 130 31 insimas
1317 2355 118 31 partes
1400 2355 130 31 terrae?
1494 2355 83 31 Nam
1541 2355 94 31 quum
1600 2355 153 31 dixisset,
1718 2355 142 31 Christum
1813 2355 106 31 descen-

1084 2384 107 38 disse
1156 2384 72 38 in
1191 2384 143 38 sublime,
1299 2384 143 38 captivam
1406 2384 131 38 duxisse
1502 2384 191 38 captivitatem
1657 2384 60 38 &
1680 2384 131 38 dedisse
1776 2384 95 38 dona
1824 2384 83 38 homi-

1083 2425 123 35 nibus,
1169 2425 86 35 hoc
1218 2425 110 35 ipsum
1291 2425 159 35 confirmat
1414 2425 86 35 eo,
1463 2425 98 35 quia
1524 2425 98 35 idem
1585 2425 110 35 etiam
1659 2425 110 35 prius
1732 2425 184 35 descenderat
1867 2425 49 35 de

1085 2455 107 43 coelo
1156 2455 71 43 in
1192 2455 95 43 haec
1251 2455 118 43 infima
1334 2455 118 43 mundi.
1417 2455 118 43 Nullus
1500 2455 95 43 enim
1559 2455 154 43 adscendit
1677 2455 71 43 in
1713 2455 130 43 coelum,
1807 2455 95 43 nisi
1855 2455 59 43 qui

1083 2490 157 32 descendit
1204 2490 60 32 e
1228 2490 121 32 coelo,
1313 2490 109 32 nempe
1385 2490 121 32 Filius
1470 2490 133 32 hominis
1566 2490 85 32 qui
1615 2490 85 32 est
1663 2490 73 32 in
1699 2490 121 32 coelo,
1784 2490 73 32 ut
1808 2490 109 32 Dominus

1096 2524 87 42 ipse
1151 2524 76 42 ait
1194 2524 109 42 Johan.
1270 2524 65 42 3.
1303 2524 98 42 vers.
1368 2524 76 42 13.
1412 2524 87 42 Idem
1466 2524 109 42 igitur
1542 2524 152 42 adscendit,
1662 2524 76 42 qui
1705 2524 98 42 prius
1771 2524 163 42 descenderat

1098 2563 92 30 non
1150 2563 66 30 e
1177 2563 145 30 corpore
1282 2563 92 30 seu
1335 2563 118 30 cruce
1414 2563 79 30 in
1453 2563 105 30 imum
1519 2563 171 30 infernum,
1651 2563 92 30 SEP
1703 2563 66 30 E
1730 2563 118 30 CAELO
1809 2563 79 30 in
1835 2563 79 30 ter-

1091 2586 92 39 ram.
1148 2586 149 39 Simililis
1263 2586 149 39 oppositio
1377 2586 80 39 est
1423 2586 92 39 Jes.
1480 2586 80 39 44.
1526 2586 80 39 23.
1572 2586 126 39 Cantate
1664 2586 115 39 coeli,
1744 2586 115 39 facere
1813 2586 103 39 Iehovam

1091 2618 103 39 haec,
1159 2618 137 39 clangite
1262 2618 80 39 ima
1307 2618 125 39 terrae.
1399 2618 125 39 Vulgata
1490 2618 114 39 Latina
1570 2618 114 39 habet,
1650 2618 125 39 extrema
1741 2618 125 39 terrae,
1832 2618 80 39 sed
1866 2618 46 39 ex

1092 2654 144 44 Hebraeo
1196 2654 131 44 sonat,
1288 2654 91 44 ima
1340 2654 105 44 seu,
1405 2654 222 44 profundissima
1588 2654 144 44 terrae,
1693 2654 78 44 ut
1732 2654 157 44 Vatablus
1837 2654 78 44 red

1086 2687 69 43 didit

1123 2709 135 53 Instat,
1221 2709 86 53 pro
1270 2709 74 53 se
1307 2709 123 53 facere
1393 2709 98 53 quod
1455 2709 160 53 sequitur,
1578 2709 74 53 ut
1615 2709 148 53 impleret
1725 2709 123 53 omnia:
1799 2709 123 53 voluisse

1087 2763 204 33 enimChristum
1253 2763 179 33 descendere
1394 2763 115 33 usque
1470 2763 77 33 ad
1509 2763 115 33 verum
1585 2763 166 33 infernum,
1713 2763 115 33 sicut
1777 2763 140 33 descendes

1094 2790 77 31 rat
1138 2790 66 31 in
1171 2790 122 31 terras,
1260 2790 66 31 ut
1293 2790 133 31 praesens
1393 2790 144 31 visitaret
1503 2790 100 31 omnes
1570 2790 111 31 partes
1647 2790 100 31 regni
1714 2790 89 31 sui,
1769 2790 89 31 quod
1813 2790 100 31 tripar-

1093 2829 109 34 titum
1166 2829 97 34 est,
1226 2829 109 34 juxta
1299 2829 109 34 illud
1371 2829 145 34 Philipp.
1480 2829 73 34 2.
1517 2829 85 34 10.
1565 2829 73 34 Ut
1601 2829 73 34 in
1638 2829 121 34 nomine
1722 2829 97 34 Jesu
1783 2829 97 34 omne
1831 2829 85 34 genu-

1093 2852 156 44 flectatur
1213 2852 180 44 coelestium,
1356 2852 180 44 terrestrium
1500 2852 60 44 &
1524 2852 180 44 infernorum.
1668 2852 84 44 Ubi
1716 2852 120 44 Graece
1799 2852 84 44 est-

1176 2895 71 39 id
1212 2895 94 39 est,
1271 2895 224 39 subterraneorum,
1459 2895 82 39 qua
1506 2895 94 39 voce
1565 2895 82 39 non
1612 2895 129 39 possunt
1706 2895 153 39 intelligi
1812 2895 94 39 cadave

1089 2925 81 35 ra,
1136 2925 92 35 quae
1193 2925 92 35 sunt
1251 2925 69 35 in
1286 2925 162 35 sepuleris:
1413 2925 92 35 illa
1470 2925 92 35 enim
1528 2925 92 35 etsi
1586 2925 173 35 subterranca
1724 2925 104 35 sunt,
1794 2925 104 35 tamen
1851 2925 58 35 non

1083 2959 127 38 possunt
1176 2959 69 38 in
1210 2959 115 38 nomine
1291 2959 92 38 Iesu
1349 2959 104 38 genua
1418 2959 150 38 flectere,
1534 2959 81 38 hoc
1580 2959 92 38 est,
1638 2959 127 38 honorem
1730 2959 92 38 illi
1776 2959 139 38 praestare.

1084 2996 95 38 Sunt
1144 2996 95 38 ergo
1203 2996 72 38 in
1239 2996 107 38 locis
1311 2996 191 38 subterruneis
1466 2996 119 38 aliqui
1549 2996 155 38 spiritus,
1669 2996 83 38 qui
1716 2996 131 38 Christo
1800 2996 119 38 reveren-

1098 3020 100 37 tiam
1160 3020 150 37 exhibere
1272 3020 125 37 debent
1359 3020 62 37 &
1384 3020 75 37 ad
1422 3020 87 37 eum
1471 3020 112 37 locum
1546 3020 150 37 Christus
1658 3020 174 37 descendit,
1795 3020 75 37 ut
1833 3020 75 37 se
1858 3020 62 37 to-

1087 3052 110 39 tius
1156 3052 124 39 mundi
1239 3052 124 39 Regem
1322 3052 83 39 ac
1363 3052 152 39 Dominum
1460 3052 152 39 declavet.

1112 3085 123 39 RESP.
1195 3085 123 39 Primo
1277 3085 178 39 nequaquam
1414 3085 96 39 pro
1469 3085 164 39 Papistis
1592 3085 151 39 faciunt
1701 3085 123 39 verba
1784 3085 123 39 Pauli
1852 3085 55 39 se

1092 3120 148 36 quentia:
1202 3120 86 36 nam
1252 3120 123 36 illud,
1338 3120 74 36 ut
1375 3120 148 36 impleret
1485 3120 123 36 omnia,
1572 3120 98 36 idem
1633 3120 98 36 est,
1695 3120 98 36 quod
1756 3120 74 36 ut
1781 3120 135 36 cumularet

1088 3153 119 43 donis
1167 3153 106 43 suis
1233 3153 172 43 universam
1366 3153 185 43 Ecclesiam,
1512 3153 66 43 e
1538 3153 132 43 quibus
1631 3153 119 43 donis
1710 3153 106 43 sunt
1763 3153 146 43 Apostolis

1092 3185 175 38 Prophetae,
1230 3185 213 38 Evangelistae,
1406 3185 150 38 Pastores
1518 3185 63 38 &
1543 3185 163 38 Doctores:
1669 3185 88 38 qua
1719 3185 75 38 de
1756 3185 75 38 re
1794 3185 113 38 supra
1856 3185 63 38 se-

1095 3217 101 41 undo
1159 3217 114 41 libro
1234 3217 215 41 capiduodecimo
1411 3217 101 41 fol.
1474 3217 101 41 148.
1537 3217 101 41 Quid
1600 3217 88 41 hoc
1651 3217 76 41 ad
1689 3217 101 41 loca
1739 3217 177 41 subterranca.
