2063 3418
1049 180 105 44 meam
1114 180 78 44 in
1153 180 157 44 inferno,
1271 180 91 44 nec
1323 180 118 44 sines
1402 180 144 44 Sanctum
1506 180 105 44 tuum
1571 180 131 44 videre
1663 180 222 44 corruptionem.
1833 180 52 44 Et

219 234 84 52 xit
267 234 84 52 pro
315 234 84 52 seu
364 234 84 52 suo
412 234 109 52 bono,
484 234 84 52 sed
533 234 84 52 pro
581 234 121 52 nobis.
665 234 133 52 Proinde
762 234 96 52 quod
822 234 157 52 inchoatum
943 234 84 52 est
979 234 48 52 in

219 264 151 54 Capite,
329 264 82 54 in
370 264 151 54 membris
480 264 178 54 implendum
617 264 96 54 est
672 264 165 54 secundum
796 264 151 54 ordinem
905 264 69 54 &
919 264 110 54 gradum

226 301 206 50 uniuscujusque,
397 301 69 50 ut
431 301 69 50 ex
465 301 80 50 hoc
511 301 103 50 etiam
580 301 126 50 constet
671 301 126 50 veritas
762 301 114 50 illius
842 301 91 50 quod
899 301 114 50 Paulus
968 301 57 50 di-

217 328 80 58 cit
262 328 114 58 Ephes.
342 328 68 58 1.
376 328 68 58 v.
411 328 80 58 23.
456 328 148 58 Ecclesiam
570 328 91 58 esse
628 328 114 58 corpus
707 328 126 58 Christi
799 328 57 58 &
822 328 183 58 complementum
959 328 68 58 ejus

217 362 81 58 qui
264 362 104 58 omnia
333 362 116 58 implet
414 362 70 58 in
449 362 139 58 omnibus.
553 362 81 58 Ita
600 362 174 58 resurrectio
739 362 127 58 Christi
832 362 70 58 ex
866 362 127 58 mortuis
947 362 70 58 con-

213 397 119 49 firmat
296 397 107 49 fidem
367 397 130 49 nostram
462 397 71 49 de
498 397 202 49 resurractione
664 397 119 49 nostra
747 397 71 49 ex
782 397 142 49 mortuis,
889 397 71 49 1.
924 397 95 49 Cor.
972 397 59 49 15.

223 430 59 54 &
247 430 165 54 consolatur
376 430 82 54 nos
423 430 141 54 adversus
529 430 118 54 mortem
611 430 176 54 corporalem,
752 430 106 54 Psal.
823 430 82 54 16.
870 430 71 54 v.
893 430 59 54 10.

269 466 129 55 Quartus
363 466 129 55 fructus
456 466 82 55 est
503 466 175 55 conservatio
644 466 117 55 nostri
726 466 70 55 ad
761 466 129 55 salutem
854 466 152 55 aeternam,
960 466 58 55 cu-

218 495 85 55 jus
266 495 85 55 jam
315 495 97 55 nunc
376 495 121 55 quidem
461 495 97 55 fide
521 495 61 55 &
546 495 85 55 spe
594 495 170 55 participes
728 495 109 55 facti
801 495 121 55 sumus,
885 495 109 55 eadem
946 495 73 55 vero

224 532 99 44 post
285 532 173 44 universale
421 532 148 44 judicium
533 532 99 44 actu
594 532 62 44 &
619 532 124 44 reipsa
706 532 210 44 perfectissime
879 532 161 44 potiemur,
990 532 37 44 &

208 564 132 51 fruemur
304 564 72 51 in
340 564 156 51 aeternum:
460 564 96 51 hunc
520 564 132 51 fructum
616 564 156 51 sequentia
736 564 108 51 dicta
808 564 168 51 Scripturae
928 564 96 51 Sacrae

223 599 149 50 proponunt,
341 599 64 50 1.
373 599 96 50 Petr.
436 599 64 50 3.
468 599 64 50 v.
500 599 75 50 20,
543 599 75 50 21.
586 599 64 50 In
618 599 85 50 Arca
671 599 75 50 Noe
714 599 117 50 paucae,
799 599 75 50 (id
841 599 85 50 est,
895 599 96 50 octo)
948 599 64 50 ani-

209 626 85 52 mae
257 626 146 52 servatae
367 626 97 52 sunt
427 626 73 52 in
464 626 109 52 aqua.
537 626 85 52 Cui
585 626 85 52 rei
634 626 97 52 nunc
694 626 170 52 respondens
828 626 146 52 exemplar
925 626 97 52 Bapti-

225 660 69 50 mi
259 660 80 50 nos
305 660 114 50 quoque
385 660 160 50 servat(non
510 660 80 50 quo
556 660 114 50 carnis
636 660 114 50 sordes
716 660 183 50 abjiciuntur,
864 660 80 50 sed
899 660 114 50 stipula.

221 695 83 47 tio
269 695 107 47 bonae
339 695 189 47 conscientiae
493 695 95 47 apud
553 695 107 47 Deum)
624 695 83 47 per
671 695 213 47 resurrectionem
848 695 95 47 Iesu
896 695 118 47 Christi.

214 730 95 45 Rom.
274 730 71 45 5.
309 730 71 45 v.
345 730 83 45 10.
392 730 83 45 Nam
440 730 71 45 si
475 730 95 45 quum
535 730 131 45 inimici
630 730 143 45 essemus,
737 730 190 45 reconciliati
891 730 119 45 fuimus
963 730 59 45 Deo

212 759 84 60 per
260 759 120 60 mortem
344 759 108 60 Filij
416 759 108 60 ejus,
488 759 108 60 multo
560 759 108 60 magis
631 759 192 60 reconciliati
787 759 168 60 servabimur
919 759 84 60 per
955 759 60 60 vi-

217 794 83 50 tam
265 794 130 50 ipsius.
359 794 83 50 Ita
407 794 83 50 per
454 794 107 50 morte
525 794 130 50 Christi
620 794 83 50 jam
667 794 107 50 sumus
739 794 83 50 Deo
786 794 201 50 reconciliati,
952 794 59 50 &
964 794 59 50 per

226 825 101 56 vitam
293 825 78 56 seu
338 825 201 56 resurrectionem
505 825 89 56 ejus
561 825 67 56 ex
595 825 123 56 mortuis
684 825 101 56 salvi
752 825 112 56 erimus
830 825 112 56 ultima
908 825 89 56 illa
953 825 67 56 die-

275 860 125 53 Effecta
365 860 204 53 resurrectionis
535 860 125 53 Christi
626 860 192 53 intelliguntur
784 860 68 53 ex
818 860 125 53 finibus
909 860 79 53 jam
943 860 79 53 expo-

213 905 119 36 sitia:
296 905 83 36 Nam
344 905 83 36 per
391 905 214 36 resurrectionem
570 905 95 36 suam
629 905 143 36 Christus
736 905 107 36 plene
807 905 59 36 &
831 905 178 36 efficaciter
962 905 59 36 non

214 932 144 46 liberavit
324 932 55 46 a
347 932 133 46 peccatis
446 932 66 46 1.
479 932 88 46 Cor.
535 932 77 46 15.
579 932 100 46 vers.
645 932 77 46 17.
689 932 77 46 Per
734 932 111 46 eandem
811 932 144 46 contrivit
910 932 111 46 Christus

216 961 99 51 caput
282 961 143 51 serpentis
392 961 110 51 Genes.
469 961 55 51 3
491 961 66 51 v.
524 961 77 51 18.
568 961 77 51 Per
612 961 99 51 illam
678 961 143 51 destruxit
788 961 99 51 opera
854 961 121 51 diaboli
942 961 66 51 I.
964 961 55 51 Joh

226 1003 66 42 3.
259 1003 66 42 v.
292 1003 66 42 8.
325 1003 77 42 Per
370 1003 99 42 illam
436 1003 144 42 judicatus
546 1003 77 42 est
590 1003 133 42 princeps
690 1003 110 42 mundi,
767 1003 99 42 sicut
833 1003 144 42 fidelibus
933 1003 88 42 nocere

225 1032 125 39 amplius
316 1032 80 39 non
361 1032 114 39 possit
440 1032 91 39 Joh.
497 1032 80 39 16.
543 1032 68 39 v.
577 1032 80 39 11.
622 1032 80 39 Pet
668 1032 102 39 illam
736 1032 148 39 exarmavit
849 1032 136 39 Christus
940 1032 91 39 fortem

214 1059 104 46 illum
284 1059 127 46 armatum
376 1059 92 46 Luc.
433 1059 81 46 11.
479 1059 69 46 v.
514 1059 81 46 22.
560 1059 81 46 Per
606 1059 104 46 illam
675 1059 81 46 nos
721 1059 81 46 una
767 1059 161 46 vivificati
893 1059 58 46 &
905 1059 115 46 suscitat

226 1101 103 40 sumus
294 1101 92 40 Eph.
352 1101 69 40 2.
386 1101 69 40 v.
420 1101 69 40 5,
455 1101 69 40 6.
489 1101 103 40 nempe
558 1101 69 40 in
592 1101 137 40 Christo:
695 1101 80 40 nam
741 1101 126 40 spiritu
833 1101 137 40 coepimus
924 1101 92 40 pecca-

222 1134 70 44 to
257 1134 94 44 mori
316 1134 59 44 &
339 1134 117 44 vivere
422 1134 94 44 Deo,
480 1134 105 44 donec
550 1134 94 44 opus
609 1134 105 44 illud
679 1134 105 44 plene
750 1134 188 44 perficiatur,
902 1134 105 44 cujus
961 1134 70 44 spes

217 1157 108 47 certa
289 1157 84 47 est
337 1157 108 47 atque
409 1157 204 47 infallibilis.
577 1157 84 47 Per
625 1157 216 47 resurrectionem
806 1157 96 47 Jesu
866 1157 132 47 Christi
962 1157 72 47 ex
986 1157 72 47 mor-

214 1195 95 47 tuis
274 1195 143 47 regenuit
381 1195 83 47 nos
429 1195 95 47 Deus
488 1195 107 47 Pater
560 1195 72 47 in
596 1195 95 47 spem
655 1195 119 47 vivam,
739 1195 72 47 ad
775 1195 191 47 haereditatem
930 1195 83 47 que
965 1195 60 47 nec

220 1237 137 40 corrumpi
322 1237 126 40 potest,
414 1237 80 40 nec
460 1237 183 40 contaminari,
608 1237 80 40 nec
654 1237 171 40 matcescere,
791 1237 103 40 nobis
860 1237 69 40 in
894 1237 114 40 coelis
962 1237 69 40 ser-

221 1269 100 36 vatam
288 1269 67 36 1.
321 1269 100 36 Petr.
388 1269 67 36 1.
421 1269 67 36 v.
455 1269 67 36 3.
488 1269 67 36 4.
522 1269 78 36 Per
566 1269 100 36 illam
633 1269 156 36 servabimur
756 1269 67 36 ab
789 1269 78 36 ira
834 1269 89 36 Rom.
889 1269 67 36 5.
923 1269 67 36 v.
956 1269 67 36 9,
978 1269 56 36 10.

216 1293 81 48 Per
263 1293 105 48 illam
333 1293 70 48 in
368 1293 116 48 ultimo
449 1293 81 48 die
496 1293 175 48 excitabimur
635 1293 70 48 ex
670 1293 128 48 mortuis
763 1293 58 48 &
787 1293 140 48 victoria
891 1293 128 48 Christi
973 1293 58 48 de-

222 1328 108 46 morte
294 1328 60 46 &
318 1328 132 46 inferno
414 1328 156 46 reportata
534 1328 180 46 perfruemur,
678 1328 84 46 sic
726 1328 72 46 ut
762 1328 192 46 triumphaturi
918 1328 108 46 simus
978 1328 60 46 ac-

218 1360 101 47 morti
285 1360 168 47 sepulcroque
420 1360 168 47 insultantes
555 1360 135 47 dicturi,
656 1360 79 47 Ubi
700 1360 112 47 pestes
779 1360 90 47 tuae
835 1360 56 47 o
858 1360 101 47 mors?
925 1360 79 47 ubi
959 1360 67 47 exi-

221 1403 88 40 tium
276 1403 88 40 tuum
331 1403 55 40 o
352 1403 142 40 sepulcrum
462 1403 99 40 Hose.
528 1403 77 40 13.
572 1403 66 40 v.
604 1403 77 40 14.
648 1403 66 40 1.
681 1403 88 40 Cor.
736 1403 77 40 15.
780 1403 66 40 v.
813 1403 77 40 54.
856 1403 55 40 &
867 1403 77 40 seqe.

255 1435 181 34 Resurrectio
400 1435 97 34 ergo
460 1435 133 34 Christi
557 1435 72 34 ex
593 1435 133 34 mortuis
690 1435 121 34 adfert
774 1435 109 34 nobis
847 1435 60 34 &
871 1435 109 34 certe
931 1435 109 34 adferre

220 1461 111 46 debet
294 1461 161 46 singulare
418 1461 62 46 &
443 1461 124 46 magnum
529 1461 149 46 gaudium,
641 1461 87 46 quo
690 1461 161 46 tristitia
814 1461 62 46 &
839 1461 111 46 timor
901 1461 136 46 infidelis

226 1497 68 37 ex
260 1497 136 37 cordibus
362 1497 125 37 nostris
452 1497 170 37 expellatur.
588 1497 79 37 Hoc
633 1497 125 37 indicat
724 1497 147 37 Matthaeus
837 1497 91 37 cap.
894 1497 79 37 28.
939 1497 68 37 v.
973 1497 68 37 5,
996 1497 45 37 6.

220 1532 86 39 ubi
269 1532 148 39 memorat,
380 1532 136 39 Angelum
479 1532 136 39 dixisse
577 1532 185 39 mulieribus,
726 1532 86 39 Vos
775 1532 74 39 ne
812 1532 136 39 timete,
911 1532 99 39 scio
960 1532 74 39 enim

220 1566 85 37 vos
268 1566 109 37 Iesum
341 1566 170 37 crucifixum
474 1566 158 37 quaerere.
596 1566 85 37 Non
644 1566 85 37 est
693 1566 97 37 hic:
753 1566 170 37 resuxrexit
887 1566 97 37 enim
935 1566 97 37 proui-

224 1599 115 39 dixit.
305 1599 127 39 Adeste,
398 1599 115 39 videte
478 1599 104 39 locum
548 1599 81 39 ubi
594 1599 127 39 jacebat
686 1599 139 39 Dominus.
790 1599 69 39 Et
825 1599 92 39 ver.
882 1599 69 39 8.
917 1599 127 39 dicitur
998 1599 46 39 de

235 1625 188 39 mulieribus,
385 1625 100 39 quod
447 1625 125 39 audito
535 1625 150 39 Christum
647 1625 75 39 ex
685 1625 138 39 mortuis
785 1625 200 39 resurrexisse
935 1625 113 39 egresse

236 1661 89 38 int
287 1661 101 38 cito
350 1661 63 38 e
376 1661 164 38 monumento
502 1661 89 38 cum
553 1661 127 38 timore
641 1661 63 38 &
666 1661 127 38 gaudio
755 1661 127 38 magno.
844 1661 76 38 Et
882 1661 76 38 de
907 1661 139 38 Apostolis

233 1693 124 45 legitur
323 1693 90 45 Joh.
379 1693 79 45 20.
424 1693 68 45 v.
458 1693 79 45 20.
503 1693 113 45 Gavisi
582 1693 90 45 sunt
638 1693 158 45 discipuli,
762 1693 90 45 viso
807 1693 101 45 Domino.

259 1732 139 40 Subjecta
364 1732 162 40 sequuntur.
492 1732 162 40 Resurrexit
619 1732 128 40 Dominus
712 1732 58 40 e
735 1732 151 40 sepulero,
851 1732 81 40 sic
898 1732 70 40 ut
921 1732 116 40 corpores

228 1760 83 38 suo
276 1760 83 38 non
323 1760 142 38 manserit
430 1760 71 38 in
465 1760 107 38 illo,
536 1760 107 38 sicut
607 1760 130 38 Angelus
702 1760 107 38 dixit
773 1760 166 38 mulieribus
904 1760 119 38 Matth.
975 1760 59 38 28.

220 1798 94 30 v.6.
279 1798 83 30 Non
326 1798 83 30 est
374 1798 94 30 hic:
433 1798 165 30 resurrexit
562 1798 94 30 enim
621 1798 106 30 prout
692 1798 118 30 dixit.
775 1798 130 30 Adeste,
869 1798 118 30 videte
940 1798 94 30 locum,

220 1828 76 41 ubi
264 1828 120 41 jacebat
351 1828 131 41 Dominus.
449 1828 98 41 Marc.
515 1828 66 41 16
548 1828 66 41 v.
580 1828 66 41 6.
613 1828 153 41 Suscitatus
733 1828 87 41 est,
788 1828 76 41 non
831 1828 76 41 est
875 1828 87 41 hic:
930 1828 87 41 ecce
973 1828 55 41 lo-

225 1858 84 45 cus
273 1858 84 45 ubi
321 1858 156 45 posuerant
429 1858 72 45 eum.

262 1873 171 55 Resurrexit
396 1873 73 55 in
433 1873 134 55 corpore
530 1873 183 55 glorificato
677 1873 122 55 quidem
763 1873 61 55 &
787 1873 73 55 ab
824 1873 134 55 omnibus
909 1873 110 55 infirmi

221 1923 125 40 tatibus
311 1923 147 40 liberato,
425 1923 79 40 sed
470 1923 102 40 tamen
538 1923 91 40 illo
595 1923 91 40 ipso
651 1923 125 40 corpore
742 1923 79 40 quo
787 1923 125 40 passus,
878 1923 159 40 crucifixus
991 1923 34 40 &

232 1963 125 35 mortuus
322 1963 125 35 fuerat,
413 1963 147 35 retinente
526 1963 181 35 proprietates
674 1963 91 35 suas
730 1963 181 35 essentiales,
878 1963 79 35 sic
923 1963 68 35 ut
946 1963 79 35 illud

232 1993 99 36 etiam
298 1993 66 36 in
331 1993 110 36 gloria
407 1993 77 36 sit
451 1993 142 36 visibile,
561 1993 153 36 palpabile,
681 1993 153 36 organicum,
802 1993 131 36 finitum,
900 1993 110 36 certis
966 1993 55 36 di-

224 2027 199 40 mensionibus
383 2027 186 40 terminatum
529 2027 66 40 &
556 2027 252 40 circumscriptum,
768 2027 133 40 habens
861 2027 133 40 partem
941 2027 93 40 extra

233 2061 129 39 partem,
327 2061 105 39 caput
397 2061 105 39 extra
467 2061 117 39 pedes,
549 2061 105 39 sicut
619 2061 129 39 Dominus
712 2061 93 39 ipse
771 2061 82 39 ait
818 2061 93 39 post
864 2061 164 39 resurrectio-

229 2092 87 40 nem
278 2092 99 40 Luc.
340 2092 87 40 24.
390 2092 74 40 v.
427 2092 87 40 39,
476 2092 87 40 40.
526 2092 124 40 Videte
612 2092 111 40 manus
687 2092 99 40 meus
749 2092 62 40 &
773 2092 111 40 pedes
848 2092 111 40 meos:
922 2092 87 40 nam
959 2092 62 40 egi

234 2123 95 39 ipse
294 2123 95 39 sum:
353 2123 179 39 contrectato
496 2123 83 39 me,
544 2123 60 39 &
568 2123 167 39 videte:nam
699 2123 143 39 spiritus
806 2123 119 39 carnem
890 2123 60 39 &
914 2123 95 39 ossa
961 2123 60 39 non

227 2156 113 45 habet,
306 2156 102 45 sicut
373 2156 68 45 me
407 2156 169 45 conspicitis
543 2156 124 45 habere.
633 2156 68 45 Et
667 2156 90 45 quum
723 2156 79 45 hoc
768 2156 147 45 dixisset,
881 2156 135 45 ostendit
972 2156 56 45 eis

235 2189 105 44 manus
305 2189 70 44 ac
329 2189 93 44 pedes:

274 2213 153 47 Resurrexit
395 2213 77 47 pro
438 2213 99 47 solis
504 2213 121 47 electis
592 2213 142 47 hominibus
701 2213 66 47 ad
734 2213 99 47 vitam
800 2213 142 47 aeternam,
909 2213 99 47 sicut
964 2213 66 47 pro-

227 2247 99 46 illis
293 2247 99 46 solis
359 2247 77 46 est
404 2247 88 46 homo
459 2247 110 46 natus,
536 2247 88 46 Legi
591 2247 144 46 subjectus
702 2247 121 46 factus,
790 2247 121 46 passus,
878 2247 155 46 crucifixus
989 2247 33 46 &

226 2292 151 41 mortuus
336 2292 123 41 quoad
418 2292 205 41 efficaciam.
582 2292 96 41 Nam
637 2292 123 41 omnes
719 2292 137 41 quidem
815 2292 151 41 homines
911 2292 123 41 mortui:

224 2324 146 36 resurgent
336 2324 67 36 ex
370 2324 124 36 mortuis
460 2324 67 36 in
493 2324 112 36 ultimo
572 2324 90 36 illo
628 2324 90 36 die,
684 2324 101 36 etiam
752 2324 135 36 reprobi,
853 2324 79 36 per
897 2324 79 36 Dei
931 2324 90 36 poten-

232 2354 92 44 tiam
289 2354 127 44 propter
381 2354 150 44 veritatem
496 2354 104 44 ejus:
565 2354 92 44 soli
623 2354 104 44 autem
692 2354 115 44 electi
772 2354 150 44 resurgent
887 2354 81 44 per
922 2354 104 44 effica-

238 2389 90 45 ciam
294 2389 203 45 resurrectionis
463 2389 124 45 Christi
554 2389 68 45 ad
587 2389 102 45 vitam
655 2389 147 45 aeternam.
768 2389 147 45 Propterea
881 2389 68 45 de
914 2389 102 45 solis
971 2389 45 45 e-

239 2423 97 36 ectis
304 2423 119 36 dicitur
390 2423 65 36 1.
423 2423 86 36 Cor.
477 2423 76 36 15.
520 2423 65 36 v.
553 2423 76 36 22,
596 2423 76 36 23.
639 2423 65 36 In
671 2423 119 36 Christo
758 2423 97 36 omnes
823 2423 205 36 vivificabuntur.
985 2423 43 36 V-

229 2457 156 51 nusquisque
352 2457 101 51 autem
419 2457 112 51 ordine
497 2457 89 51 suo:
553 2457 145 51 primitiae
665 2457 145 51 Christus,
776 2457 112 51 postea
854 2457 78 51 qui
899 2457 89 51 sunt
944 2457 78 51 Chri-

226 2484 78 46 sti
271 2484 67 46 in
304 2484 123 46 adventu
382 2484 90 46 ipsius

254 2511 156 45 Adiuncta.
374 2511 181 45 Resurrectio
519 2511 120 45 Chisti
603 2511 72 45 ex
639 2511 132 45 mortuis
735 2511 96 45 fuit
784 2511 156 45 necessaria:

283 2554 68 40 I.
317 2554 91 40 Quia
374 2554 125 40 decreta
465 2554 91 40 erat
522 2554 68 40 ab
556 2554 137 40 aeterno,
659 2554 91 40 Luc.
716 2554 80 40 24.
761 2554 80 40 46.
807 2554 80 40 Sic
853 2554 148 40 oportebat
955 2554 80 40 Chri-

232 2580 91 46 stum
288 2580 147 46 resurgere
402 2580 57 46 a
424 2580 125 46 mortuis
515 2580 113 46 tertio
594 2580 91 46 die.
651 2580 91 46 Act.
708 2580 68 46 2.
742 2580 79 46 24.
787 2580 91 46 Quem
844 2580 91 46 Deus
889 2580 136 46 excitavit.

235 2619 121 46 solutis
323 2619 142 46 doloribus
432 2619 121 46 mortis,
520 2619 66 46 eo
553 2619 88 46 quod
608 2619 164 46 impossibile
739 2619 88 46 erat
794 2619 99 46 ipsum
860 2619 66 46 ab
893 2619 66 46 ea
914 2619 121 46 retineri.

261 2652 82 42 II.
308 2652 94 42 Quia
367 2652 94 42 erat
425 2652 152 42 praedicta
542 2652 82 42 per
589 2652 164 42 Prophetas,
718 2652 117 42 quorum
800 2652 152 42 vaticinia
905 2652 129 42 oportuit.

222 2684 138 46 impleri,
325 2684 92 46 Luc.
382 2684 80 46 24.
428 2684 80 46 46.
474 2684 126 46 Quoniam
565 2684 80 46 sic
611 2684 138 46 scriptum
714 2684 92 46 est,
772 2684 57 46 &
795 2684 80 46 sic
841 2684 149 46 oportebat
944 2684 80 46 Chri-

238 2731 82 31 cum
285 2731 94 31 pati
344 2731 59 31 &
367 2731 152 31 resurgere
484 2731 59 31 a
508 2731 129 31 mortuis
601 2731 117 31 tertio
683 2731 94 31 die.
742 2731 105 31 Semen
812 2731 141 31 mulieris
906 2731 117 31 contere.

222 2755 102 39 caput
290 2755 158 39 serpentis,
414 2755 90 39 Gen.
470 2755 68 39 3.
504 2755 79 39 15.
549 2755 90 39 Gen.
606 2755 79 39 22.
651 2755 68 39 In
685 2755 113 39 semine
764 2755 79 39 tuo
809 2755 181 39 benedicentur
945 2755 79 39 omnes

218 2788 131 38 Gentes,
313 2788 71 38 Ut
349 2788 71 38 in
384 2788 107 38 morte
455 2788 178 38 maledictio:
598 2788 83 38 ita
645 2788 71 38 in
681 2788 95 38 vita
740 2788 166 38 benedictio
859 2788 166 38 conspicitur:

228 2820 107 39 Psal.
299 2820 71 39 2.
335 2820 95 39 ver.
394 2820 71 39 7.
429 2820 142 39 Decretum
536 2820 178 39 enarraturus
678 2820 95 39 sum,
737 2820 118 39 Iehova
820 2820 107 39 dixit
891 2820 107 39 mihi,
950 2820 95 39 Filius

222 2857 93 38 meus
280 2857 81 38 es,
327 2857 81 38 ego
373 2857 105 38 hodie
443 2857 105 38 genui
513 2857 81 38 te.
559 2857 81 38 His
606 2857 93 38 enim
664 2857 116 38 verbis
745 2857 174 38 praedicitur
873 2857 151 38 resurrectio

223 2890 120 34 Christi
310 2890 65 34 ex
343 2890 131 34 mortuis,
441 2890 153 34 interprete
561 2890 98 34 Paulo
627 2890 87 34 Act.
681 2890 76 34 13.
725 2890 65 34 v.
757 2890 76 34 32,
801 2890 76 34 33.
845 2890 65 34 Et
877 2890 76 34 nos
921 2890 98 34 vobis
975 2890 44 34 ev

225 2924 190 38 angeligantes
379 2924 83 38 eam
427 2924 190 38 promissionem
581 2924 95 38 quae
640 2924 142 38 Patribus
747 2924 107 38 facta
818 2924 95 38 est,
877 2924 95 38 Deum
924 2924 107 38 videli-

224 2958 74 44 cet
267 2958 74 44 eam
309 2958 147 44 implevisse
424 2958 105 44 filiis
498 2958 126 44 illorum,
592 2958 105 44 nobis,
666 2958 137 44 suscitato
771 2958 95 44 Iesu:
834 2958 63 44 ut
865 2958 95 44 etiam
928 2958 63 44 in
949 2958 74 44 Psali

220 2990 67 39 mo
253 2990 122 39 secundo
342 2990 122 39 scriptu
431 2990 89 39 est,
486 2990 111 39 Filius
564 2990 89 39 meus
619 2990 67 39 es
653 2990 78 39 tu,
697 2990 78 39 ego
741 2990 100 39 hodie
808 2990 100 39 genui
875 2990 78 39 te.
919 2990 78 39 Non
963 2990 89 39 quod

221 3024 89 39 tum
272 3024 115 39 demum
349 3024 115 39 Pater
425 3024 153 39 genuerit
540 3024 128 39 Filium
630 3024 102 39 quum
693 3024 89 39 eum
744 3024 179 39 suscitavit
885 3024 77 39 ex
910 3024 115 39 mortuis

218 3054 84 45 sed
266 3054 96 45 quod
326 3054 96 45 tunc
386 3054 156 45 manifeste
506 3054 192 45 patefecerit,
663 3054 96 45 hunc
723 3054 108 45 Jesum
795 3054 84 45 qui
843 3054 120 45 victor
915 3054 120 45 peccati,

229 3091 114 34 mortis
309 3091 57 34 &
331 3091 126 34 Satanae
423 3091 57 34 a
446 3091 137 34 sepulcro
548 3091 137 34 emersit,
651 3091 91 34 esse
708 3091 114 34 Filium
788 3091 103 34 illum
857 3091 80 34 Dei
891 3091 137 34 unigenitum

219 3125 86 38 qui
268 3125 74 38 in
305 3125 123 38 mundum
391 3125 148 38 venturus
502 3125 111 38 erat.
576 3125 86 38 Hoc
626 3125 136 38 clarius
725 3125 148 38 explicat
836 3125 123 38 Paulus
922 3125 99 38 quum
971 3125 62 38 ait

216 3153 97 49 Rom.
276 3153 72 49 1.
313 3153 97 49 ver.
373 3153 72 49 4.
409 3153 109 49 Jesum
482 3153 169 49 declavatum
614 3153 97 49 esse
675 3153 121 49 Filium
759 3153 85 49 Dei
808 3153 145 49 potenter
904 3153 121 49 secundum

223 3190 141 42 Spiritum
329 3190 248 42 sanctificationis,
542 3190 83 42 per
589 3190 212 42 resurrectionum
766 3190 71 42 ex
801 3190 141 42 mortuis.
907 3190 106 42 Eadem
966 3190 59 42 re-

206 3220 154 46 surrectio
324 3220 130 46 Christi
419 3220 154 46 praedicta
537 3220 94 46 fuit
596 3220 106 46 Psal.
667 3220 83 46 16.
714 3220 83 46 10,
761 3220 83 46 Non
809 3220 177 46 derelinques
939 3220 94 46 animam

220 190 140 64 mortuus
322 190 89 64 pro
373 190 76 64 se
411 190 89 64 seu
462 190 89 64 suo
513 190 115 64 bono,
589 190 89 64 sed
640 190 89 64 pro
691 190 127 64 nobis:
780 190 89 64 ita
831 190 115 64 etiam
908 190 89 64 non
946 190 127 64 resurre-

1070 221 100 45 Psal.
1137 221 89 45 118.
1192 221 78 45 22,
1237 221 78 45 23.
1281 221 78 45 24.
1325 221 89 45 Jes.
1381 221 78 45 53.
1425 221 78 45 10,
1470 221 78 45 11.
1514 221 178 45 Quandoquidem
1659 221 144 45 exponebat
1770 221 111 45 seipse
1836 221 56 45 sa-

1059 259 154 38 crificium
1177 259 83 38 pro
1225 259 118 38 reatu,
1307 259 130 38 videbit
1402 259 118 38 semen,
1485 259 177 38 prolongabit
1626 259 106 38 dies,
1697 259 59 38 &
1721 259 165 38 delectatio
1839 259 59 38 Ie-

1069 287 107 43 hovae
1141 287 83 43 per
1188 287 83 43 eum
1236 287 215 43 prosperabitur.
1415 287 72 43 Et
1451 287 95 43 cap.
1510 287 83 43 55.
1558 287 72 43 3.
1594 287 155 43 Inclinate
1713 287 107 43 aurem
1773 287 119 43 vestram.

1073 327 66 37 &
1099 327 131 37 venite
1191 327 79 37 ad
1231 327 92 37 me,
1283 327 131 37 audite
1375 327 79 37 ut
1415 327 118 37 vivat
1494 327 118 37 anima
1572 327 145 37 vestra:
1678 327 66 37 &
1704 327 118 37 pagam
1770 327 131 37 vobiscum

1061 356 123 46 foedus
1147 356 172 46 perpetuum,
1282 356 197 46 benignitates
1442 356 135 46 Davidis
1541 356 185 46 certissimas
1689 356 135 46 daturus
1787 356 99 46 sum.
1836 356 62 46 His

1074 389 127 40 verbis
1163 389 178 40 praedictam
1303 389 228 40 resurrectionem
1493 389 140 40 Christi
1595 389 76 40 ex
1633 389 140 40 mortuis
1734 389 114 40 docet
1798 389 102 40 Paulus

1067 421 159 42 Apostolus
1189 421 122 42 Actor.
1274 421 85 42 13.
1323 421 73 42 v.
1360 421 85 42 34.
1409 421 98 42 Quod
1470 421 110 42 autem
1543 421 147 42 (inquit)
1653 421 195 42 suscitaverit
1812 421 85 42 eum
1848 421 49 42 ex

1066 459 146 37 mortuis,
1175 459 85 37 non
1224 459 134 37 amplius
1322 459 171 37 reversurum
1456 459 73 37 in
1492 459 171 37 sepulcrum,
1626 459 85 37 ita
1675 459 122 37 dixit,
1760 459 97 37 Dabo
1809 459 85 37 vobis

1065 487 118 46 firmas
1148 487 106 46 illas
1219 487 130 46 Davidis
1313 487 201 46 beneficetias.
1479 487 71 46 Si
1514 487 94 46 enim
1573 487 142 46 Christus
1679 487 154 46 mansisset
1798 487 71 46 in
1821 487 71 46 mor-

1062 528 87 38 te,
1111 528 87 38 non
1161 528 136 38 fuisset
1259 528 124 38 firmum
1346 528 111 38 fedus
1420 528 87 38 cum
1469 528 124 38 Davide
1556 528 62 38 a
1581 528 87 38 Deo
1630 528 161 38 sancitum.
1754 528 87 38 Job
1803 528 87 38 19.
1840 528 62 38 25.

1068 553 144 41 Equidem
1173 553 92 41 ego
1225 553 105 41 novi
1291 553 184 41 Redemtorem
1435 553 105 41 meum
1501 553 144 41 vivere:
1606 553 118 41 Psal.
1685 553 105 41 110.
1751 553 79 41 7.
1790 553 79 41 De
1816 553 79 41 tor-

1066 590 103 36 rente
1134 590 69 36 in
1169 590 80 36 via
1215 590 115 36 bibet,
1295 590 149 36 propterea
1410 590 149 36 exaltabit
1524 590 115 36 caput.

1095 621 98 40 III.
1156 621 98 40 Quia
1218 621 98 40 fuit
1279 621 160 40 adumbrata
1402 621 148 40 figuris,
1513 621 123 40 quibus
1599 621 135 40 necesse
1698 621 98 40 fuit
1747 621 160 40 responderes

1071 656 173 38 veritatem:
1207 656 74 38 ut
1244 656 124 38 Ionae,
1330 656 124 38 Matth.
1417 656 74 38 12
1454 656 87 38 39.
1503 656 111 38 Adami
1578 656 173 38 dormientis
1714 656 99 38 quum
1775 656 74 38 ex
1800 656 99 38 latere

1071 697 99 40 ejus
1132 697 99 40 Deus
1194 697 123 40 costam
1281 697 161 40 desumeret
1404 697 74 40 ex
1441 697 86 40 qua
1491 697 148 40 mulierem
1602 697 173 40 exstruxit,
1737 697 62 40 &
1762 697 123 40 postea
1836 697 62 40 ex-

1074 724 125 38 citati,
1165 724 91 38 Gen.
1222 724 68 38 2.
1256 724 68 38 v.
1290 724 80 38 21,
1336 724 80 38 22.
1381 724 114 38 Isaaci
1461 724 137 38 impositi
1564 724 91 38 rogo
1621 724 57 38 &
1643 724 103 38 tamen
1712 724 91 38 vivi
1757 724 137 38 conservati

1070 763 99 32 Gen.
1131 763 86 32 22.
1181 763 136 32 Iosephi
1279 763 148 32 conjecti
1390 763 74 32 in
1427 763 148 32 carcerem
1538 763 62 32 &
1562 763 123 32 postea
1649 763 123 32 rursus
1735 763 136 32 educti,
1821 763 74 32 Gen-

1073 795 76 38 39.
1117 795 76 38 20.
1160 795 54 38 &
1182 795 65 38 c.
1214 795 76 38 41.
1258 795 65 38 v.
1290 795 76 38 14.
1334 795 130 38 Simsonis
1432 795 141 38 obseratis
1540 795 109 38 portis
1616 795 120 38 clausi,
1703 795 54 38 &
1725 795 141 38 effractis
1823 795 65 38 por-

1068 828 81 38 tis
1115 828 163 38 evadentis,
1243 828 128 38 Jud.16.
1336 828 70 38 3.
1371 828 128 38 Davidis
1464 828 116 38 toties
1545 828 116 38 pressi
1627 828 58 38 &
1650 828 116 38 tandem
1731 828 116 38 evecti
1813 828 70 38 ad
1836 828 58 38 re-

1064 857 104 58 gnum,
1134 857 104 58 Psal.
1203 857 81 58 86.
1249 857 69 58 v.
1272 857 46 58 1,

1107 885 87 44 IV.
1156 885 99 44 Quia
1218 885 124 44 debuit
1304 885 111 44 vitam
1379 885 148 44 aeternam
1490 885 99 44 dare
1552 885 124 44 ovibus
1638 885 99 44 suis
1700 885 99 44 quas
1762 885 161 44 redemerat

1071 930 147 37 oportuit
1181 930 110 37 ipsum
1254 930 122 37 igitur
1339 930 110 37 vitam
1413 930 159 37 resumere,
1535 930 98 37 Joh.
1596 930 85 37 10.
1645 930 85 37 28.
1693 930 85 37 Ego
1742 930 110 37 vitam
1803 930 98 37 aeter-

1068 957 83 45 nam
1115 957 71 45 do
1151 957 94 45 eis,
1210 957 83 45 nec
1257 957 142 45 peribunt
1363 957 71 45 in
1399 957 154 45 aeternum,
1517 957 106 45 neque
1588 957 118 45 rapiet
1671 957 83 45 eas
1718 957 142 45 quisquam
1824 957 59 45 e
1836 957 59 45 ma-

1071 1000 87 34 nu
1100 1000 73 34 mea

1101 1012 70 54 V.
1136 1012 93 54 Quia
1195 1012 93 54 nisi
1253 1012 210 54 resurrexisset,
1428 1012 128 54 meritum
1522 1012 93 54 ejus
1580 1012 82 54 non
1627 1012 128 54 fuisset
1720 1012 175 54 sufficiens.
1849 1012 58 54 Nam

1074 1061 73 37 si
1110 1061 159 37 mansisset
1233 1061 73 37 in
1269 1061 122 37 morte,
1355 1061 73 37 id
1391 1061 122 37 certum
1477 1061 134 37 fuisset
1574 1061 183 37 argumentum,
1721 1061 85 37 eum
1770 1061 85 37 non
1806 1061 98 37 satis-

1066 1095 137 36 fecisse
1165 1095 125 36 plene,
1252 1095 87 36 sed
1302 1095 162 36 superatum
1427 1095 100 36 esse
1489 1095 62 36 a
1514 1095 100 36 mole
1576 1095 174 36 peccatorum
1713 1095 62 36 &
1738 1095 62 36 a
1763 1095 125 36 morte:
1838 1095 62 36 Ubi

1063 1131 102 33 enim
1127 1131 89 33 est
1178 1131 115 33 mors,
1254 1131 89 33 ibi
1305 1131 165 33 peccatum.
1432 1131 127 33 Unicum
1521 1131 153 33 peccatum
1636 1131 191 33 detinuisset
1776 1131 127 33 Christum

1073 1162 79 40 in
1112 1162 131 40 morte.
1204 1162 197 40 Resurgendum
1362 1162 131 40 igitur
1454 1162 145 40 Christo
1559 1162 118 40 fuit,
1638 1162 79 40 ut
1678 1162 131 40 firmam
1756 1162 145 40 haberemus

1083 1192 217 42 consolationem,
1264 1192 109 42 ipsum
1336 1192 145 42 perfecte
1445 1192 85 42 pro
1493 1192 109 42 nobis
1566 1192 193 42 satisfecisse
1723 1192 157 42 justitiae
1832 1192 72 42 Dei,

1082 1228 104 38 Roman.
1155 1228 63 38 4.
1186 1228 94 38 vers.
1249 1228 83 38 ult.
1301 1228 63 38 1.
1332 1228 83 38 Cor.
1384 1228 73 38 15.
1426 1228 63 38 v.
1447 1228 52 38 17.

1112 1256 86 42 VI.
1161 1256 98 42 Quia
1222 1256 74 42 id
1259 1256 172 42 requirebat
1395 1256 148 42 dignitas
1505 1256 148 42 personae
1616 1256 111 42 ejus,
1690 1256 74 42 ut
1714 1256 185 42 cognosceretur

1080 1291 93 40 esse
1138 1291 116 40 revera
1220 1291 81 40 Dei
1266 1291 128 40 Filius,
1359 1291 93 40 Joh.
1417 1291 81 40 17.
1464 1291 70 40 1.
1499 1291 105 40 Pater
1569 1291 151 40 glorifica
1685 1291 116 40 Filium
1766 1291 105 40 tuum.
1824 1291 70 40 Rom.

1079 1327 69 37 1.
1113 1327 69 37 v.
1148 1327 69 37 4.
1182 1327 161 37 Declavatus
1309 1327 115 37 Filius
1389 1327 81 37 Dei
1435 1327 138 37 potenter
1539 1327 81 37 per
1585 1327 207 37 resurrectionem
1757 1327 69 37 ex
1780 1327 115 37 mortuis.

1119 1358 96 42 VII.
1179 1358 96 42 Quia
1238 1358 72 42 id
1274 1358 167 42 requirebat
1406 1358 143 42 officium
1513 1358 143 42 Christi,
1620 1358 96 42 quod
1680 1358 107 42 debet
1752 1358 96 42 esse
1800 1358 96 42 perpe-

1071 1392 112 39 tuum,
1145 1392 112 39 sicut
1220 1392 100 39 ipse
1283 1392 87 39 est
1332 1392 162 39 perpetuus
1457 1392 125 39 noster
1544 1392 162 39 Mediator.
1669 1392 125 39 Debuit
1756 1392 100 39 esse
1806 1392 100 39 perpe-

1074 1427 97 43 tuus
1134 1427 145 43 Propheta
1244 1427 61 43 &
1268 1427 121 43 doctor
1353 1427 121 43 noster
1437 1427 61 43 &
1462 1427 158 43 Apostolus
1583 1427 133 43 nostrae
1680 1427 206 43 confessionis,
1849 1427 85 43 qui

1084 1461 87 37 nos
1133 1461 125 37 semper
1221 1461 137 37 doceret
1321 1461 87 37 per
1370 1461 150 37 Spiritum
1483 1461 100 37 suum
1545 1461 150 37 Sanctum.
1657 1461 112 37 Psal.
1732 1461 87 37 22.
1782 1461 87 37 23.
1820 1461 87 37 Enar-

1083 1493 98 37 rabo
1144 1493 110 37 nomen
1217 1493 98 37 tuum
1278 1493 159 37 fratribus
1400 1493 110 37 meis,
1474 1493 73 37 in
1510 1493 110 37 media
1583 1493 208 37 congregatione
1754 1493 134 37 laudabo
1840 1493 61 37 te.

1083 1525 120 34 Debuit
1167 1525 96 34 esse
1227 1525 156 34 perpetuus
1348 1525 120 34 noster
1432 1525 156 34 Sacerdos,
1552 1525 84 34 qui
1600 1525 120 34 semper
1684 1525 84 34 pro
1733 1525 108 34 nobis
1793 1525 120 34 interce-

1089 1558 118 37 deret,
1172 1558 106 37 Psal.
1242 1558 94 37 110.
1301 1558 71 37 4.
1336 1558 71 37 Tu
1371 1558 71 37 es
1407 1558 141 37 Sacerdos
1512 1558 71 37 in
1548 1558 153 37 aeternum,
1665 1558 141 37 secundum
1771 1558 118 37 ordine
1841 1558 71 37 Mel-

1078 1592 159 37 chisedech.
1203 1592 91 37 Rom.
1259 1592 68 37 8.
1294 1592 80 37 33.
1339 1592 136 37 Christus
1441 1592 68 37 is
1475 1592 80 37 est
1521 1592 80 37 qui
1566 1592 125 37 mortuus
1657 1592 91 37 est,
1714 1592 80 37 imo
1759 1592 91 37 vero
1816 1592 80 37 qui
1850 1592 57 37 et-

1077 1627 83 32 iam
1125 1627 190 32 resuscitatus
1279 1627 95 32 est,
1339 1627 83 32 qui
1386 1627 107 32 etiam
1458 1627 83 32 est
1505 1627 71 32 ad
1541 1627 143 32 dexteram
1648 1627 95 32 Dei,
1708 1627 83 32 qui
1755 1627 107 32 etiam
1815 1627 95 32 postu-

1077 1658 76 40 lat
1121 1658 76 40 pro
1164 1658 108 40 nobis.
1240 1658 108 40 Debuit
1316 1658 87 40 esse
1370 1658 108 40 noster
1446 1658 130 40 aeternus
1543 1658 87 40 rex,
1598 1658 65 40 2.
1630 1658 87 40 Sam.
1684 1658 65 40 7.
1717 1658 65 40 v.
1749 1658 76 40 13,
1793 1658 76 40 14.
1825 1658 87 40 Stabi-

1084 1693 93 42 liam
1143 1693 128 42 thronum
1236 1693 105 42 regni
1305 1693 93 42 ejus
1363 1693 105 42 usque
1433 1693 70 42 in
1468 1693 186 42 sempiternum.
1619 1693 81 42 Ego
1666 1693 81 42 ero
1712 1693 70 42 ei
1747 1693 105 42 Pater
1817 1693 58 42 &
1840 1693 93 42 ipse

1087 1723 91 45 erit
1144 1723 91 45 mihi
1201 1723 126 45 Filius.
1292 1723 103 45 Psal.
1361 1723 80 45 45.
1407 1723 69 45 5.
1441 1723 103 45 Sedes
1509 1723 80 45 tua
1555 1723 91 45 Deus
1612 1723 69 45 in
1647 1723 126 45 saculum
1738 1723 126 45 seculi,
1818 1723 80 45 virgo

1081 1759 183 35 directionis,
1229 1759 103 35 virga
1298 1759 103 35 regni
1366 1759 91 35 tui.
1423 1759 103 35 Psal.
1492 1759 80 35 89.
1537 1759 80 35 36.
1583 1759 103 35 Semel
1652 1759 114 35 juravi
1732 1759 69 35 in
1766 1759 114 35 Sancto
1834 1759 69 35 meo,

1085 1791 75 33 si
1123 1791 126 33 Davidi
1211 1791 151 33 mentiar:
1324 1791 113 33 semen
1400 1791 101 33 ejus
1463 1791 75 33 in
1500 1791 151 33 aeternum
1613 1791 151 33 manebit,
1726 1791 63 33 &
1752 1791 138 33 thronus
1840 1791 75 33 ejus

1088 1823 103 36 sicut
1156 1823 80 36 Sol
1202 1823 69 36 in
1236 1823 149 36 conspectu
1351 1823 92 36 meo,
1408 1823 57 36 &
1431 1823 103 36 sicut
1500 1823 92 36 Luna
1557 1823 137 36 perfecta
1660 1823 69 36 in
1695 1823 149 36 aeternum.
1809 1823 92 36 Dan.
1855 1823 46 36 7.

1089 1857 81 45 27.
1136 1857 150 45 Altissimi
1251 1857 116 45 regnum
1332 1857 81 45 est
1378 1857 185 45 sempiternum.
1528 1857 92 45 Luc.
1586 1857 69 45 1.
1621 1857 81 45 33.
1667 1857 104 45 Regni
1736 1857 92 45 ejus
1794 1857 81 45 non
1829 1857 69 45 erit

1075 1890 125 41 finis.
1162 1890 100 41 Rom.
1224 1890 87 41 14.
1274 1890 75 41 9.
1312 1890 75 41 Ad
1349 1890 87 41 hoc
1399 1890 100 41 enim
1461 1890 150 41 Christus
1574 1890 62 41 &
1599 1890 137 41 mortuus
1698 1890 100 41 est,
1761 1890 62 41 &
1773 1890 125 41 resurret

1071 1929 90 34 xit
1123 1929 64 34 &
1148 1929 154 34 revixit,
1264 1929 77 34 ut
1303 1929 64 34 &
1328 1929 142 34 mortuis
1431 1929 64 34 &
1457 1929 180 34 viventibus
1599 1929 180 34 dominetur.

1124 1950 75 44 Ex
1162 1950 88 44 his
1212 1950 138 44 omnibus
1313 1950 176 44 manifestum
1451 1950 101 44 est,
1514 1950 151 44 Christum
1627 1950 75 44 ex
1665 1950 138 44 mortuis
1753 1950 151 44 resurgere.

1063 1981 131 46 debuisse.

1132 2013 94 45 Quod
1191 2013 71 45 ad
1226 2013 118 45 tempus
1309 2013 141 45 attinet,
1415 2013 141 45 Christus
1521 2013 82 45 nec
1568 2013 118 45 citius
1651 2013 82 45 nec
1698 2013 118 45 serius
1768 2013 130 45 resurgere

1077 2057 72 36 ex
1113 2057 131 36 mortuis
1208 2057 131 36 debuit,
1304 2057 95 36 quam
1363 2057 119 36 tertio
1447 2057 84 36 die
1495 2057 60 36 a
1519 2057 107 36 morte
1590 2057 60 36 &
1614 2057 155 36 sepultura
1721 2057 60 36 sua

1097 2083 70 43 I.
1132 2083 94 43 Quia
1191 2083 164 43 praedictum
1320 2083 70 43 id
1355 2083 94 43 fuit
1414 2083 117 43 Hoscae
1496 2083 70 43 6.
1531 2083 70 43 v.
1566 2083 70 43 2.
1601 2083 106 43 Vitae
1672 2083 152 43 restituet
1789 2083 82 43 nos
1824 2083 94 43 (nimi-

1065 2124 85 36 rum
1113 2124 145 36 Messias)
1222 2124 97 36 post
1283 2124 133 36 biduum:
1380 2124 85 36 die
1428 2124 121 36 tertio
1513 2124 157 36 excitabit
1634 2124 85 36 nos
1682 2124 85 36 Iin
1730 2124 85 36 sua
1779 2124 109 36 nempe
1839 2124 73 36 per-

1070 2159 114 33 sona)
1146 2159 63 33 &
1171 2159 139 33 vivemus
1273 2159 114 33 coram
1348 2159 114 33 ipso.
1424 2159 88 33 Nam
1475 2159 139 33 Christi
1576 2159 202 33 resarrectio,
1740 2159 101 33 quae
1791 2159 126 33 contigit

1065 2191 122 34 tertio
1150 2191 97 34 die,
1211 2191 134 34 nostrae
1308 2191 122 34 pignus
1394 2191 85 34 est
1442 2191 231 34 resurrectionis.
1637 2191 73 34 Ad
1674 2191 97 34 hunc
1734 2191 110 34 locum
1807 2191 134 34 volunt:

1068 2223 170 43 respexisse
1202 2223 134 43 Paulum,
1299 2223 97 43 quum
1360 2223 134 43 scribit
1457 2223 73 43 I.
1493 2223 97 43 Cor.
1554 2223 85 43 15.
1603 2223 73 43 v.
1639 2223 73 43 4.
1676 2223 146 43 Christum
1773 2223 146 43 suscitatum

1075 2261 121 37 tertio
1160 2261 85 37 die
1208 2261 146 37 secundum
1305 2261 158 37 Scripturas.

1116 2279 85 46 II.
1164 2279 97 46 Quia
1225 2279 97 46 typo
1286 2279 109 46 Jonae
1358 2279 97 46 idem
1419 2279 206 46 praefiguratum
1589 2279 109 46 fuit:
1662 2279 73 46 ut
1698 2279 133 46 Dominus
1795 2279 97 46 ipse
1843 2279 61 46 ex-

1071 2324 118 43 posuit
1154 2324 118 43 Matth.
1237 2324 83 43 12.
1284 2324 83 43 40.
1331 2324 106 43 Sicut
1402 2324 95 43 enim
1461 2324 95 43 fuit
1520 2324 106 43 Ionas
1591 2324 71 43 in
1626 2324 118 43 ventre
1709 2324 95 43 ceti
1768 2324 95 43 tres
1827 2324 95 43 dies
1875 2324 35 43 &

1078 2366 85 34 tres
1131 2366 117 34 noctes:
1216 2366 74 34 ita
1259 2366 85 34 erit
1312 2366 106 34 Filius
1386 2366 117 34 hominis
1471 2366 64 34 in
1503 2366 96 34 corde
1567 2366 106 34 terrae
1641 2366 85 34 tres
1695 2366 85 34 dies
1748 2366 53 34 &
1769 2366 85 34 tres
1811 2366 96 34 noctes.

1104 2391 98 38 III.
1165 2391 98 38 Quia
1226 2391 86 38 non
1275 2391 123 38 debuit
1361 2391 147 38 Christus
1472 2391 98 38 post
1533 2391 123 38 mortem
1619 2391 123 38 illico
1705 2391 196 38 reviviscere,
1852 2391 49 38 ut

1080 2424 110 40 certo
1153 2424 171 40 constaret,
1288 2424 98 40 vere
1349 2424 134 40 mortuum
1446 2424 110 40 esse:
1520 2424 86 40 nec
1569 2424 110 40 tamen
1642 2424 110 40 ultra
1715 2424 134 40 triduum
1813 2424 73 40 in
1838 2424 73 40 mor-

1078 2458 72 41 te
1114 2458 144 41 detineri
1222 2458 132 41 debuit,
1317 2458 72 41 ne
1353 2458 108 41 fides
1425 2458 192 41 discipulorum
1581 2458 180 41 labasceret.
1724 2458 132 41 Poterat
1808 2458 96 41 quidem

1067 2491 120 40 statim
1151 2491 60 40 a
1175 2491 108 40 morte
1248 2491 120 40 corpus
1332 2491 96 40 suum
1392 2491 157 40 excitare,
1513 2491 84 40 sed
1561 2491 84 40 hoc
1609 2491 120 40 facere
1693 2491 145 40 nolebat,
1802 2491 84 40 nec
1838 2491 60 40 fe-

1080 2523 95 38 cit,
1139 2523 71 38 ne
1175 2523 71 38 in
1211 2523 119 38 dubium
1294 2523 95 38 mors
1353 2523 95 38 ejus
1412 2523 166 38 vocaretur,
1542 2523 95 38 neve
1602 2523 119 38 gloria
1673 2523 225 38 incorruptibilita-

1080 2558 82 39 tis
1127 2558 70 39 in
1162 2558 128 39 incerto
1255 2558 151 39 haereret.
1372 2558 105 39 Ultra
1442 2558 128 39 tertium
1535 2558 105 39 autem
1605 2558 93 39 diem
1663 2558 70 39 in
1698 2558 140 39 sepultro
1791 2558 105 39 detiner

1071 2593 84 35 non
1119 2593 132 35 debuit,
1215 2593 72 35 ne
1251 2593 108 35 fides
1323 2593 192 35 discipulorum
1479 2593 228 35 periclitaretur,
1670 2593 96 35 neve
1730 2593 96 35 jure
1790 2593 144 35 quisquam

1076 2623 164 40 suspicari
1202 2623 138 40 posset,
1303 2623 113 40 ipsum
1378 2623 88 40 non
1429 2623 101 40 idem
1492 2623 126 40 corpus
1580 2623 101 40 quod
1643 2623 138 40 mortuum
1743 2623 113 40 erat,
1819 2623 88 40 sed
1857 2623 50 40 a-

1083 2658 84 41 iud
1119 2658 155 41 circumferre

1102 2685 167 52 Resurrexit
1233 2685 119 52 exacto
1317 2685 155 52 Sabbatho,
1436 2685 72 52 id
1472 2685 95 52 est,
1531 2685 119 52 finita
1615 2685 155 52 hebdomade
1734 2685 95 52 illa
1794 2685 83 52 qua
1829 2685 72 52 ipse

1081 2725 124 36 passus
1167 2725 99 36 est,
1229 2725 99 36 quum
1291 2725 173 36 lucesceret
1427 2725 74 36 in
1464 2725 124 36 primum
1551 2725 99 36 diem
1613 2725 186 36 hebdomadis,
1761 2725 74 36 ut
1786 2725 124 36 refertur

1075 2756 121 38 Matth.
1160 2756 85 38 28.
1208 2756 73 38 v.
1244 2756 73 38 1.
1280 2756 85 38 hoc
1329 2756 97 38 est,
1389 2756 97 38 quum
1450 2756 121 38 primus
1534 2756 157 38 sequentis
1655 2756 169 38 septimanae
1788 2756 97 38 dies
1837 2756 60 38 jam

1081 2796 162 32 coepisset:
1209 2796 69 32 ut
1244 2796 81 32 quo
1290 2796 81 32 die
1336 2796 93 32 Deus
1394 2796 104 32 fecit
1464 2796 116 32 coelum
1545 2796 58 32 &
1568 2796 116 32 terra,
1649 2796 104 32 eodem
1718 2796 81 32 die
1765 2796 104 32 terra
1823 2796 69 32 gra-

1073 2826 92 39 tia
1125 2826 66 39 &
1152 2826 131 39 coelum
1244 2826 131 39 gaudio
1335 2826 236 39 Resurrectionis
1532 2826 131 39 Domini
1624 2826 197 39 repleretur:
1782 2826 105 39 unde
1834 2826 66 39 hic

1075 2860 94 40 dies
1134 2860 164 40 appellatur
1263 2860 59 40 a
1286 2860 176 40 Christianis
1427 2860 94 40 dies
1486 2860 153 40 Dominicus
1603 2860 106 40 Apoc.
1674 2860 70 40 1.
1709 2860 70 40 v.
1732 2860 59 40 10.

1131 2884 87 46 Quo
1180 2884 87 46 die
1230 2884 175 46 septimanae
1368 2884 125 46 primus
1455 2884 125 46 Adamus
1542 2884 125 46 vivere
1630 2884 137 46 coepit:
1729 2884 75 46 eo
1767 2884 87 46 die
1804 2884 100 46 secun-

1068 2922 94 47 dus
1121 2922 134 47 Adamus
1215 2922 147 47 mortuus
1322 2922 107 47 est.
1389 2922 80 47 Et
1429 2922 94 47 quo
1482 2922 94 47 die
1536 2922 187 47 septimanae
1683 2922 134 47 mundus
1776 2922 80 47 ex
1803 2922 107 47 istere

1078 2959 133 35 coepit,
1175 2959 109 35 eodem
1247 2959 145 35 secundus
1356 2959 121 35 Adamus
1440 2959 145 35 revixit.

1098 2984 173 43 Resurrexit
1234 2984 136 43 oriente
1333 2984 112 43 Sole,
1407 2984 74 43 ut
1445 2984 173 43 ostenderet
1581 2984 74 43 se
1618 2984 99 43 esse
1680 2984 112 43 verum
1754 2984 112 43 illum
1816 2984 87 43 Solem

1084 3027 156 36 ustitiae,
1204 3027 192 36 illuminantem
1360 3027 84 36 eos
1408 3027 84 36 qui
1456 3027 120 36 sedent
1541 3027 72 36 in
1577 3027 144 36 tenebris
1685 3027 60 36 &
1709 3027 72 36 in
1745 3027 108 36 umbra
1805 3027 96 36 mortis

1067 3063 74 30 ad
1104 3063 172 30 dirigendos
1239 3063 111 30 pedes
1313 3063 111 30 eorum
1386 3063 74 30 in
1423 3063 98 30 viam
1485 3063 123 30 pacis,
1571 3063 74 30 ut
1608 3063 160 30 Zacharias
1731 3063 111 30 canit
1805 3063 98 30 Luc.
1854 3063 49 30 1.

1074 3094 84 39 79.
1122 3094 72 39 ut
1158 3094 180 39 ostenderet,
1301 3094 72 39 se
1337 3094 96 39 esse
1397 3094 108 39 illum
1469 3094 84 39 qui
1517 3094 60 39 &
1541 3094 120 39 mortem
1625 3094 144 39 abolevit
1732 3094 60 39 &
1756 3094 108 39 vitam
1828 3094 60 39 &
1840 3094 48 39 in

1071 3126 257 42 corruptibilitatem
1291 3126 74 42 in
1328 3126 110 42 lucem
1402 3126 147 42 produxit
1512 3126 86 42 per
1561 3126 172 42 Evangelium
1696 3126 74 42 2.
1733 3126 98 42 Tim.
1794 3126 74 42 1.
1819 3126 61 42 10.

1122 3159 181 37 Resurrexit
1264 3159 91 37 cum
1316 3159 181 37 terraemotu
1459 3159 91 37 quo
1511 3159 142 37 repente
1614 3159 181 37 patefactum
1757 3159 91 37 est
1795 3159 104 37 sepul-

1081 3192 104 35 trum,
1151 3192 58 35 &
1174 3192 174 35 custodibus,
1313 3192 93 35 quos
1371 3192 151 35 attonitos
1487 3192 209 35 obstupefecerat
1661 3192 116 35 pavor,
1742 3192 104 35 nihil
1800 3192 93 35 videns

1072 3224 113 43 tibus,
1151 3224 125 43 integer
1242 3224 57 43 e
1265 3224 136 43 sepulcro
1367 3224 68 43 ac
1401 3224 102 43 vivus
1469 3224 148 43 egressus,
1582 3224 79 43 ait
1628 3224 159 43 Lactantius
1752 3224 102 43 libro
1809 3224 91 43 quarto
