2063 3432
168 179 125 41 dendum
255 179 175 41 manibusque
392 179 162 41 tangendum
517 179 125 41 corpus
605 179 100 41 suum
667 179 162 41 offerret,
792 179 75 41 ne
830 179 100 41 quid
880 179 87 41 tamen

172 213 140 45 fallaciae
280 213 65 45 se
313 213 86 45 pati
367 213 195 45 arbitrarentur,
529 213 97 45 magis
594 213 76 45 eos
637 213 162 45 testimoniis
767 213 97 45 Legis
831 213 54 45 &
842 213 119 45 Prophita-

175 255 82 37 rum
222 255 58 37 &
245 255 152 37 Psalmorum
362 255 187 37 confirmandos
515 255 94 37 esse
573 255 164 37 judicavi:,
702 255 82 37 &c.
748 255 70 37 Et
784 255 117 37 capite
854 255 105 37 decimo-

178 285 98 35 mono.
244 285 87 35 Quod
298 285 131 35 sinolant
396 285 174 35 intelligere,
538 285 131 35 sufficit
636 285 109 35 nobis,
712 285 76 35 quo
756 285 87 35 deam
810 285 120 35 tenimus
887 285 87 35 Eccle-

171 319 112 44 siam,
245 319 100 44 quae
307 319 236 44 manifestissimis
507 319 162 44 sanctarum
631 319 62 44 &
656 319 187 44 Canonicarum
793 319 174 44 Scripturarum

183 346 154 40 testimoniis
306 346 82 40 demo
357 346 133 40 ustratur.

210 389 83 39 Sic
258 389 95 39 ergo
317 389 154 39 Christus,
436 389 142 39 Apostoli
543 389 59 39 &
566 389 107 39 omnes
638 389 95 39 post
697 389 107 39 ipsos
768 389 95 39 vere
828 389 131 39 fideles
911 389 59 39 non

180 422 94 45 nisi
239 422 70 45 ex
274 422 164 45 Scripturis
403 422 153 45 Canonicis
521 422 164 45 testimonia
650 422 70 45 ad
685 422 176 45 confirmanda
826 422 129 45 dogmata
908 422 59 45 fi-

173 458 79 40 dei
218 458 57 40 &
241 458 113 40 cultus
320 458 113 40 divini
399 458 147 40 petebant,
512 458 124 40 quoties
603 458 102 40 ipsis
671 458 79 40 cum
716 458 79 40 iis
761 458 79 40 qui
806 458 158 40 Scripturas
919 458 57 40 am-

177 490 193 49 plectebantur
334 490 145 49 negotium
442 490 109 49 erat.

216 533 127 42 Quartus
309 533 208 42 prosyllogismu:
482 533 81 42 Quo
528 533 92 42 solo
586 533 150 42 coelestis
701 533 139 42 doctrina
805 533 139 42 hactenus
898 533 69 42 con-

184 563 121 41 servata
272 563 77 41 est
316 563 66 41 ne
349 563 77 41 vel
393 563 143 41 oblivione
503 563 154 41 deperiret,
625 563 77 41 vel
669 563 110 41 errore
746 563 176 41 evanesceret,
889 563 77 41 vel
922 563 55 41 au-

193 596 111 37 dacia
267 596 136 37 hominum
366 596 222 37 corrumperetur;
551 596 86 37 quo
600 596 111 37 etiam
674 596 99 37 solo
736 596 62 37 a
761 596 86 37 Deo
810 596 148 37 provisum
909 596 62 37 ha-

188 632 105 33 ctenus
261 632 63 33 ut
292 632 94 33 fidei
355 632 63 33 ἀσ
387 632 115 33 ναλεια,
470 632 63 33 id
502 632 84 33 est,
554 632 126 33 firmitas
648 632 73 33 non
690 632 136 33 labascens
795 632 63 33 in
826 632 126 33 Ecclesia
910 632 63 33 Dei,

190 665 166 40 haberetur:
320 665 71 40 id
356 665 142 40 profecto
462 665 107 40 solum
533 665 83 40 est
581 665 107 40 Canon
652 665 83 40 seu
699 665 118 40 regula
782 665 107 40 fidei
853 665 59 40 &
865 665 118 40 bonorum.

168 708 122 40 operum.

232 731 63 42 At
263 731 94 42 solam
326 731 94 42 sacra
389 731 136 42 Scriptura
494 731 94 42 istud
556 731 115 42 factum:
640 731 94 42 Ergo,
693 731 52 42 &c.

230 763 124 43 Assumtio
323 763 114 43 constit
405 763 62 43 ex
436 763 103 43 Lucae.
509 763 62 43 1.
540 763 62 43 v.
571 763 62 43 1,
602 763 62 43 2,
633 763 62 43 3.
664 763 62 43 4.
695 763 114 43 Quoniam
778 763 93 43 multi
840 763 124 43 aggressi
922 763 52 43 sum

190 793 145 40 componere
301 793 167 40 narrationem
434 793 100 40 earum
501 793 100 40 rerum
568 793 111 40 quarum
646 793 100 40 plena
712 793 100 40 fides
779 793 100 40 nobis
846 793 100 40 facta
901 793 67 40 est.

199 835 96 35 prout
263 835 160 35 tradiderunt
392 835 96 35 nobis
456 835 75 35 qui
498 835 53 35 a
520 835 139 35 principio
627 835 160 35 spectatores
755 835 85 35 ipsi
808 835 53 35 &
829 835 128 35 ministri
915 835 64 35 fue-

196 864 87 40 runt
250 864 130 40 sermone:
348 864 98 40 Visum
414 864 76 40 est
457 864 87 40 mihi
511 864 98 40 etiam
577 864 98 40 omnia
642 864 87 40 alte
696 864 130 40 repetita
794 864 120 40 penitus
870 864 109 40 assecuto

199 895 107 40 ordine
274 895 85 40 illa
327 895 64 40 ad
360 895 64 40 te
392 895 139 40 scribere,
498 895 203 40 praestantissime
669 895 150 40 Theophiic:
787 895 64 40 ut
819 895 128 40 agnoscas
904 895 75 40 carum

187 930 102 40 rerum
255 930 158 40 ἀσφαλειαν,
379 930 68 40 id
413 930 91 40 est,
470 930 158 40 firmitatem
594 930 147 40 nequaquam
707 930 181 40 labascentem,
854 930 91 40 quas
900 930 79 40 viva-

205 962 84 40 voce
258 962 116 40 edoctus
342 962 74 40 es.
384 962 105 40 Philip
458 962 63 40 3.
490 962 63 40 v.
521 962 63 40 1.
553 962 95 40 Eadem
616 962 126 40 scribere
711 962 95 40 vobis
774 962 63 40 me
806 962 105 40 quidem
879 962 84 40 haud
921 962 53 40 pi-

196 996 88 39 get,
251 996 99 39 vobis
317 996 99 39 autem
383 996 99 39 tutum
450 996 88 39 est.
505 996 55 39 2
527 996 99 39 Petr.
593 996 66 39 1.
626 996 66 39 v.
659 996 77 39 19.
703 996 121 39 Habemus
792 996 143 39 firmiorem
891 996 88 39 sermo-

191 1034 76 33 nem
235 1034 174 33 Prapheticum,
376 1034 76 33 cui
419 1034 98 33 recte
485 1034 120 33 facitis
572 1034 87 33 quod
626 1034 163 33 attendatis,
746 1034 54 33 &c.

230 1061 124 40 Quintus
320 1061 215 40 prosyllogismus:
501 1061 102 40 Supra
569 1061 90 40 quod
625 1061 68 40 in
659 1061 102 40 rebus
727 1061 124 40 divinis
818 1061 113 40 sapere
897 1061 79 40 non
931 1061 45 40 o-

195 1094 130 51 portet,
290 1094 71 51 id
326 1094 107 51 solum
397 1094 83 51 est
444 1094 107 51 Canon
515 1094 83 51 seu
563 1094 119 51 regula
646 1094 107 51 fidei
717 1094 59 51 &
740 1094 130 51 bonorum
823 1094 107 51 operum.

237 1126 71 38 At
273 1126 106 38 supra
343 1126 118 38 Sacram
426 1126 165 38 Scripturam
556 1126 71 38 in
591 1126 106 38 rebus
662 1126 130 38 divinis
756 1126 118 38 sapere
839 1126 83 38 non
874 1126 118 38 oportet:

194 1157 101 45 Ergo
257 1157 101 45 sola
320 1157 113 45 Sacra
396 1157 164 45 Scriptura
522 1157 88 45 est
572 1157 113 45 Canon
648 1157 88 45 seu
698 1157 113 45 noria
774 1157 113 45 fidei
849 1157 63 45 &
862 1157 126 45 bonorum.

178 1191 127 44 operum.

235 1213 113 49 Mnorem
314 1213 135 49 probamus
415 1213 68 49 ex
449 1213 68 49 1.
482 1213 135 49 Corinth.
584 1213 68 49 4.
618 1213 68 49 v.
651 1213 68 49 6.
685 1213 68 49 Ut
719 1213 68 49 in
753 1213 101 49 nobis
820 1213 135 49 discatis
910 1213 79 49 supra

203 1254 64 47 id
235 1254 85 47 quod
288 1254 127 47 scriptum
384 1254 74 47 est
426 1254 74 47 non
469 1254 117 47 sapere.
554 1254 106 47 Galat.
628 1254 64 47 1.
660 1254 64 47 v.
692 1254 53 47 8
713 1254 53 47 &
734 1254 64 47 9.
766 1254 117 47 Etiamsi
851 1254 74 47 nos
893 1254 74 47 aut
925 1254 53 47 An-

193 1291 99 41 gelus
259 1291 55 41 e
281 1291 99 41 coelo
347 1291 176 41 evangelizet,
490 1291 99 41 vobis
556 1291 121 41 praeter
645 1291 66 41 id
678 1291 88 41 quod
733 1291 99 41 vobis
788 1291 198 41 evangelizavimus.

199 1322 135 31 anathema
300 1322 101 31 esto.
367 1322 67 31 Vt
401 1322 90 31 ante
457 1322 135 31 diximus,
558 1322 101 31 etiam
625 1322 90 31 nunc
681 1322 112 31 iterum
760 1322 101 31 dico,
827 1322 67 31 Si
860 1322 90 31 quis
905 1322 90 31 vobis.

205 1356 224 38 evangelizaverit,
395 1356 123 38 praeter
485 1356 67 38 id
518 1356 90 38 quod
574 1356 168 38 accepistis,
709 1356 134 38 anathema
810 1356 101 38 esto.
877 1356 78 38 Hoc
911 1356 78 38 autem

202 1389 68 30 de
236 1389 148 30 Scriptura
350 1389 103 30 Sacra
418 1389 194 30 intelligendum
578 1389 148 30 ostendunt
692 1389 114 30 sancti
771 1389 125 30 Patres.
851 1389 137 30 Chrysosto-

199 1422 83 36 mus
247 1422 72 36 in
283 1422 179 36 enarratione
426 1422 155 36 epistolae
545 1422 72 36 ad
581 1422 143 36 Galatas:
688 1422 119 36 Paulus
771 1422 119 36 (porro
855 1422 83 36 cum
891 1422 95 36 Paulum

197 1452 100 45 dico,
263 1452 100 45 ipsum
330 1452 133 45 Christum
429 1452 100 45 dico,
496 1452 78 45 hic
540 1452 89 45 enim
596 1452 89 45 erat
651 1452 78 45 qui
695 1452 111 45 mentem
773 1452 111 45 illius
850 1452 122 45 agebat)
928 1452 55 45 et-

208 1485 79 38 iam
253 1485 125 38 Angelis
344 1485 57 38 e
366 1485 102 38 coelo
434 1485 204 38 descendentibus
604 1485 147 38 praeponit
717 1485 170 38 Scripturas,
853 1485 102 38 Idque
910 1485 79 38 valde

197 1517 191 37 congruenter:
352 1517 143 37 siquidem
459 1517 119 37 Angeli
542 1517 155 37 quamlibet
661 1517 119 37 magni,
745 1517 107 37 tamen
816 1517 107 37 servi
888 1517 95 37 sunt
935 1517 48 37 a-

196 1551 149 34 ministri.
310 1551 137 34 Caeterum
413 1551 103 34 omnes
482 1551 160 34 Scripturae
608 1551 80 34 non
654 1551 57 34 a
677 1551 126 34 servis,
768 1551 80 34 sed
814 1551 69 34 ab
837 1551 149 34 universorum

208 1583 118 36 Domino
291 1583 82 36 Deo
338 1583 141 36 venerunt
444 1583 71 36 ad
479 1583 94 36 nos.
538 1583 165 36 Augustinus
668 1583 130 36 septimo
762 1583 106 36 tomo,
833 1583 106 36 libro
892 1583 94 36 tertio

203 1617 107 33 contra
278 1617 118 33 literas
364 1617 139 33 Petiliani
471 1617 161 33 Donatistae,
600 1617 107 33 capite
675 1617 107 33 sexto:
750 1617 86 33 Sive
804 1617 64 33 de
836 1617 129 33 Christo,
922 1617 64 33 sive

202 1648 64 37 de
234 1648 85 37 ejus
288 1648 139 37 Ecclesia,
394 1648 85 37 sive
447 1648 64 37 de
479 1648 139 37 quacunque
586 1648 85 37 alia
639 1648 64 37 re
671 1648 85 37 quae
725 1648 128 37 pertinet
820 1648 64 37 ad
852 1648 96 37 fidem
906 1648 85 37 vitam-

205 1683 76 38 que
249 1683 130 38 nostram,
346 1683 76 38 non
390 1683 98 38 dicam
455 1683 87 38 nos,
510 1683 141 38 nequaquam
618 1683 152 38 comparandi
738 1683 65 38 ei
771 1683 76 38 qui
814 1683 109 38 dixit,
890 1683 98 38 licet
945 1683 43 38 su

212 1717 84 33 nos,
264 1717 73 33 sed
306 1717 105 33 omnino
379 1717 84 33 quod
431 1717 115 33 securus
515 1717 63 33 ad
546 1717 94 33 ecit,
609 1717 63 33 Si
640 1717 115 33 Angelus
724 1717 63 33 de
755 1717 94 33 caelo
818 1717 94 33 vobis
870 1717 115 33 annuncia.

208 1744 111 47 verit,
285 1744 166 47 praeterquam
418 1744 88 47 quod
473 1744 66 47 in
507 1744 155 47 Scripturis
628 1744 144 47 Legalibus
739 1744 55 47 &
761 1744 166 47 Evangelicis
882 1744 100 47 accepi-

205 1774 93 48 stis,
266 1774 123 48 anathema
349 1774 51 48 sit

242 1819 114 39 Sextus
321 1819 217 39 prosyllogismus:
504 1819 160 39 Quaecunque
629 1819 114 39 regula
709 1819 80 39 est
755 1819 171 39 certissima,
880 1819 114 39 notissi-

199 1853 68 53 ma
233 1853 103 53 atque
301 1853 160 53 tutissima,
427 1853 68 53 ea
461 1853 137 53 profecto
564 1853 91 53 sola
621 1853 80 53 est
666 1853 114 53 regula
746 1853 103 53 fidei
815 1853 57 53 &
838 1853 126 53 bonorum
918 1853 68 53 ope

191 1886 87 42 rum:

233 1915 99 46 Sacra
299 1915 143 46 Scriptura
409 1915 88 46 sola
464 1915 77 46 est
508 1915 110 46 regula
585 1915 165 46 certissima,
718 1915 143 46 notissima
828 1915 99 46 atque
883 1915 99 46 tutissi

199 1940 85 54 ma:
247 1940 109 54 Ergo,
308 1940 60 54 &c.

241 1989 124 59 Utrique
331 1989 146 59 praemissa
443 1989 79 59 est
488 1989 169 59 Bellarmini,
624 1989 101 59 libro
691 1989 101 59 primo
759 1989 68 59 de
792 1989 101 59 verbo
860 1989 90 59 Dei,
905 1989 90 59 capite

202 2018 144 50 secundo,
310 2018 144 50 sectione
418 2018 120 50 quinta
502 2018 108 50 usque
573 2018 72 50 ad
609 2018 216 50 decimamquartam

232 2060 135 35 Septimus
333 2060 214 35 prosyllogismus:
513 2060 67 35 Si
547 2060 90 35 sola
603 2060 101 35 Sacra
670 2060 146 35 Scriptura
783 2060 79 35 non
828 2060 79 35 est
873 2060 101 35 norma
929 2060 56 35 fi-

197 2085 75 46 dei
240 2085 54 46 &
262 2085 107 46 cultus
337 2085 118 46 divini,
423 2085 75 46 tum
466 2085 97 46 nulla
530 2085 75 46 est
573 2085 97 46 fidei
638 2085 54 46 &
659 2085 107 46 cultus
734 2085 107 46 divini
809 2085 150 46 certiaudo.
917 2085 75 46 Atqui

193 2125 194 31 absurdissimum
353 2125 80 31 est
398 2125 80 31 vel
444 2125 137 31 cogitare
547 2125 114 31 nullam
627 2125 91 31 esse
684 2125 103 31 fidei
753 2125 57 31 &
776 2125 114 31 cultus
856 2125 114 31 divini
924 2125 69 31 cer-

200 2160 182 42 titudinem:
343 2160 104 42 Ergo
408 2160 117 42 solam
487 2160 130 42 Sacram
578 2160 182 42 Scripturam
721 2160 104 42 esse
786 2160 143 42 norniam
891 2160 117 42 fidei
956 2160 39 42 &

200 2185 104 51 cultus
273 2185 104 51 divini
346 2185 115 51 necesse
418 2185 63 51 est.

232 2226 192 54 Consequente:
388 2226 132 54 connax:
484 2226 84 54 est
532 2226 180 54 firmissima:
677 2226 84 54 nam
725 2226 108 54 fidei
797 2226 60 54 &
821 2226 120 54 cultus
893 2226 96 54 divini

198 2268 94 36 nulla
260 2268 105 36 potest
333 2268 136 36 exsistere
438 2268 146 36 certitudo,
553 2268 84 36 nisi
605 2268 84 36 una,
657 2268 105 36 certa,
731 2268 136 36 perpetua,
835 2268 115 36 sibique
919 2268 73 36 per
950 2268 42 36 o-

195 2301 92 38 mnia
253 2301 150 38 constans,
368 2301 138 38 certoque
472 2301 58 38 a
495 2301 81 38 Deo
541 2301 127 38 tradita
633 2301 104 38 esset
702 2301 104 38 norma
772 2301 69 38 ad
806 2301 92 38 quam
864 2301 92 38 tota
921 2301 81 38 Ec¬

205 2328 107 42 clesia
280 2328 97 42 usque
345 2328 64 42 ad
377 2328 97 42 mundi
441 2328 107 42 finem,
517 2328 97 42 esset
581 2328 75 42 sic
624 2328 140 42 alligata,
731 2328 64 42 ut
764 2328 64 42 in
796 2328 97 42 rebus
860 2328 97 42 fidei
914 2328 75 42 nihil

199 2368 86 35 cum
248 2368 86 35 hac
297 2368 185 35 consentiens
446 2368 198 35 repudiandum,
606 2368 62 35 &
631 2368 99 35 mnil
693 2368 74 35 ab
730 2368 86 35 hac
779 2368 185 35 dissentiens
915 2368 62 35 rec

209 2398 117 48 piendum
294 2398 85 48 sit.
348 2398 64 48 Si
380 2398 85 48 enim
433 2398 106 48 normae
507 2398 138 48 veritatis
614 2398 96 48 fidei
677 2398 53 48 &
699 2398 106 48 cultus
773 2398 106 48 divini
848 2398 106 48 essent
912 2398 74 48 plus-

200 2434 92 34 res,
257 2434 126 34 veritas
349 2434 103 34 autem
417 2434 80 34 non
463 2434 115 34 potest
543 2434 92 34 nisi
601 2434 80 34 una
647 2434 57 34 &
670 2434 126 34 simplex
761 2434 103 34 esse;
830 2434 103 34 nihil
887 2434 92 34 inveni

205 2467 94 31 rent
264 2467 200 31 conscientiae,
428 2467 70 31 in
464 2467 82 31 quo
511 2467 94 31 turo
569 2467 129 31 possent
663 2467 188 31 acquiescere.
816 2467 106 31 Omnis
886 2467 94 31 enim
933 2467 59 31 ho-

206 2501 75 52 mo
244 2501 138 52 mendax.
344 2501 113 52 Atqui
419 2501 88 52 ita
469 2501 113 52 omnis
544 2501 100 52 vera
607 2501 88 52 Dei
657 2501 138 52 agnitio
757 2501 63 52 &
782 2501 138 52 religio
882 2501 75 52 ex
907 2501 88 52 mundo

197 2522 83 52 esse
238 2522 104 52 sublata.

237 2565 166 49 Necessario
367 2565 118 49 igitur
450 2565 106 49 nobis
521 2565 189 49 concludendum
675 2565 95 49 est,
734 2565 118 49 Sacram
817 2565 166 49 Scripturam
935 2565 59 49 so-

205 2589 87 63 sam
254 2589 99 63 esse
316 2589 137 63 canonem
416 2589 87 63 seu
465 2589 137 63 regulam
565 2589 112 63 fidei
639 2589 62 63 &
664 2589 137 63 bonorum
763 2589 137 63 operum.
862 2589 74 63 Ac
887 2589 112 63 proinde

207 2639 71 46 ex
243 2639 94 46 sola
301 2639 153 46 Scriptura
419 2639 106 46 Sacra
489 2639 129 46 petenda
583 2639 94 46 sunt
642 2639 129 46 dogmata
736 2639 106 46 fidei
807 2639 59 46 &
830 2639 129 46 bonorum
912 2639 71 46 ope-

208 2669 96 43 tum,
268 2669 72 43 ex
304 2669 96 43 sola
364 2669 156 43 Scriptura
484 2669 108 43 Sacra
556 2669 168 43 depromenda
689 2669 96 43 sunt
749 2669 156 43 argumenta
869 2669 84 43 seu
905 2669 96 43 media.

204 2701 191 46 concludendi
357 2701 76 46 ad
395 2701 229 46 confirmationem
586 2701 153 46 dogmatum
700 2701 178 46 religionis
828 2701 165 46 Christianae

209 2730 64 45 si
241 2730 107 45 agatur
317 2730 75 45 vel
360 2730 75 45 cum
403 2730 107 45 filiis
478 2730 150 45 Ecclesiae,
596 2730 75 45 vel
639 2730 75 45 cum
682 2730 150 45 haereticis
800 2730 54 45 &
821 2730 97 45 extra
875 2730 118 45 Ecclesiae

201 2770 178 37 Catholicae
341 2770 140 37 gremium
443 2770 204 37 constitutis,
608 2770 89 37 sed
659 2770 89 37 qui
710 2770 127 37 Sacram
799 2770 178 37 Scripturam
927 2770 76 37 pro-

213 2795 111 41 verbo
287 2795 86 41 Dei
336 2795 173 41 indubitato
472 2795 124 41 habent
559 2795 62 41 &
583 2795 173 41 recipiunt,
719 2795 62 41 &
744 2795 136 41 credunt
843 2795 111 41 illam
905 2795 86 41 posse

206 2826 165 54 sapientem
333 2826 140 54 reddere
435 2826 140 54 hominem
537 2826 76 54 ad
575 2826 140 54 salutem
677 2826 165 54 aeternam,
804 2826 64 54 &
830 2826 114 54 posse
893 2826 102 54 perfe-

217 2861 94 46 ctum
276 2861 129 46 reddere
370 2861 129 46 hominem
464 2861 94 46 Dei,
523 2861 70 46 ac
558 2861 129 46 proinde
652 2861 70 46 in
687 2861 94 46 sola
746 2861 94 46 illa
804 2861 188 46 acquiescunt,
957 2861 70 46 ut

212 2893 72 52 in
248 2893 131 52 mensura
344 2893 72 52 ac
379 2893 120 52 regula
463 2893 108 52 fidei
535 2893 60 52 &
559 2893 131 52 bonorum
654 2893 120 52 operum
738 2893 191 52 sufficiente,
893 2893 60 52 &
905 2893 84 52 prin-

207 2931 106 47 cipio
278 2931 106 47 dogma
349 2931 71 47 um
384 2931 165 47 religionis
513 2931 71 47 ac
549 2931 165 47 Theologiae
678 2931 118 47 unico.
761 2931 94 47 Quod
819 2931 94 47 vero
878 2931 106 47 alios
937 2931 59 47 at-

213 2956 122 47 tinet,
298 2956 86 47 qui
347 2956 86 47 vel
396 2956 171 47 Scripturam
531 2956 122 47 Sacram
616 2956 86 47 non
665 2956 171 47 recipiunt,
799 2956 73 47 ut
836 2956 159 47 Gentiles,
946 2956 49 47 ut

208 2986 181 52 Mahometani,
353 2986 84 52 vel
401 2986 145 52 quiplura
510 2986 157 52 principia
630 2986 169 52 religionis
763 2986 133 52 praeter
847 2986 145 52 Scripturam

208 3027 198 37 constituunt,
368 3027 99 37 apud
430 3027 86 37 eos
479 3027 161 37 argumenta
603 3027 86 37 seu
652 3027 111 37 media
726 3027 222 37 confirmationum
912 3027 74 37 ac
936 3027 62 37 re-

217 3053 160 54 futationum
342 3053 126 54 petenda
434 3053 91 54 sunt
491 3053 69 54 ex
525 3053 103 54 illis
593 3053 171 54 principiis,
730 3053 91 54 quae
787 3053 91 54 ipsi
845 3053 114 54 ponunt
924 3053 57 54 &
936 3053 57 54 ad-

215 3090 135 49 mittunt:
316 3090 79 49 non
361 3090 68 49 ex
395 3090 101 49 illis
463 3090 90 49 quae
519 3090 79 49 non
564 3090 158 49 admittunt,
688 3090 68 49 ex
722 3090 113 49 quibus
801 3090 124 49 frustra
891 3090 79 49 cum
925 3090 79 49 illis

219 3122 139 52 ageretur
324 3122 58 52 &
347 3122 197 52 disputaretur.
510 3122 128 52 Exempli
602 3122 128 52 gratia:
695 3122 139 52 Christus
800 3122 58 52 &
823 3122 139 52 Apostoli
916 3122 81 52 agen-

215 3159 76 54 tes
259 3159 65 54 de
291 3159 141 54 religione
400 3159 76 54 cum
443 3159 120 54 Judaeis
530 3159 54 54 &
552 3159 174 54 Christianis,
694 3159 87 54 quia
748 3159 109 54 libros
824 3159 163 54 Propheticos
944 3159 54 54 re

999 178 165 35 cipiebant,
1129 178 71 35 ex
1165 178 106 35 illis
1235 178 189 35 confirmabant
1389 178 94 35 vera
1448 178 142 35 dogmata,
1554 178 71 35 ex
1590 178 130 35 iistiam
1684 178 118 35 falsas
1755 178 71 35 ser-

1016 213 124 37 tentias
1106 213 181 37 confutabant;
1253 213 68 37 ut
1287 213 113 37 videre
1366 213 79 37 est
1412 213 113 37 Matth.
1491 213 79 37 12.
1536 213 57 37 &
1559 213 79 37 15.
1604 213 57 37 &
1627 213 79 37 22.
1672 213 147 37 versicul.
1774 213 45 37 12

1016 240 64 38 &
1042 240 205 38 sequentibus:
1209 240 103 38 Luc.
1273 240 90 38 24.
1324 240 116 38 vers.
1401 240 90 38 25,
1453 240 90 38 26,
1504 240 90 38 27.
1555 240 90 38 44,
1607 240 90 38 45,
1658 240 77 38 46
1697 240 128 38 Actor.
1774 240 51 38 2.

1013 273 102 40 vers.
1080 273 79 40 22.
1126 273 56 40 &
1148 273 102 40 seqq.
1216 273 56 40 &
1238 273 90 40 cap.
1295 273 68 40 3.
1329 273 102 40 vers.
1396 273 79 40 20,
1441 273 79 40 21,
1487 273 79 40 22,
1532 273 79 40 23,
1577 273 56 40 &
1599 273 79 40 cap
1644 273 56 40 4
1667 273 102 40 vers.
1735 273 79 40 10,
1769 273 56 40 11,

1018 304 72 42 12.
1059 304 52 42 &
1080 304 83 42 cap.
1131 304 62 42 9.
1162 304 134 42 versicul.
1265 304 72 42 22.
1307 304 52 42 &
1327 304 103 42 capite
1400 304 72 42 13.
1441 304 72 42 32,
1482 304 72 42 33.
1524 304 72 42 34,
1565 304 72 42 35.
1606 304 52 42 &
1627 304 103 42 capite
1699 304 72 42 18.
1730 304 93 42 versic.

1017 346 86 36 28.
1066 346 61 36 &
1090 346 123 36 passim
1177 346 74 36 in
1213 346 160 36 epistolis
1336 346 197 36 Apostolicis.
1496 346 111 36 Iidem
1570 346 148 36 Apostoli
1680 346 135 36 agentes
1767 346 61 36 cum

1017 370 173 38 Gentilibus
1153 370 86 38 non
1202 370 210 38 admittentibus
1375 370 86 38 vel
1424 370 136 38 prorsus
1523 370 198 38 ignorantibus
1684 370 124 38 libros
1758 370 74 38 Pro-

1033 404 141 44 heticos,
1139 404 153 44 argumenta
1256 404 82 44 non
1303 404 141 44 petebant
1409 404 70 44 ex
1444 404 117 44 libris
1526 404 117 44 illis,
1609 404 82 44 sed
1656 404 70 44 ex
1691 404 117 44 lumine
1761 404 59 44 na-

1014 444 136 40 turalis
1113 444 161 40 tationis,
1237 444 74 40 ut
1274 444 124 40 Paulus
1360 444 62 40 &
1385 444 149 40 Barnabas
1497 444 149 40 fecerunt
1608 444 99 40 apud
1670 444 111 40 Lysti
1732 444 99 40 enses.

1020 477 138 31 Actorum
1121 477 88 31 14.
1171 477 138 31 versic.
1272 477 88 31 15,
1322 477 88 31 16,
1372 477 88 31 17.
1423 477 88 31 vel
1473 477 88 31 tum
1523 477 75 31 ex
1561 477 126 31 lumine
1649 477 163 31 naturali.
1762 477 63 31 tum

1014 501 72 38 ex
1050 501 181 38 testimoniis
1195 501 132 38 illorum
1291 501 132 38 autorum
1387 501 96 38 quos
1448 501 193 38 recipiebant,
1604 501 72 38 ut
1640 501 120 38 Paulus
1725 501 108 38 fecit
1785 501 48 38 a-

1026 540 89 37 pud
1077 540 191 37 Athenienses
1230 540 140 37 Actorum
1332 540 89 37 17.
1383 540 140 37 versic.
1485 540 89 37 22.
1536 540 64 37 &
1561 540 204 37 sequentious,
1727 540 102 37 quos
1778 540 51 37 de

1026 572 98 41 vero
1087 572 86 41 Deo
1136 572 135 41 ejusque
1234 572 110 41 cultu
1308 572 123 41 docuit
1394 572 123 41 partim
1479 572 74 41 ex
1516 572 233 41 propositionibus
1712 572 86 41 per
1749 572 86 41 lumen

1015 601 153 41 naturale
1130 601 165 41 evidenter
1257 601 165 41 cognitis,
1384 601 127 41 partim
1473 601 76 41 ex
1511 601 178 41 testimonio
1651 601 114 41 Arati
1715 601 114 41 Poetae-

1021 635 141 40 Ethnici.
1127 635 94 40 Idem
1186 635 118 40 Paulus
1268 635 141 40 scribene
1374 635 71 40 ad
1409 635 141 40 fideles,
1515 635 94 40 etsi
1574 635 153 40 articulos
1691 635 106 40 fidei
1750 635 82 40 Chri-

1029 667 136 43 stianae
1127 667 62 43 &
1152 667 161 43 doctrinam
1276 667 74 43 de
1313 667 185 43 Sacramentis
1461 667 62 43 &
1486 667 99 43 vero
1547 667 111 43 cultu
1621 667 86 43 DEI
1671 667 74 43 ex
1708 667 99 43 sola
1757 667 62 43 re-

1025 699 162 44 velatione
1149 699 125 44 divina
1237 699 137 44 cognito
1336 699 125 44 tantum
1424 699 75 44 ex
1461 699 112 44 Sacra
1536 699 162 44 Scriptura
1660 699 200 44 confirmabat,

1017 741 121 30 tamen
1097 741 81 30 de
1138 741 148 30 moribus
1246 741 94 30 non
1300 741 175 30 dubitavit
1435 741 189 30 sententias
1583 741 189 30 Ethnicorum
1718 741 108 30 Poeta-

1020 768 94 42 rum
1073 768 147 42 adferre
1180 768 134 42 easque
1274 768 80 42 ad
1314 768 147 42 sanctum
1421 768 107 42 usum
1487 768 214 42 accommodare,
1661 768 107 42 quia
1715 768 120 42 fideli-

1006 800 87 36 bus
1055 800 112 36 illis
1130 800 125 36 Poetae
1217 800 137 36 Ethnici
1317 800 100 36 noti
1379 800 112 36 erant
1454 800 62 36 &
1479 800 112 36 magni
1554 800 75 36 ab
1591 800 112 36 illis
1666 800 150 36 fiebant.
1766 800 62 36 Sic

1031 829 145 43 ustinus
1136 829 145 43 Martyr,
1242 829 198 43 Lactantius,
1400 829 198 43 Augustinus,
1558 829 198 43 Theodoretus
1716 829 79 43 de
1743 829 92 43 Cura-

1023 863 111 40 tione
1097 863 160 40 Graecarum
1220 863 197 40 affectionum,
1380 863 62 40 &
1405 863 99 40 alii
1467 863 136 40 antiqui
1566 863 185 40 disputantes
1714 863 111 40 adver
1775 863 62 40 sus

1029 896 157 42 Gentiles
1146 896 78 42 ex
1186 896 183 42 ipsorummet
1329 896 157 42 scriptis
1447 896 91 42 eos
1499 896 196 42 refutabant.
1655 896 157 42 Adversus
1760 896 78 42 cos-

1038 933 86 37 lem
1087 933 148 37 Gentiles
1198 933 111 37 lumen
1272 933 148 37 rationis
1383 933 160 37 naturalis
1506 933 172 37 vibrandum,
1641 933 62 37 &
1654 933 172 37 conclusioni-

1024 963 84 43 bus
1072 963 72 43 ex
1108 963 168 43 praemissis
1239 963 144 43 cognitis
1347 963 120 43 lumine
1431 963 132 43 naturae
1527 963 132 43 illatis
1623 963 192 43 convincendi.
1766 963 60 43 Pa-

1027 997 123 50 pistae
1113 997 160 50 puincipia
1237 997 173 50 religionis
1372 997 111 50 plura
1446 997 160 50 statuunt,
1570 997 136 50 nimirum
1669 997 123 50 Sacram
1743 997 86 50 Scri-

1032 1030 126 37 pturam
1120 1030 88 37 per
1171 1030 100 37 quam
1233 1030 188 37 intelligunt
1384 1030 113 37 etiam
1459 1030 126 37 libros
1547 1030 188 37 Apocryphos:
1698 1030 163 37 Traditio¬

1022 1064 83 46 nes
1070 1064 131 46 divinas
1165 1064 59 46 &
1188 1064 178 46 Apostolicas
1331 1064 59 46 &
1354 1064 225 46 Ecclesiasticas:
1544 1064 178 46 Conciliorum
1675 1064 166 46 definitiones

1032 1101 175 37 upprobatas
1170 1101 63 37 a
1195 1101 100 37 sede
1258 1101 188 37 Apostolita:
1408 1101 138 37 Decreta
1508 1101 188 37 Pontificum:
1659 1101 150 37 conmunem
1759 1101 75 37 San-

1028 1138 139 32 ctorum
1125 1138 139 32 Patium
1223 1138 195 32 consensum:
1375 1138 167 32 unanimem
1501 1138 250 32 Scholasticorum
1695 1138 139 32 Doctorum

1030 1168 170 39 sententiam
1164 1168 61 39 &
1188 1168 73 39 in
1224 1168 122 39 primis
1309 1168 122 39 Thomae
1394 1168 170 39 Aquinatis:
1528 1168 61 39 &
1552 1168 97 39 lume
1613 1168 146 39 naturale
1723 1168 85 39 seu
1759 1168 73 39 pro-

1029 1200 166 42 positiones
1159 1200 142 42 perlumen
1266 1200 142 42 naturale
1372 1200 154 42 evidenter
1491 1200 154 42 cognitas,
1609 1200 71 42 de
1645 1200 83 42 quo
1692 1200 107 42 ajunt
1751 1200 83 42 Davi-

1025 1230 81 41 dem
1072 1230 116 41 dicere
1153 1230 93 41 Psal
1211 1230 70 41 4.
1246 1230 70 41 v.
1281 1230 70 41 7.
1316 1230 140 41 Signatum
1421 1230 81 41 est
1467 1230 105 41 super
1537 1230 81 41 nos
1584 1230 105 41 lumen
1653 1230 116 41 vultus
1735 1230 81 41 tui
1770 1230 81 41 Domi-

1035 1260 85 39 ne:
1084 1260 122 39 quidam
1169 1260 122 39 addunt
1254 1260 122 39 praxin
1339 1260 61 39 &
1363 1260 207 39 consuetudinem
1534 1260 170 39 Ecclesiae.
1668 1260 73 39 Ex
1704 1260 85 39 his
1741 1260 110 39 igitur:

1045 1302 105 31 etita
1115 1302 152 31 argumenta
1232 1302 105 31 robur
1302 1302 117 31 habent
1384 1302 70 31 ad
1419 1302 187 31 convincendos
1571 1302 152 31 Papistas,
1688 1302 70 31 ex
1723 1302 82 31 his
1758 1302 93 31 licet:

1024 1339 134 28 inferre
1121 1339 195 28 conclusiones
1279 1339 73 28 ad
1316 1339 170 28 Papistarum
1450 1339 158 28 opiniones
1571 1339 61 28 &
1596 1339 170 28 sententias
1717 1339 134 28 erroneas:

1032 1360 189 42 evertendas.
1184 1360 151 42 Quanquam
1297 1360 113 42 lumen
1372 1360 151 42 rationis
1486 1360 164 42 naturalis
1612 1360 126 42 inepte
1700 1360 139 42 probare
1788 1360 63 42 co-

1039 1402 119 32 nentur
1123 1402 72 32 ex
1158 1402 119 32 Psalmi
1242 1402 119 32 quarti
1326 1402 107 32 versu
1397 1402 143 32 septimo,
1505 1402 96 32 quem
1564 1402 60 32 &
1588 1402 119 32 vitios
1672 1402 60 32 e
1696 1402 119 32 versum
1767 1402 84 32 alle-

1040 1428 103 46 gant,
1108 1428 103 46 reddi
1177 1428 91 46 enim
1234 1428 114 46 debet;
1314 1428 126 46 Attclle
1405 1428 103 46 super
1474 1428 80 46 nes
1520 1428 103 46 lumen
1588 1428 114 46 vultus
1668 1428 80 46 tui
1714 1428 126 46 Domine:
1794 1428 57 46 de-

1037 1467 105 36 inde
1103 1467 105 36 male
1168 1467 171 36 exponendo
1300 1467 184 36 depravant:
1444 1467 92 36 Nam
1497 1467 118 36 lumen
1576 1467 131 36 vultus
1668 1467 92 36 Dei
1707 1467 145 36 interpre-

1033 1494 124 37 tantur
1119 1494 149 37 rationem
1231 1494 174 37 naturalem,
1368 1494 99 37 quum
1430 1494 112 37 David
1504 1494 174 37 intelligat
1641 1494 137 37 gratiam
1740 1494 74 37 ac
1765 1494 87 37 bene-

1029 1534 153 38 volentiam
1147 1534 94 38 Dei,
1206 1534 82 38 qui
1253 1534 106 38 lumen
1323 1534 118 38 vultus
1405 1534 82 38 sui
1452 1534 106 38 super
1523 1534 82 38 nos
1570 1534 153 38 attollit,
1687 1534 94 38 quum
1734 1534 118 38 gratiam?

1032 1558 76 38 ac
1070 1558 214 38 benevclentiam
1247 1558 101 38 erga
1310 1558 88 38 nos
1360 1558 101 38 suam
1423 1558 151 38 declarat
1537 1558 126 38 certis
1625 1558 189 38 documentis,
1764 1558 88 38 nempe

1029 1593 128 36 spiritu
1122 1593 81 36 suo
1169 1593 116 36 Sancto
1250 1593 104 36 corda
1319 1593 116 36 nostra
1401 1593 174 36 irradiando,
1540 1593 104 36 fidem
1609 1593 162 36 salvificam
1737 1593 70 36 in
1760 1593 93 36 cordi-

1029 1625 86 36 bus
1078 1625 135 36 nostris
1176 1625 185 36 accendendo,
1324 1625 98 36 spem
1385 1625 62 36 &
1410 1625 172 36 charitatem
1545 1625 74 36 in
1582 1625 111 36 nobis
1656 1625 172 36 generando,
1779 1625 74 36 sen-

1035 1654 83 40 sum
1083 1654 166 40 charitatis
1213 1654 95 40 suae
1272 1654 95 40 erga
1331 1654 83 40 nos
1379 1654 71 40 in
1414 1654 142 40 cordibus
1521 1654 130 40 nostris
1616 1654 190 40 diffundendo.
1758 1654 95 40 Summa:

1033 1695 143 35 Dogmata
1137 1695 169 35 quaelibet
1267 1695 104 35 sunt
1332 1695 143 35 petenda
1436 1695 65 35 &
1463 1695 195 35 confirmanda
1619 1695 91 35 aut
1671 1695 182 35 confutanda
1801 1695 52 35 ex

1048 1721 161 43 principiis
1175 1721 161 43 syngeneis,
1302 1721 150 43 naturalia
1417 1721 69 43 ex
1451 1721 184 43 naturalibus,
1601 1721 207 43 supernaturalia
1773 1721 69 43 ex
1796 1721 58 43 su-

1042 1756 218 39 pernaturalibus:
1225 1756 126 39 proinde
1316 1756 126 39 dogmata
1408 1756 103 39 fidei
1477 1756 69 39 de
1511 1756 103 39 rebus
1580 1756 92 39 quae
1637 1756 92 39 sunt
1695 1756 103 39 supra
1752 1756 80 39 natu-

1029 1792 85 44 tam
1077 1792 61 44 &
1102 1792 73 44 de
1138 1792 109 44 cultu
1211 1792 85 44 Dei
1259 1792 121 44 natura
1344 1792 133 44 ignoto,
1441 1792 133 44 nonnisi
1538 1792 73 44 ex
1574 1792 158 44 Scriptura
1696 1792 109 44 Sacra
1768 1792 97 44 sunt

1029 1820 129 43 petenda
1123 1820 59 43 &
1146 1820 187 43 confirmanda,
1299 1820 94 43 quae
1357 1820 94 43 vero
1416 1820 117 43 natura
1498 1820 94 43 nota
1556 1820 105 43 sunt,
1626 1820 70 43 ex
1661 1820 164 43 principiis
1778 1820 59 43 na-

1039 1858 149 38 turalibus;
1156 1858 85 38 quae
1210 1858 128 38 sensibus
1306 1858 128 38 externis
1401 1858 117 38 percipi
1487 1858 128 38 possunt,
1582 1858 64 38 ex
1614 1858 117 38 sensuum
1700 1858 128 38 judicio,
1795 1858 64 38 ut

1037 1889 91 36 Luc.
1093 1889 79 36 28.
1139 1889 68 36 39
1173 1889 91 36 Dico
1229 1889 68 36 ex
1263 1889 125 36 sensuum
1354 1889 136 36 judicio,
1456 1889 91 36 quia
1512 1889 125 36 sentire
1603 1889 79 36 est
1648 1889 147 36 judicare;
1762 1889 57 36 &
1784 1889 79 36 qui

1040 1920 119 46 sentit,
1127 1920 119 46 judicat
1213 1920 108 46 aliquo
1289 1920 97 46 modo,
1354 1920 65 46 ut
1386 1920 162 46 Atistoteles
1516 1920 76 46 ait
1560 1920 119 46 secundo
1646 1920 97 46 libro
1711 1920 108 46 Topic.
1776 1920 65 46 cap.

1014 1960 108 43 quarto.

1053 1981 149 45 Communis
1164 1981 161 45 consensus
1288 1981 124 45 Patrum
1375 1981 87 45 qui
1425 1981 99 45 post
1487 1981 161 45 Apostolos
1611 1981 74 45 in
1648 1981 149 45 Ecclesia
1747 1981 87 45 Chri-

1035 2018 118 40 stiana
1118 2018 166 40 docuerunt,
1248 2018 83 40 non
1296 2018 83 40 est
1343 2018 107 40 princ
1414 2018 107 40 ipium
1485 2018 142 40 dogmatum
1591 2018 166 40 religionis
1710 2018 130 40 Christia-

1038 2051 96 39 nae.
1098 2051 84 39 Nam
1146 2051 108 39 primo
1218 2051 156 39 consensus
1339 2051 96 39 ille
1399 2051 144 39 communis
1507 2051 120 39 omnium
1591 2051 120 39 haberi
1676 2051 72 39 in
1712 2051 156 39 plerisque

1032 2084 175 40 dogmatibus
1169 2084 87 40 non
1219 2084 137 40 potest.
1319 2084 125 40 Deinde
1406 2084 137 40 nonnisi
1506 2084 137 40 humanus
1606 2084 100 40 est;
1668 2084 137 40 divinae
1756 2084 87 40 autem

1031 2122 159 36 religionis
1156 2122 125 36 divinum
1247 2122 159 36 principium
1372 2122 91 36 esse
1429 2122 125 36 necesse
1520 2122 91 36 est.
1576 2122 102 36 Unius
1645 2122 91 36 vero
1702 2122 57 36 &
1713 2122 125 36 alterius,

1027 2152 95 45 imo
1082 2152 108 45 euam
1149 2152 163 45 multorum
1271 2152 135 45 Patrum
1366 2152 176 45 autoritas
1501 2152 217 45 probabiliter
1677 2152 135 45 tantum
1759 2152 81 45 quod

1038 2184 161 42 intenditur
1165 2184 161 42 concludit,
1292 2184 161 42 praesertim
1418 2184 69 42 si
1453 2184 92 42 alii
1510 2184 115 42 Patres
1591 2184 58 42 &
1614 2184 138 42 Doctores
1717 2184 104 42 sint,
1786 2184 81 42 qui

1040 2224 169 32 contrarium
1173 2224 133 32 prorsus
1269 2224 157 32 tueantur,
1390 2224 72 32 ut
1426 2224 133 32 fatetur
1523 2224 121 32 Cosmas
1608 2224 145 32 Morelles
1704 2224 133 32 Relatione

1034 2247 163 42 Colloquii
1160 2247 250 42 Francofartensis;
1372 2247 200 42 Autumnalibus
1535 2247 150 42 nundinis
1647 2247 100 42 anno
1710 2247 113 42 1609.
1772 2247 63 42 ha-

1032 2280 108 55 biti,
1104 2280 108 55 edita
1176 2280 144 55 Coloniae
1285 2280 72 55 in
1321 2280 120 55 quarto
1405 2280 96 55 anno
1465 2280 180 55 1610,pagina
1609 2280 168 55 sexagesima
1730 2280 72 55 nona

1063 2314 97 47 Hoc
1119 2314 139 47 primum
1216 2314 97 47 est
1258 2314 181 47 argumentum.

1071 2345 164 53 SECUNDUM:
1198 2345 151 53 Quicquid
1311 2345 88 53 est
1362 2345 126 53 Canon,
1450 2345 76 53 id
1488 2345 139 53 totalem
1589 2345 114 53 esse,
1664 2345 88 53 non
1702 2345 139 53 partialem

1036 2387 85 45 non
1085 2387 183 45 dimidiatum,
1231 2387 85 45 non
1280 2387 122 45 mancum
1366 2387 134 45 canonem
1463 2387 134 45 netesse
1549 2387 73 45 est:

1060 2415 151 37 Scriptura
1176 2415 104 37 Sacra
1246 2415 81 37 est
1280 2415 93 37 Canon:

1072 2446 90 38 Ergo
1128 2446 124 38 totalis
1218 2446 56 38 &
1241 2446 79 38 non
1286 2446 158 38 partialis,
1410 2446 79 38 non
1455 2446 169 38 dimidiatus,
1590 2446 79 38 non
1624 2446 90 38 mancus

1069 2477 102 36 Majuν
1136 2477 102 36 certa
1204 2477 79 36 est
1249 2477 68 36 ex
1283 2477 169 36 definitione
1419 2477 135 36 Canonis,
1520 2477 135 36 κγνώνεσι
1622 2477 68 36 μί
1656 2477 90 36 τρον
1712 2477 169 36 αδιαψδυσον,

1036 2515 91 36 πατσ
1093 2515 149 36 σωροΘεσιν
1207 2515 69 36 κι
1241 2515 149 36 ἀναιχεσεν
1356 2515 137 36 μηδοιμῶσ
1459 2515 57 36 κ
1482 2515 183 36 πιδεχεμδμον,
1630 2515 80 36 hoc
1676 2515 91 36 est,
1733 2515 114 36 Regula
1802 2515 57 36 est

1029 2545 127 37 mensura
1122 2545 196 37 infallibilis,
1284 2545 116 37 nullam
1364 2545 162 37 additionem
1491 2545 58 37 &
1515 2545 185 37 detractionem
1665 2545 150 37 admittens
1769 2545 69 37 seue

1030 2577 173 40 recipiens:
1166 2577 186 40 quemadmodum
1314 2577 136 40 definit
1414 2577 149 40 Varinus.
1525 2577 87 40 Sic
1575 2577 211 40 Theophylactus
1748 2577 74 40 in
1773 2577 74 40 ter-

1045 2610 90 34 tium
1101 2610 101 34 caput
1168 2610 67 34 ad
1202 2610 191 34 Philippenses.
1359 2610 124 34 Regula,
1449 2610 124 34 inquit,
1539 2610 56 34 &
1561 2610 124 34 amussis
1651 2610 101 34 neque
1707 2610 124 34 appositio

1048 2644 85 42 nem
1097 2644 122 42 habet,
1182 2644 110 42 neque
1255 2644 183 42 ablationem.
1402 2644 146 42 Basilius
1512 2644 122 42 Magnus
1597 2644 110 42 libro
1670 2644 110 42 primo
1731 2644 110 42 contra-

1037 2676 157 37 Eunomium
1155 2676 131 37 pagina
1247 2676 249 37 ducentesimanona
1457 2676 170 37 editionis
1588 2676 144 37 Hentici
1693 2676 157 37 Siephani
1798 2676 52 37 in

1048 2707 136 40 octavo
1143 2707 109 40 Anni
1211 2707 68 40 M
1238 2707 122 40 DIXX.
1320 2707 190 40 haereticum
1469 2707 163 40 Eunomium
1591 2707 136 40 merito
1686 2707 68 40 &
1713 2707 163 40 graviter

1041 2742 187 43 reprehendit,
1193 2742 93 43 quod
1251 2742 105 43 fidem
1321 2742 128 43 Patrum,
1415 2742 128 43 μανονα,
1508 2742 128 43 regulam
1602 2742 117 43 vocet,
1683 2742 140 43 simulque
1777 2742 58 43 di-

1045 2774 85 39 cat,
1099 2774 85 39 ωροο
1152 2774 85 39 inης
1205 2774 160 39 εκριεισιtας
1333 2774 117 39 δειζςς,
1418 2774 139 39 additione
1525 2774 160 39 accuratiore
1653 2774 139 39 indigeri.
1759 2774 64 39 Et
1781 2774 53 39 com

1045 2805 106 37 tinuo
1116 2805 94 37 Basu
1175 2805 71 37 us
1210 2805 118 37 Magnus
1293 2805 118 37 addit:
1375 2805 94 37 τοτε
1434 2805 71 37 δι
1470 2805 118 37 αυτοκι
1552 2805 83 37 τῆς
1599 2805 130 37 κσχατης
1694 2805 130 37 αμαθίας
1776 2805 59 37 on-

1051 2836 95 43 μειον
1115 2836 53 43 α
1136 2836 74 43 κι,
1179 2836 74 43 ει,
1221 2836 53 43 κ
1242 2836 85 43 τοτο
1295 2836 95 43 φιλαν
1359 2836 191 43 παρεζγεταζειν.
1518 2836 53 43 ἡ
1539 2836 159 43 γάρπιικογών
1666 2836 64 43 κι
1698 2836 53 43 ο
1719 2836 117 43 γιώμων,
1793 2836 53 43 έως

1046 2870 67 36 ἄν
1079 2870 101 36 μηδεν
1146 2870 101 36 ενδεη
1213 2870 67 36 το
1247 2870 101 36 κανών
1314 2870 101 36 ειναι
1381 2870 56 36 κ
1403 2870 123 36 γιώμον,
1493 2870 123 36 γδεμιαν
1582 2870 156 36 ωροοθεκλιν
1705 2870 78 36 εις
1738 2870 112 36 ακριεζαν

1050 2905 141 41 ὑδεχετα,
1156 2905 70 41 κη
1191 2905 82 41 χας
1238 2905 164 41 τοολλειπον
1367 2905 59 41 η
1390 2905 141 41 ωρσθεσιε
1496 2905 129 41 ἀτελεῆς
1589 2905 59 41 ι
1613 2905 176 41 υπαεχεντες,
1753 2905 82 41 κδε
1788 2905 59 41 τῶν

1041 2940 161 39 ωρεσηρορισιν
1172 2940 91 39 τοταν
1233 2940 91 39 υγιασ
1293 2940 61 39 αν
1323 2940 71 39 ττπ
1364 2940 151 39 τογχανοιον,
1485 2940 61 39 h.
1515 2940 61 39 e.
1545 2940 101 39 Fuerit
1616 2940 81 39 auit
1666 2940 61 39 id
1697 2940 101 39 quoque
1757 2940 81 39 extre-

1047 2972 66 32 mae
1084 2972 94 32 ipsius
1150 2972 122 32 inscitiae
1244 2972 103 32 signam,
1319 2972 56 32 si
1347 2972 66 32 cui
1385 2972 56 32 in
1413 2972 66 32 hoc
1451 2972 85 32 etiam
1507 2972 122 32 inquirere
1601 2972 132 32 placuerit.
1704 2972 66 32 Nam
1742 2972 85 32 certe
1789 2972 47 32 res

1039 3001 93 43 gula
1097 3001 58 43 &
1121 3001 128 43 gnomon,
1214 3001 93 43 modo
1272 3001 70 43 in
1307 3001 81 43 eis
1353 3001 105 43 nihil
1423 3001 174 43 requiratur,
1562 3001 81 43 quo
1609 3001 105 43 minus
1678 3001 116 43 regula
1760 3001 93 43 sint
1806 3001 35 43 &

1047 3033 122 39 gnomon,
1136 3033 100 39 nulla
1203 3033 134 39 indigent
1303 3033 145 39 additione
1414 3033 78 39 qua
1459 3033 100 39 fiant
1525 3033 145 39 exactiora
1637 3033 89 39 Ejus
1692 3033 89 39 nest
1737 3033 100 39 additio

1042 3073 79 37 cui
1087 3073 101 37 deest
1154 3073 135 37 aliquid.
1255 3073 90 37 Illa
1311 3073 179 37 verosnimirum
1457 3073 112 37 regula
1535 3073 56 37 &
1558 3073 146 37 gnomonisi
1670 3073 90 37 quid
1726 3073 101 37 ipsis
1782 3073 56 37 de-

1036 3099 92 33 est,
1093 3099 69 33 ne
1127 3099 149 33 nominibus
1242 3099 114 33 quidem
1322 3099 103 33 illis
1390 3099 172 33 congruenter
1528 3099 149 33 vocentur.
1642 3099 80 33 Sic
1688 3099 126 33 Thocius
1768 3099 69 33 apuc

1049 3133 157 35 Oecumenium
1172 3133 67 35 in
1206 3133 123 35 tertium
1295 3133 101 35 caput
1362 3133 67 35 ad
1396 3133 190 35 Philippenses;
1553 3133 112 35 Fides,
1631 3133 123 35 inquit,
1721 3133 78 35 est
1754 3133 90 35 instar

1044 3164 138 53 Canonis,
1148 3164 115 53 εἰσπερ
1229 3164 81 53 γαρ
1275 3164 81 53 επι
1321 3164 69 53 το
1356 3164 104 53 κανον
1425 3164 69 53 ο,
1460 3164 81 53 κῶν
1506 3164 127 53 αφιλριν
1598 3164 69 53 αν
1632 3164 127 53 ωριθισ,
1725 3164 127 53 ελυμενῳ
1805 3164 35 53 τ
