2063 3437
203 178 85 68 40,
251 178 85 68 41,
300 178 85 68 42.
348 178 85 68 Nos
397 178 109 68 sumus
469 178 121 68 testes
554 178 121 68 omnium
639 178 97 68 quae
699 178 61 68 &
724 178 73 68 in
760 178 133 68 regione
857 178 157 68 Iudaeorum
966 178 36 68 &

202 219 193 55 Hierosolymis
359 219 121 55 fecit,
443 219 97 55 quem
504 219 193 55 interemerunt
661 219 157 55 suspensum
782 219 72 55 in
818 219 121 55 ligno.
902 219 97 55 Hunc
951 219 60 55 au¬-

202 252 78 57 tem
247 252 90 57 Deus
303 252 157 57 suscitavit
426 252 112 57 tertio
504 252 90 57 die,
560 252 134 57 fecitque
661 252 67 57 ut
694 252 157 57 conspicuus
818 252 123 57 fieret:
907 252 78 57 Non
941 252 67 57 toti

195 288 125 62 populo,
286 288 80 62 sed
331 288 137 62 testibus
434 288 91 62 quos
491 288 91 62 ipse
547 288 102 62 prius
616 288 193 62 designaverat,
775 288 125 62 nimirum
866 288 114 62 nobis,
946 288 91 62 qui¬

193 322 171 45 comedimus
325 322 79 45 ac
364 322 145 45 bibimus
469 322 92 45 una
522 322 92 45 cum
575 322 92 45 eo,
627 322 184 45 posteaquam
772 322 184 45 resurrexit
917 322 66 45 a
930 322 66 45 mor

204 351 103 56 tuis.
272 351 148 56 Praecepit
386 351 103 56 autem
454 351 103 56 nobis
523 351 68 56 ut
557 351 171 56 praedicemus
693 351 125 56 populo,
785 351 57 56 &
807 351 80 56 cum
842 351 159 56 testificatio

204 386 74 56 ne
241 386 184 56 denunciemus
388 386 86 56 eum
437 386 98 56 esse
498 386 86 56 qui
547 386 160 56 definitus
670 386 86 56 sit
719 386 61 56 a
744 386 86 56 Deo
793 386 110 56 judex
867 386 135 56 vivorum
953 386 61 56 ac¬-

195 432 166 43 mortuorum.
325 432 118 43 Johan.
408 432 83 43 14.
455 432 71 43 v.
479 432 59 43 14.

233 445 71 62 Id
269 445 118 62 factum
351 445 106 62 ideo:
422 445 71 62 I.
458 445 71 62 Ut
493 445 224 62 intelligeremus,
682 445 118 62 regnum
765 445 130 62 Christi
859 445 83 62 non
907 445 95 62 esse
954 445 59 62 ex¬-

202 497 82 42 hoc
249 497 117 42 mundo,
331 497 117 42 Johan.
413 497 82 42 18.
460 497 70 42 v.
483 497 59 42 36.

226 519 88 54 II.
277 519 76 54 Ut
315 519 164 54 sciremus,
441 519 126 54 regnum
530 519 139 54 Christi
631 519 88 54 non
681 519 139 54 pendere
782 519 76 54 ex
820 519 126 54 humano
896 519 101 54 patro.

193 565 76 46 cinio.

238 581 98 56 III.
299 581 74 56 Ut
336 581 209 56 declararetur,
508 581 123 56 regnum
594 581 135 56 gratiae
692 581 86 56 Dei
741 581 86 56 non
790 581 123 56 venire
876 581 86 56 cum
913 581 86 56 pompa

202 617 84 54 non
250 617 84 54 cum
298 617 192 54 observatione
454 617 144 54 externa,
562 617 84 54 non
611 617 120 54 objici
695 617 120 54 oculis
779 617 156 54 corporis,
899 617 84 54 sed
935 617 72 54 men¬-

194 649 79 54 tis
239 649 57 54 &
262 649 113 54 fidei.
341 649 79 54 Quo
386 649 147 54 pertinent
500 649 91 54 haec
556 649 113 54 dicta,
636 649 91 54 Luc.
693 649 79 54 17.
738 649 68 54 v.
772 649 79 54 20,
817 649 79 54 21.
851 649 159 54 Interrogatus

200 683 59 56 a
224 683 165 56 Pharisaeis
353 683 118 56 quanao
436 683 141 56 venturum
542 683 106 56 esset
612 683 118 56 regnum
695 683 94 56 Dei,
754 683 153 56 respondit
871 683 94 56 eis,
930 683 59 56 &
942 683 59 56 di¬-

199 720 89 45 xit,
254 720 77 45 Non
299 720 111 45 veniet
376 720 111 45 regnum
454 720 89 45 Dei,
509 720 77 45 ita
553 720 66 45 ut
586 720 144 45 observari
697 720 122 45 possit:
786 720 100 45 Neque
852 720 122 45 dicent,
930 720 77 45 Ecco¬-

199 748 86 55 hic,
253 748 76 55 aut
296 748 86 55 ecce
350 748 108 55 illic,
426 748 86 55 ecce
480 748 97 55 enim,
545 748 108 55 regnum
620 748 76 55 Dei
663 748 97 55 intus
728 748 130 55 habetis,
825 748 108 55 Johan.
901 748 76 55 20.
933 748 76 55 vers.

194 788 89 59 29.
245 788 114 59 Beati
321 788 89 59 qui
371 788 89 59 non
422 788 164 59 viderunt,
548 788 63 59 &
561 788 177 59 crediderunt.

236 805 87 67 IV.
285 805 75 67 Ut
323 805 112 67 summi
398 805 187 67 Pontifices,
547 805 174 67 Sacerdotes
684 805 62 67 &
709 805 150 67 primores
821 805 125 67 populi
896 805 112 67 aliique

204 851 176 48 contemtores
345 851 129 48 Christi
439 851 59 48 &
462 851 199 48 misericordiae
626 851 94 48 Dei,
685 851 164 48 inciperent
814 851 70 48 in
849 851 70 48 eo
884 851 94 48 ipso
931 851 70 48 judi

199 885 99 49 cium
260 885 86 49 Dei
310 885 161 49 experiri.
433 885 86 49 Non
483 885 99 49 enim
545 885 111 49 digni
619 885 124 49 erant,
705 885 124 49 quibus
792 885 148 49 Christus
903 885 99 49 post
952 885 62 49 re¬-

200 924 202 45 surrectionem
364 924 176 45 appareret,
503 924 88 45 qui
553 924 88 45 eum
603 924 151 45 docentem
717 924 113 45 antea
792 924 126 45 audire
880 924 164 45 noluerant

195 952 65 43 &
221 952 182 43 solenniter
364 952 117 43 coram
443 952 130 43 Pilato
534 952 235 43 repudiaverant.
729 952 91 43 Hoc
781 952 117 43 ipsum
847 952 169 43 praedixerat

198 992 112 44 ipsis
272 992 137 44 Dominus
372 992 124 44 Matth.
459 992 87 44 23.
509 992 112 44 vers.
583 992 87 44 39.
633 992 100 44 Dico
695 992 100 44 enim
758 992 124 44 vobis,
845 992 162 44 nequaquam
957 992 62 44 me¬-

204 1017 154 50 videbitis
323 1017 71 50 ab
358 1017 83 50 hoc
406 1017 142 50 tempore,
512 1017 142 50 usquedum
619 1017 142 50 dicatis,
726 1017 166 50 Benedictus
856 1017 83 50 qui
903 1017 107 50 venit
963 1017 47 50 in

207 1053 124 46 nomine
294 1053 137 46 Domini.
393 1053 87 46 His
443 1053 100 46 enim
505 1053 137 46 verbis,
605 1053 174 46 comminatur
742 1053 137 46 irapiis
841 1053 137 46 Judaeis
928 1053 75 46 resu

210 1092 131 39 piscere
305 1092 178 39 nolentibus,
448 1092 155 39 perpetuam
567 1092 202 39 subtractionem
734 1092 155 39 gratiosae
852 1092 95 39 suae
900 1092 119 39 praesen¬-

208 1122 108 48 tiae,
280 1122 72 48 ab
316 1122 84 48 hoc
365 1122 145 48 tempore,
473 1122 84 48 quo
521 1122 120 48 ipsius
605 1122 193 48 benignitatem
762 1122 181 48 aspernantes
907 1122 108 48 etiam
967 1122 48 48 in

209 1147 126 52 crucem
298 1147 88 52 eum
348 1147 152 52 egerunt.
462 1147 114 52 Negat
538 1147 126 52 igitur
626 1147 76 52 se
664 1147 152 52 deinceps
778 1147 139 52 amplius
879 1147 76 52 ab
917 1147 114 52 ipsis
980 1147 63 52 vi¬-

202 1187 83 48 sum
250 1187 95 48 iri,
309 1187 107 48 donec
381 1187 83 48 eum
428 1187 143 48 viderint
535 1187 143 48 sedentem
642 1187 71 48 ad
678 1187 131 48 dextram
773 1187 155 48 potentiae
892 1187 83 48 Dei
940 1187 59 48 &
952 1187 59 48 ve¬-

211 1218 116 48 nientem
296 1218 63 48 in
327 1218 116 48 nubibus
412 1218 105 48 coeli,
486 1218 63 48 ut
517 1218 137 48 praedixit
623 1218 105 48 Matth.
697 1218 74 48 26.
739 1218 63 48 v.
770 1218 74 48 64.
813 1218 63 48 ac
844 1218 84 48 ipsi
897 1218 105 48 serio,
960 1218 53 48 li¬-

208 1250 82 48 cet
255 1250 94 48 sero
314 1250 117 48 tandem
396 1250 164 48 agnoscant,
525 1250 105 48 ipsum
595 1250 94 48 esse
654 1250 94 48 vere
712 1250 117 48 Filium
794 1250 105 48 illum
865 1250 94 48 Dei,
923 1250 70 48 ac
947 1250 70 48 imi¬-

202 1291 113 40 tantes
281 1291 136 40 electos,
383 1291 90 40 ipsi
439 1291 68 40 in
473 1291 147 40 majestate
586 1291 79 40 sua
631 1291 158 40 adventanti
756 1291 170 40 gratulentur
892 1291 68 40 ac
926 1291 113 40 dicant

211 1319 171 49 Benedictus
345 1319 85 49 qui
394 1319 110 49 venit
467 1319 73 49 in
503 1319 122 49 nomine
589 1319 134 49 Domini:
686 1319 85 49 sed
735 1319 110 49 nullo
808 1319 85 49 suo
857 1319 85 49 cum
893 1319 122 49 conmodo¬-

214 1351 98 55 quum
275 1351 111 55 ipsum
349 1351 160 55 agnoscere
472 1351 61 55 &
497 1351 160 55 suscipere
620 1351 160 55 nolucrint
742 1351 86 55 hoc
792 1351 86 55 tam
841 1351 148 55 gratioso
939 1351 74 55 tem¬-

220 1395 85 40 pore
263 1395 159 40 visitationis.

246 1421 103 54 Haec
311 1421 78 54 de
350 1421 233 54 apparitionibus
543 1421 142 54 Christi
647 1421 103 54 post
712 1421 233 54 resurrectionem
893 1421 103 54 ipsius

464 1462 81 56 ex
504 1462 161 56 mortuis:
625 1462 161 56 sequitur

420 1543 329 55 CAPUT
602 1543 219 55 XXV.

336 1589 85 66 In
378 1589 100 66 quo
435 1589 85 66 de
478 1589 213 66 Adscensione
649 1589 156 66 Christi
763 1589 85 66 in
791 1589 128 66 coelum.

303 1642 151 55 DSCENSIO
416 1642 138 55 Christi
517 1642 75 55 in
554 1642 125 55 coelum
642 1642 88 55 non
692 1642 201 55 intelligitur
855 1642 88 55 hic
893 1642 138 55 figurate,

307 1690 73 37 ut
343 1690 97 37 quum
404 1690 85 37 Deo
453 1690 158 37 tribuitur
575 1690 85 37 κατ
623 1690 231 37 ἀνθρωποπαθειαν,
818 1690 110 37 sicut
891 1690 122 37 Genes.
964 1690 61 37 17.

304 1727 70 34 v.
339 1727 82 34 22.
386 1727 82 34 ubi
433 1727 140 34 dicitur,
538 1727 152 34 Adscendit
655 1727 94 34 Deus
714 1727 59 34 a
737 1727 105 34 facie
807 1727 152 34 Abrahami;
924 1727 82 34 nec
960 1727 59 34 mu¬-

220 1750 139 44 tationem
325 1750 139 44 duntaxat
430 1750 174 44 conditionis
569 1750 139 44 terrenae
673 1750 70 44 in
708 1750 163 44 coelestem,
836 1750 81 44 nec
871 1750 151 44 disparitio¬-

224 1784 80 42 nem
269 1784 171 42 significat:
406 1784 80 42 sed
451 1784 125 42 proprie
542 1784 148 42 usurpatur
656 1784 80 42 pro
701 1784 148 42 mutatione
815 1784 102 42 loci,
883 1784 57 42 &
906 1784 91 42 vera
952 1784 68 42 pro¬-

228 1819 131 39 priaque
323 1819 178 39 profectione
466 1819 59 39 e
490 1819 107 39 terra
561 1819 71 39 in
597 1819 131 39 coelum,
692 1819 131 39 tanquam
787 1819 59 39 e
811 1819 95 39 loco
870 1819 155 39 inferiore
977 1819 48 39 in

213 1849 181 56 superiorem:
358 1849 60 56 &
382 1849 84 56 sic
418 1849 169 56 describitur:

277 1885 157 36 ADSCENSIO
398 1885 133 36 Christi
495 1885 73 36 in
531 1885 133 36 coelum,
628 1885 85 36 est
677 1885 133 36 tertius
774 1885 121 36 gradus
846 1885 182 36 exaltationis:

222 1918 134 37 Christi,
322 1918 78 37 dum
367 1918 123 37 corpore
456 1918 78 37 suo
500 1918 145 37 discedens
612 1918 56 37 a
634 1918 100 37 nobis
701 1918 167 37 visibiliter
835 1918 56 37 e
857 1918 100 37 terra
913 1918 111 37 elevatus

221 1951 56 39 &
243 1951 111 39 sursum
321 1951 134 39 receptus
421 1951 78 39 est
466 1951 67 39 in
499 1951 123 39 coelum,
589 1951 100 39 Marc.
655 1951 78 39 16.
700 1951 67 39 v.
733 1951 78 39 19.
778 1951 123 39 Dominus
867 1951 111 39 igitur
934 1951 78 39 post.

232 1990 84 37 quam
285 1990 127 37 loquutus
380 1990 116 37 fuisset
465 1990 84 37 eis,
517 1990 105 37 sursum
591 1990 127 37 receptus
686 1990 74 37 est
728 1990 63 37 in
760 1990 116 37 coelum,
844 1990 105 37 Actor.
918 1990 63 37 1.
950 1990 63 37 v.
971 1990 42 37 9.

227 2020 67 39 Et
260 2020 89 39 quum
316 2020 89 39 haec
372 2020 145 39 dixisset,
483 2020 201 39 adspicientibus
650 2020 100 39 ipsis
717 2020 134 39 elevatus
817 2020 89 39 est:
873 2020 56 39 &
895 2020 100 39 nubes
951 2020 67 39 sus¬-

220 2057 118 33 ceptum
303 2057 83 33 eum
350 2057 141 33 abstulit
456 2057 71 33 ab
491 2057 118 33 oculis
574 2057 118 33 eorum.
656 2057 94 33 Joh.
715 2057 83 33 14.
763 2057 71 33 v.
798 2057 71 33 2.
833 2057 153 33 Nominatur
939 2057 83 33 etiam

226 2087 108 39 abitus
302 2087 119 39 Christi
388 2087 65 39 ex
420 2087 76 39 hoc
464 2087 108 39 mundo.
539 2087 108 39 Johan.
615 2087 76 39 16.
658 2087 65 39 v.
690 2087 65 39 5,
712 2087 43 39 7.

262 2114 143 40 Praedicta
372 2114 88 40 fuit
427 2114 99 40 Psal.
494 2114 77 40 68.
538 2114 66 40 v.
571 2114 77 40 19.
615 2114 154 40 Adscendens
736 2114 66 40 in
769 2114 132 40 sublime;
869 2114 132 40 captivam
957 2114 55 40 fe¬-

226 2149 102 36 cisti
294 2149 159 36 captivorum
419 2149 193 36 multitudinem,
578 2149 148 36 accipiens
691 2149 125 36 dedisti
782 2149 91 36 dona
839 2149 159 36 hominibus;
952 2149 57 36 et¬-

229 2184 79 37 iam
274 2184 135 37 rebelles
375 2184 147 37 habitando
488 2184 135 37 captivos
590 2184 113 37 facis,
668 2184 79 37 Iah
714 2184 101 37 Deus.
781 2184 90 37 Dan.
838 2184 68 37 7.
871 2184 68 37 v.
905 2184 79 37 13.
939 2184 79 37 Vide¬-

220 2216 77 40 bam
264 2216 155 40 visionibus
386 2216 155 40 nocturnis,
507 2216 88 40 quod
562 2216 88 40 ecce
617 2216 77 40 cum
662 2216 121 40 nubibus
750 2216 99 40 coeli
816 2216 121 40 similis
905 2216 99 40 filio
960 2216 55 40 hoc

225 2249 106 34 minis
296 2249 153 34 veniebat:
413 2249 117 34 deinde
495 2249 106 34 usque
566 2249 70 34 ad
601 2249 141 34 Antiquum
707 2249 117 34 dierum
789 2249 153 34 pervenit,
906 2249 70 34 ut
930 2249 82 34 siste

220 2283 115 33 retur
297 2283 102 33 ante
361 2283 102 33 eum.
425 2283 77 33 Et
463 2283 89 33 per
514 2283 115 33 typum
591 2283 115 33 Summi
667 2283 179 33 Sacerdotis
808 2283 89 33 cum
859 2283 153 33 sanguine
961 2283 51 33 i1

216 2314 135 41 Sanctum
314 2314 159 41 sanctorum
437 2314 196 41 ingredientis
596 2314 159 41 quotannis
719 2314 123 41 semel,
804 2314 110 41 Hebr.
878 2314 74 41 9.
915 2314 74 41 v.
952 2314 74 41 7.
976 2314 37 41 &

223 2345 173 41 sequentibus.
364 2345 108 41 Ezech.
440 2345 76 41 44.
483 2345 65 41 v.
516 2345 65 41 2,
548 2345 65 41 3.
581 2345 65 41 Et
613 2345 98 41 dixit
678 2345 87 41 mihi
732 2345 119 41 Iehova,
819 2345 98 41 porta
884 2345 87 41 haec
927 2345 98 41 clausa¬-

215 2388 114 34 esto,
291 2388 89 34 non
342 2388 165 34 aperitor,
469 2388 63 34 &
495 2388 152 34 quisquam
609 2388 89 34 non
660 2388 190 34 ingreditor;
812 2388 102 34 quia
876 2388 127 34 Iehova
952 2388 76 34 Deus

224 2417 132 39 Israeli:
323 2417 143 39 ingressus
433 2417 77 39 est
476 2417 77 39 ea:
520 2417 88 39 erit
575 2417 110 39 igitur
652 2417 121 39 clausa.
740 2417 77 39 Pro
784 2417 132 39 Principe
882 2417 88 39 est.
937 2417 66 39 Ut
959 2417 66 39 enim

227 2455 72 36 in
263 2455 133 36 terreno
360 2455 181 36 tabernaculo
504 2455 84 36 seu
553 2455 121 36 templo
637 2455 133 36 Sanctum
734 2455 157 36 Sanctorum
854 2455 84 36 seu
890 2455 121 36 interius

219 2482 178 37 sanctuarium
361 2482 59 37 &
385 2482 201 37 tabernaculum,
551 2482 95 37 quod
610 2482 95 37 erat
669 2482 107 37 typus
740 2482 95 37 veri
799 2482 59 37 &
823 2482 154 37 coelestis
929 2482 95 37 taber¬-

224 2516 146 39 naculi,
330 2516 146 39 omnibus
437 2516 106 39 erat
503 2516 160 39 clausum,
623 2516 93 39 nec
676 2516 146 39 cuiquam
783 2516 120 39 etiam
849 2516 160 39 Sacerdotum

228 2546 152 40 Levitarum
345 2546 128 40 licebat
438 2546 70 40 in
473 2546 105 40 illud
543 2546 140 40 ingredi,
648 2546 93 40 nisi
706 2546 105 40 Summo
776 2546 163 40 Sacerdoti,
904 2546 105 40 idque
963 2546 58 40 non

230 2576 90 41 sine
286 2576 146 41 sanguine:
398 2576 79 41 ita
443 2576 123 41 coelum,
533 2576 90 41 quod
589 2576 79 41 est
634 2576 135 41 sublimis
735 2576 56 41 &
757 2576 179 41 augustissima
903 2576 101 41 sedes
959 2576 56 41 ma¬-

222 2609 144 41 jestatis
330 2609 132 41 Jehovae
426 2609 84 41 Dei
473 2609 156 41 Israelis,
593 2609 132 41 omnibus
689 2609 156 41 hominibus
809 2609 96 41 fuit
868 2609 144 41 clausum,
964 2609 60 41 nec

216 2650 119 34 potuit
300 2650 83 34 sua
347 2650 131 34 virtute
443 2650 60 34 &
466 2650 250 34 efficaciaquisquam
681 2650 143 34 ingredi,
788 2650 95 34 nisi
848 2650 119 34 Summus
920 2650 95 34 noste¬-

214 2683 146 41 Sacerdos
324 2683 146 41 CHRISTUS
433 2683 122 41 JESUS,
519 2683 85 41 qui
568 2683 110 41 illud
641 2683 110 41 nobis
714 2683 122 41 quoque
799 2683 146 41 aperuit,
909 2683 73 41 ut
934 2683 85 41 dici¬-

217 2711 79 49 tur
262 2711 102 49 Hebr.
330 2711 68 49 6.
364 2711 68 49 v.
398 2711 79 49 20.
443 2711 79 49 Quo
489 2711 159 49 praecursor
613 2711 79 49 pro
659 2711 102 49 nobis
727 2711 147 49 ingressus
840 2711 79 49 est
885 2711 113 49 Iesus.
953 2711 57 49 Ide

220 2744 125 49 dicitur
310 2744 102 49 porta
378 2744 91 49 illa
435 2744 91 49 esse
492 2744 79 49 pro
537 2744 147 49 Principe,
651 2744 79 49 hoc
696 2744 91 49 est,
753 2744 91 49 quam
809 2744 136 49 Princeps
912 2744 136 49 aperiat,

229 2775 78 46 qua
274 2775 134 46 Princeps
374 2775 168 46 ingressurus
497 2775 56 46 est

245 2807 107 43 Causa
316 2807 155 43 efficiens
435 2807 143 43 princeps
542 2807 190 43 adscensionis
697 2807 131 43 Christi
792 2807 71 43 in
828 2807 119 43 coelum
911 2807 95 43 fuit
959 2807 83 43 omni¬-

226 2843 117 44 potens
308 2843 117 44 virtus
390 2843 82 44 Dei
436 2843 128 44 Patris,
529 2843 105 44 Filij
599 2843 58 44 &
623 2843 140 44 Spiritus
728 2843 128 44 Sancti.
821 2843 70 44 De
856 2843 105 44 Patre
914 2843 105 44 dicitur

214 2887 86 41 Act.
268 2887 65 41 2.
300 2887 65 41 v.
333 2887 75 41 33.
376 2887 129 41 Dextera,
473 2887 65 41 id
505 2887 86 41 est,
559 2887 129 41 potentia
656 2887 54 41 &
677 2887 118 41 virtute
764 2887 75 41 Dei
807 2887 129 41 evectus.
904 2887 65 41 Et
936 2887 86 41 cap.
979 2887 43 41 5.

216 2914 72 39 v.
252 2914 84 39 30,
300 2914 84 39 31.
348 2914 96 39 Deus
408 2914 120 39 Patrum
492 2914 156 39 nostrorum
612 2914 168 39 suscitavit
745 2914 120 39 Iesum,
829 2914 96 39 quem
889 2914 84 39 vos
925 2914 96 39 inter¬-

223 2943 140 44 fecistis
329 2943 152 44 suspensum
446 2943 70 44 in
481 2943 117 44 ligno.
563 2943 105 44 Hunc,
633 2943 129 44 inquam,
726 2943 94 44 Deus
785 2943 129 44 dextera
879 2943 82 44 sua
914 2943 105 44 evectum

220 2983 163 41 constituit
348 2983 151 41 Principem
465 2983 70 41 ac
499 2983 174 41 Servatorem,
639 2983 70 41 ut
674 2983 81 41 det
720 2983 209 41 resipiscentiam
895 2983 128 41 Israeli
976 2983 35 41 &

214 3016 172 45 remissionem
351 3016 172 45 peccatorum.
489 3016 69 45 De
523 3016 103 45 Filio
592 3016 138 45 dicitur,
696 3016 92 45 Joh.
753 3016 69 45 3.
787 3016 69 45 v.
822 3016 80 45 13.
868 3016 92 45 Nemo
914 3016 103 45 adscen¬-

215 3045 74 47 dit
258 3045 63 47 in
289 3045 116 47 coelum,
373 3045 84 47 nisi
426 3045 74 47 qui
468 3045 137 47 descendit
574 3045 53 47 e
595 3045 105 47 coelo,
668 3045 105 47 Filius
742 3045 116 47 hominis
826 3045 74 47 qui
869 3045 74 47 est
911 3045 63 47 in
932 3045 84 47 coelo.

208 3077 92 44 Joh.
265 3077 80 44 16.
311 3077 69 44 v.
345 3077 69 44 5.
379 3077 92 44 Nunc
437 3077 103 44 autem
505 3077 92 44 abeo
562 3077 103 44 adeum
631 3077 80 44 qui
677 3077 103 44 misit
746 3077 80 44 me.
791 3077 69 44 Et
826 3077 69 44 v.
860 3077 69 44 7.
895 3077 80 44 Ego
929 3077 80 44 veri¬-

217 3111 106 46 tatem
288 3111 94 46 dico
346 3111 117 46 vobis,
429 3111 129 46 confert
523 3111 106 46 vobis
593 3111 70 46 ut
628 3111 82 46 ego
675 3111 117 46 abeam;
758 3111 94 46 Nisi
816 3111 94 46 enim
875 3111 129 46 abiero;
957 3111 59 46 Ad¬-

210 3150 127 40 vocatus
303 3150 92 40 ille
360 3150 81 40 non
406 3150 138 40 venietad
510 3150 92 40 vos:
568 3150 81 40 sin
614 3150 104 40 autem
683 3150 150 40 profectus
798 3150 115 40 fuero,
879 3150 115 40 mittam
948 3150 58 40 eum

207 3181 74 40 ad
244 3181 99 40 vos.
306 3181 74 40 Et
343 3181 99 40 cap.
405 3181 87 40 20.
455 3181 74 40 v.
492 3181 87 40 17.
542 3181 149 40 Adscendo
653 3181 74 40 ad
690 3181 124 40 Patrem
777 3181 112 40 meum,
852 3181 62 40 &
877 3181 124 40 Patrem
951 3181 62 40 ve¬-

209 3211 134 47 strum,
302 3211 67 47 &
329 3211 107 47 Deum
396 3211 107 47 meum
463 3211 67 47 &
490 3211 107 47 Deum
557 3211 161 47 vestrum.
678 3211 134 47 Ephes.
772 3211 80 47 4.
812 3211 80 47 v.
852 3211 94 47 10.
906 3211 94 47 Qui
946 3211 67 47 de¬

1048 163 163 57 scenderat,
1176 163 93 57 ipse
1234 163 81 57 est
1281 163 81 57 qui
1327 163 105 57 etiam
1397 163 163 57 adscendit.
1525 163 93 57 Ista
1583 163 93 57 enim
1641 163 70 57 de
1676 163 128 57 Christo
1769 163 81 57 sic
1804 163 70 57 enum

1051 208 143 49 ciantur,
1159 208 72 49 ut
1195 208 203 49 significetur,
1362 208 108 49 ipsum
1434 208 132 49 propria
1529 208 84 49 sua
1577 208 132 49 virtute
1673 208 72 49 in
1709 208 120 49 coelum
1780 208 84 49 profe

1059 242 116 44 ctum.
1136 242 90 44 Nam
1188 242 103 44 ipse
1252 242 154 44 profecto
1368 242 129 44 corpus
1458 242 103 44 suum
1523 242 142 44 levavit
1626 242 77 44 in
1664 242 142 44 coelum.
1767 242 103 44 Unde
1819 242 64 44 Au¬-

1062 274 149 49 gustinus
1173 274 124 49 tertio
1260 274 111 49 tomo,
1334 274 111 49 libro
1408 274 74 49 de
1446 274 111 49 Agone
1520 274 186 49 Christiano,
1668 274 124 49 capite
1743 274 136 49 vigesimo¬-

1062 311 121 46 quinto
1147 311 97 46 ait:
1207 311 85 46 Nec
1256 311 85 46 eos
1304 311 157 46 audiamus,
1425 311 85 46 qui
1474 311 121 46 negant
1558 311 109 46 ipsum
1631 311 121 46 corpus
1716 311 97 46 suum
1764 311 109 46 levasse

1050 343 78 40 in
1089 343 130 40 coelum
1180 343 143 40 Dominum
1284 343 156 40 nostrum.
1401 343 78 40 Et
1440 343 104 40 mox:
1506 343 130 40 Corpus
1597 343 91 40 non
1649 343 169 40 adscendit
1779 343 78 40 in
1805 343 78 40 coe¬-

1047 381 88 38 lum
1098 381 150 38 (nimirum
1210 381 138 38 proprie
1310 381 163 38 loquendo,
1435 381 88 38 nec
1485 381 100 38 enim
1548 381 113 38 ipsum
1623 381 100 38 fuit
1685 381 113 38 causa
1748 381 125 38 efficien

1055 408 155 41 princeps
1171 408 219 41 adscensionis)
1352 408 142 41 Dominus
1455 408 103 41 enim
1520 408 181 41 adscendit,
1662 408 129 41 corpus
1752 408 116 41 autem
1816 408 65 41 non

1048 446 166 42 adscendit,
1178 446 83 42 sed
1226 446 130 42 levatum
1320 446 83 42 est
1368 446 71 42 in
1403 446 118 42 coelum
1486 446 95 42 illo
1545 446 130 42 levante
1640 446 83 42 qui
1688 446 166 42 adscendit.
1806 446 71 42 Quuo

1043 476 100 41 vero
1106 476 150 41 Hilarius
1219 476 100 41 lib.
1282 476 125 41 decimo
1369 476 75 41 de
1407 476 175 41 Trinitate,
1545 476 125 41 pagina
1632 476 188 41 ducentesima
1770 476 113 41 decima¬-

1059 519 118 39 quarta
1142 519 94 39 ait;
1201 519 118 39 Corpus
1283 519 130 39 Christi
1378 519 177 39 adscendisse
1519 519 71 39 in
1555 519 130 39 coelum;
1649 519 142 39 figurate
1743 519 142 39 abstractum

1056 544 88 45 pro
1107 544 151 45 concreto
1220 544 176 45 usurpatur.
1358 544 151 45 Spiritum
1472 544 138 45 Sanctum
1572 544 113 45 etiam
1648 544 101 45 esse
1710 544 126 45 causam
1786 544 88 45 effi,

1053 587 139 31 cientem
1154 587 164 31 principem
1280 587 202 31 adscensionis
1444 587 139 31 Christi
1545 587 76 31 in
1583 587 139 31 coelum,
1684 587 126 31 minime
1760 587 126 31 dubitan¬-

1048 608 99 43 dum,
1110 608 99 43 quum
1172 608 136 43 externa
1271 608 112 43 opera
1345 608 198 43 Sacrosanctae
1506 608 174 43 Trinitatis
1642 608 99 43 sunt
1692 608 124 43 indivisa

1087 644 81 38 Nec
1134 644 105 38 tamen
1204 644 93 38 opus
1262 644 105 38 istud
1331 644 174 38 essentiale,
1471 644 81 38 sed
1517 644 151 38 personale
1633 644 93 38 est:
1692 644 93 38 quia
1750 644 70 38 in
1773 644 116 38 persona.

1052 677 116 41 Filij
1129 677 90 41 Dei
1168 677 154 41 terminatum

1105 709 99 47 Causa
1171 709 143 47 efficiens
1281 709 121 47 propter
1370 709 88 47 quam
1425 709 77 47 est
1469 709 221 47 sufficientissima
1656 709 176 47 satisfactio,
1789 709 88 47 justi¬-

1056 741 90 43 tiae
1112 741 78 43 Dei
1157 741 112 43 nostro
1235 741 112 43 nomine
1314 741 56 43 a
1336 741 123 43 Christo
1426 741 157 43 praestita,
1549 741 101 43 sicut
1616 741 123 43 dicitur
1706 741 101 43 Hebr.
1773 741 67 43 9.
1807 741 67 43 v.
1829 741 45 43 12

1060 784 86 33 Per
1109 784 147 33 proprium
1219 784 160 33 sanguinem
1342 784 160 33 ingressus
1465 784 86 33 est
1514 784 111 33 semel
1588 784 74 33 in
1625 784 172 33 sacrarium,
1748 784 135 33 aeternam.

1059 816 182 42 redemtionem
1204 816 133 42 nactus.
1301 816 85 42 Nam
1350 816 109 42 sicut
1422 816 182 42 resurrexit,
1568 816 85 42 ita
1616 816 109 42 etiam
1689 816 170 42 adscendit:
1810 816 73 42 quia

1065 850 139 33 ustitiae
1169 850 81 33 Dei
1216 850 104 33 plene
1285 850 58 33 &
1308 850 116 33 abunde
1389 850 81 33 pro
1435 850 104 33 nobis
1505 850 196 33 satisfecerat.
1666 850 116 33 Etenim
1747 850 69 33 si
1782 850 81 33 vel
1817 850 69 33 uni¬-

1055 885 93 35 cum
1108 885 159 35 peccatum
1227 885 173 35 electorum
1360 885 186 35 inexpiatum
1507 885 186 35 mansisset,
1653 885 159 35 Christus
1772 885 80 35 in
1799 885 93 35 morte

1053 917 161 40 mansisset
1176 917 87 40 nec
1226 917 74 40 in
1263 917 124 40 coelum
1350 917 173 40 adscendere
1486 917 173 40 potuisset.
1622 917 99 40 Nunc
1684 917 111 40 autem
1758 917 99 40 quia
1808 917 74 40 ple¬-

1063 948 70 46 ne
1098 948 176 46 satisfecit,
1239 948 82 46 non
1286 948 117 46 tantum
1368 948 70 46 ex
1403 948 129 46 mortuis
1497 948 176 46 resurrexit,
1637 948 82 46 sed
1684 948 105 46 etiam
1754 948 59 46 e
1778 948 105 46 terra
1836 948 47 46 in

1057 981 117 43 coelum
1128 981 140 43 adscendit.

1087 1014 109 43 Causa
1160 1014 170 43 administra
1293 1014 97 43 fuit
1354 1014 121 43 nubes,
1439 1014 97 43 quae
1500 1014 109 43 illum
1572 1014 61 43 a
1597 1014 170 43 discipulis
1730 1014 146 43 abeuntem
1827 1014 49 43 ex

1055 1047 120 38 cepit,
1139 1047 60 38 &
1163 1047 120 38 instar
1247 1047 144 38 vehiculi
1355 1047 156 38 subvexit,
1475 1047 60 38 &
1499 1047 156 38 subvectum
1619 1047 72 38 ab
1655 1047 120 38 oculis
1727 1047 168 38 discipulorum

1063 1083 142 37 abstulit,
1173 1083 66 37 ut
1206 1083 121 37 legitur
1293 1083 110 37 Actor.
1370 1083 66 37 1.
1403 1083 66 37 v.
1436 1083 66 37 9.
1469 1083 66 37 Et
1501 1083 88 37 quum
1556 1083 88 37 haec
1611 1083 142 37 dixisset,
1710 1083 175 37 adspicientibus

1062 1114 109 40 ipsis
1135 1114 145 40 elevatus
1244 1114 97 40 est:
1304 1114 61 40 &
1329 1114 109 40 nubes
1401 1114 158 40 susceptum
1522 1114 85 40 eum
1571 1114 145 40 abstulit
1680 1114 73 40 ab
1716 1114 121 40 oculis
1789 1114 97 40 eorum.

1065 1146 116 47 Factum
1147 1146 105 47 ideo:
1217 1146 70 47 I.
1252 1146 70 47 Ut
1286 1146 163 47 testaretur
1414 1146 70 47 se
1449 1146 105 47 illum
1519 1146 93 47 esse
1577 1146 70 47 de
1612 1146 81 47 quo
1659 1146 128 47 dicitur
1752 1146 105 47 Psal.
1810 1146 70 47 104.

1062 1185 74 36 v.
1099 1185 74 36 3.
1136 1185 87 36 Qui
1185 1185 148 36 disponit
1296 1185 124 36 densas
1383 1185 111 36 nubes
1457 1185 74 36 in
1494 1185 161 36 vehiculum
1605 1185 87 36 suum.

1118 1212 83 43 II.
1165 1212 71 43 Ut
1201 1212 71 43 in
1236 1212 71 43 se
1272 1212 177 43 ostenderet,
1413 1212 94 43 quid
1472 1212 71 43 de
1508 1212 106 43 nobis
1578 1212 130 43 futurum
1673 1212 106 43 esset
1743 1212 71 43 in
1767 1212 118 43 extremo¬-

1065 1246 95 45 die,
1124 1246 71 45 1.
1160 1246 107 45 Thes.
1231 1246 71 45 4.
1267 1246 71 45 v.
1302 1246 83 45 17.
1350 1246 142 45 Rapiemur
1456 1246 71 45 in
1492 1246 107 45 nubes
1563 1246 71 45 in
1599 1246 142 45 occursum
1705 1246 119 45 Domini
1788 1246 71 45 in
1812 1246 71 45 aera

1093 1284 104 39 Forma
1163 1284 81 39 seu
1209 1284 104 39 modus
1278 1284 184 39 adscensionis
1428 1284 127 39 Christi
1520 1284 81 39 sic
1566 1284 173 39 describitur
1705 1284 92 39 Luc.
1762 1284 81 39 24.
1808 1284 69 39 v.
1831 1284 58 39 51.

1062 1311 118 41 Factum
1145 1311 83 41 est
1192 1311 71 41 ut
1227 1311 83 41 dum
1275 1311 94 41 ipse
1334 1311 177 41 benediceret
1475 1311 165 41 discipulis
1605 1311 106 41 suis,
1676 1311 165 41 disiunctus
1805 1311 71 41 ab
1829 1311 59 41 eis

1075 1350 118 46 sursum
1158 1350 142 46 ferretur
1264 1350 59 46 &
1288 1350 71 46 in
1323 1350 130 46 coelum.
1417 1350 71 46 Et
1453 1350 118 46 Actor.
1535 1350 71 46 1.
1571 1350 71 46 v.
1606 1350 71 46 9.
1641 1350 212 46 Adspicientibus
1806 1350 83 46 ipsit

1064 1389 156 39 elevatus
1181 1389 104 39 est.
1246 1389 169 39 Adscendit
1377 1389 130 39 igitur
1468 1389 156 39 Christus
1585 1389 143 39 virtute
1689 1389 130 39 quidem
1768 1389 130 39 secundum

1072 1416 150 36 Deitatem
1184 1416 125 36 coelum
1271 1416 150 36 potenter
1383 1416 175 36 aperiendo:
1521 1416 75 36 at
1558 1416 100 36 vera
1621 1416 100 36 loci
1683 1416 162 36 mutatione
1795 1416 100 36 secun¬-

1071 1448 91 38 dum
1123 1448 142 38 humanam
1226 1448 155 38 naturam,
1343 1448 207 38 spectantibus
1511 1448 181 38 discipulis
1653 1448 142 38 quomodo
1757 1448 155 38 visibili

1064 1482 84 39 ter
1112 1482 60 39 e
1136 1482 107 39 terra
1207 1482 84 39 ubi
1255 1482 143 39 secundum
1363 1482 107 39 illam
1434 1482 107 39 erat,
1506 1482 119 39 sursum
1589 1482 72 39 in
1625 1482 131 39 coelum,
1721 1482 84 39 ubi
1757 1482 131 39 secundum.

1071 1519 114 33 illam
1147 1519 126 33 nondum
1236 1519 114 33 erat,
1311 1519 253 33 proficisceretur:
1526 1519 88 33 ita
1576 1519 76 33 ut
1614 1519 152 33 secundum
1728 1519 88 33 eam
1778 1519 88 33 non
1816 1519 76 33 man¬-

1077 1550 94 41 serit
1139 1550 63 41 in
1171 1550 105 41 terra,
1244 1550 73 41 nec
1286 1550 157 41 disparuerit
1412 1550 52 41 &
1433 1550 157 41 invisibilis
1558 1550 63 41 in
1590 1550 84 41 ipsa
1642 1550 105 41 factus
1715 1550 84 41 sit,
1768 1550 73 41 sed
1799 1550 84 41 visibi

1066 1583 103 36 liter
1134 1583 172 36 adscenderit
1272 1583 57 36 &
1295 1583 161 36 localiter,
1421 1583 149 36 visibilis
1536 1583 103 36 etiam
1604 1583 57 36 &
1627 1583 126 36 localis
1719 1583 92 36 homo
1765 1583 126 36 manserit.

1077 1616 84 38 Hoc
1125 1616 96 38 idem
1185 1616 157 38 testantur
1306 1616 121 38 sancti
1391 1616 133 38 Angeli,
1487 1616 84 38 qui
1535 1616 96 38 quum
1596 1616 157 38 discipuli
1716 1616 121 38 essent
1789 1616 96 38 inten¬-

1078 1653 76 38 tis
1122 1653 66 38 in
1155 1653 109 38 coelum
1231 1653 120 38 oculis,
1318 1653 66 38 eo
1351 1653 197 38 proficiscente,
1515 1653 142 38 dixerunt:
1624 1653 87 38 Viri
1679 1653 131 38 Galilei,
1777 1653 87 38 quid
1820 1653 66 38 sta¬-

1080 1685 82 36 tis
1127 1685 152 36 intuentes
1244 1685 70 36 in
1279 1685 129 36 coelum?
1373 1685 82 36 Hic
1419 1685 105 36 Iesus
1490 1685 82 36 qui
1536 1685 117 36 sursum
1618 1685 140 36 receptus
1724 1685 82 36 est
1770 1685 58 36 a
1794 1685 105 36 vobis
1852 1685 47 36 in

1084 1720 127 41 coelum,
1177 1720 81 41 ita
1223 1720 116 41 veniet
1304 1720 174 41 quemadmodum
1443 1720 162 41 spectastis
1571 1720 81 41 eum
1617 1720 208 41 proficiscentem
1790 1720 69 41 in
1814 1720 69 41 coe¬-

1079 1750 103 33 lum,
1144 1750 129 33 Actor.
1234 1750 77 33 1.
1273 1750 116 33 vers.
1350 1750 129 33 10,11.
1440 1750 103 33 Unde
1505 1750 181 33 Fulgentius
1647 1750 77 33 ad
1686 1750 194 33 Trasimundum
1827 1750 65 33 Re¬-

1074 1781 102 43 gem:
1138 1781 140 43 Quomodo
1240 1781 165 43 adscendit
1367 1781 76 43 in
1405 1781 140 43 coelum?
1507 1781 102 43 nisi
1571 1781 102 43 quia
1634 1781 115 43 verus
1711 1781 64 43 &
1736 1781 140 43 localis
1825 1781 64 43 est

1102 1835 108 57 FINES
1174 1835 193 57 adscensionis
1331 1835 133 57 Christi
1427 1835 108 57 sunt:
1499 1835 72 57 I.
1536 1835 72 57 Ut
1572 1835 181 57 ostenderet,
1716 1835 72 57 se
1752 1835 120 57 revera
1825 1835 72 57 esse

1069 1883 116 39 Filium
1151 1883 105 39 illum
1220 1883 93 39 Dei,
1278 1883 81 39 qui
1325 1883 58 39 e
1348 1883 105 39 coelo
1418 1883 105 39 prius
1488 1883 174 39 descenderit
1627 1883 128 39 propter
1720 1883 81 39 nos
1766 1883 58 39 &
1778 1883 116 39 propter¬-

1066 1917 127 35 nostram
1159 1917 138 35 salutem,
1262 1917 92 35 Eph.
1320 1917 69 35 4.
1354 1917 69 35 v.
1389 1917 69 35 9,
1423 1917 81 35 10.
1469 1917 104 35 Illud
1538 1917 161 35 Adscendit,
1665 1917 92 35 quid
1722 1917 81 35 est
1768 1917 92 35 nisi
1826 1917 92 35 quod

1079 1950 90 44 tiam
1135 1950 168 44 descenderat
1269 1950 101 44 prius
1337 1950 67 44 in
1370 1950 123 44 infimas
1460 1950 112 44 partes
1538 1950 123 44 terrae?
1628 1950 78 44 Qui
1673 1950 179 44 descenderat,
1819 1950 90 44 ipso

1066 1984 81 35 est
1113 1984 81 35 qui
1159 1984 104 35 etiam
1228 1984 150 35 adscendit
1343 1984 104 35 longe
1412 1984 104 35 supra
1481 1984 104 35 omnes
1550 1984 127 35 coelos,
1642 1984 115 35 Johan.
1722 1984 69 35 3.
1757 1984 69 35 v.
1791 1984 81 35 13.
1826 1984 69 35 Nemo

1063 2024 89 36 enim
1119 2024 145 36 adscendit
1230 2024 67 36 in
1263 2024 123 36 coelum,
1352 2024 89 36 nisi
1408 2024 78 36 qui
1453 2024 145 36 descendit
1564 2024 56 36 e
1586 2024 111 36 coelo,
1664 2024 111 36 Filius
1742 2024 123 36 hominis
1831 2024 78 36 qui

1069 2049 82 39 est
1116 2049 71 39 in
1152 2049 118 39 coelo.
1234 2049 94 39 Unde
1293 2049 176 39 colligitur,
1434 2049 106 39 ipsum
1504 2049 94 39 esse
1563 2049 106 39 verum
1633 2049 118 39 natura
1716 2049 106 39 Deum,
1786 2049 82 39 qui
1821 2049 71 39 cor¬-

1075 2084 86 41 bus
1124 2084 99 41 suum
1186 2084 136 41 levavit
1284 2084 74 41 in
1321 2084 136 41 coelum:
1420 2084 62 41 &
1445 2084 111 41 verum
1519 2084 123 41 natura
1605 2084 148 41 hominem,
1716 2084 99 41 quia
1778 2084 136 41 locali¬

1060 2124 78 37 ter
1105 2124 56 37 &
1127 2124 168 37 visibiliter
1261 2124 146 37 adscendit
1374 2124 67 37 in
1407 2124 123 37 coelum.
1497 2124 78 37 Sic
1542 2124 101 37 facit
1609 2124 146 37 adscensio
1721 2124 123 37 Christi
1811 2124 67 37 ad
1833 2124 56 37 co¬-

1067 2148 160 48 gnitionem
1190 2148 111 48 veram
1263 2148 147 48 personae
1361 2148 111 48 ipsius,

1118 2181 93 40 II.
1171 2181 79 40 Ut
1210 2181 185 40 ostenderet
1356 2181 79 40 se
1396 2181 106 40 esse
1462 2181 119 40 verum
1542 2181 66 40 &
1568 2181 132 40 summum
1661 2181 119 40 illum
1727 2181 159 40 Pontificem

1068 2217 134 41 nostrum
1165 2217 97 41 apud
1226 2217 110 41 Deum,
1299 2217 97 41 Heb.
1360 2217 73 41 6.
1396 2217 73 41 v.
1433 2217 85 41 20.
1482 2217 97 41 Quae
1542 2217 170 41 praecursor
1676 2217 85 41 pro
1725 2217 110 41 nobis
1786 2217 97 41 ingres

1069 2250 81 39 sus
1116 2250 81 39 est
1162 2250 116 39 Iesus,
1243 2250 116 39 factus
1324 2250 139 39 secundum
1429 2250 127 39 ordinem
1521 2250 197 39 Melchisedech?
1683 2250 127 39 ontifex
1776 2250 70 39 in
1799 2250 93 39 aeter¬-

1069 2285 91 35 num.
1125 2285 68 35 Et
1159 2285 91 35 cap.
1216 2285 68 35 7.
1250 2285 68 35 v.
1284 2285 79 35 26.
1329 2285 102 35 Talis
1397 2285 79 35 nos
1442 2285 125 35 decebat
1533 2285 147 35 Pontifex,
1646 2285 136 35 sanctus,
1748 2285 68 35 ab
1782 2285 91 35 omni
1827 2285 57 35 ma¬-

1058 2316 69 38 lo
1093 2316 139 38 alienus,
1197 2316 93 38 sine
1255 2316 104 38 labe,
1325 2316 151 38 separatus
1440 2316 58 38 a
1464 2316 197 38 peccatoribus,
1626 2316 58 38 &
1649 2316 151 38 sublimior
1765 2316 116 38 coelis
1834 2316 58 38 fa¬-

1069 2350 96 37 ctus.
1133 2350 64 37 Et
1165 2350 85 37 cap.
1218 2350 64 37 6.
1250 2350 64 37 v.
1282 2350 64 37 4.
1314 2350 75 37 Nam
1357 2350 64 37 si
1389 2350 96 37 esset
1453 2350 64 37 in
1485 2350 106 37 terra,
1559 2350 64 37 ne
1591 2350 128 37 Sacerdos
1687 2350 106 37 quidem
1761 2350 106 37 esset.
1825 2350 64 37 Sic¬-

1063 2388 68 41 ad
1097 2388 171 41 cognitionem
1234 2388 125 41 officij
1325 2388 125 41 Christi
1416 2388 148 41 adscensio
1530 2388 91 41 ejus
1576 2388 91 41 facit:

1100 2418 101 35 III.
1164 2418 76 35 Ut
1202 2418 114 35 nobis
1278 2418 127 35 coelum
1366 2418 177 35 reseraret,
1506 2418 63 35 &
1531 2418 101 35 viam
1595 2418 177 35 sanctorum,
1734 2418 101 35 quam
1785 2418 101 35 pecca¬-

1061 2450 82 36 tum
1108 2450 165 36 clauserat,
1238 2450 189 36 patefaceret,
1391 2450 106 36 Hebr.
1462 2450 82 36 10.
1509 2450 106 36 vers.
1580 2450 82 36 19,
1627 2450 82 36 20.
1674 2450 94 36 Quum
1733 2450 130 36 igitur,
1815 2450 71 36 fra¬-

1061 2488 120 30 tres,
1141 2488 160 30 habeamus
1260 2488 186 30 libertatem
1407 2488 200 30 ingrediendi
1567 2488 173 30 Sacrarium
1700 2488 93 30 per
1740 2488 146 30 sanguinem

1058 2517 120 38 Iesu,
1138 2517 80 38 Ea
1177 2517 93 38 via
1231 2517 106 38 quam
1297 2517 173 38 dedicavit
1430 2517 120 38 nobis
1510 2517 160 38 recentem
1630 2517 67 38 &
1657 2517 133 38 vivam,
1750 2517 93 38 per
1790 2517 93 38 velum

1061 2549 78 37 hoc
1105 2549 89 37 est,
1161 2549 78 37 per
1205 2549 111 37 carnem
1283 2549 100 37 suam,
1349 2549 111 37 Ephes.
1427 2549 66 37 2.
1460 2549 66 37 v.
1493 2549 66 37 6.
1526 2549 111 37 Unaque
1604 2549 166 37 suscitavit,
1737 2549 111 37 unaque
1803 2549 89 37 collo¬-

1069 2586 109 48 cavit
1141 2586 72 48 in
1177 2586 121 48 coelis
1262 2586 72 48 in
1298 2586 133 48 Christo
1395 2586 109 48 Iesu.
1467 2586 84 48 Sic
1515 2586 145 48 impletum
1624 2586 84 48 est
1672 2586 169 48 vaticinium
1793 2586 96 48 Ezech.

1067 2622 63 39 44.
1103 2622 54 39 v.
1130 2622 54 39 1,
1158 2622 54 39 2,
1176 2622 36 39 3.

1092 2654 86 37 IV.
1141 2654 74 37 Ut
1178 2654 74 37 in
1215 2654 111 37 coelo
1289 2654 99 37 apud
1350 2654 123 37 Patrem
1437 2654 86 37 pro
1486 2654 111 37 nobis
1560 2654 209 37 intercederet,
1732 2654 111 37 Hebr.
1806 2654 74 37 9.
1831 2654 49 37 v.

1069 2683 86 41 24.
1118 2683 86 41 Non
1167 2683 74 41 in
1204 2683 99 41 manu
1266 2683 123 41 factum
1352 2683 160 41 sacrarium
1475 2683 160 41 ingressus
1599 2683 86 41 est
1648 2683 160 41 Christus,
1771 2683 99 41 quod
1820 2683 62 41 sit

1065 2720 142 35 exemplar
1172 2720 95 35 vero
1231 2720 142 35 sacrario
1338 2720 178 35 respondens:
1480 2720 83 35 sed
1527 2720 71 35 in
1563 2720 107 35 ipsum
1634 2720 130 35 coelum,
1729 2720 71 35 ut
1753 2720 130 35 comparea¬-

1064 2753 89 41 nunc
1120 2753 112 41 faciei
1198 2753 78 41 Dei
1242 2753 78 41 pro
1287 2753 112 41 nobis,
1365 2753 112 41 Johan.
1443 2753 67 41 2.
1477 2753 67 41 v.
1510 2753 67 41 1.
1544 2753 89 41 Quod
1600 2753 67 41 si
1633 2753 89 41 quis
1689 2753 145 41 peccarit,
1790 2753 100 41 advoca¬-

1064 2786 92 34 tum
1116 2786 105 34 apud
1182 2786 131 34 Patrem
1274 2786 158 34 habemus,
1392 2786 118 34 Iesum
1471 2786 158 34 Christum
1589 2786 144 34 justum,
1694 2786 105 34 Rom.
1760 2786 79 34 8.
1799 2786 79 34 v.
1825 2786 66 34 34.

1066 2816 92 40 Quis
1123 2816 80 40 est
1169 2816 80 40 qui
1215 2816 161 40 condemnet?
1341 2816 138 40 Christus
1444 2816 69 40 is
1478 2816 80 40 est
1524 2816 80 40 qui
1570 2816 126 40 mortuus
1662 2816 92 40 est,
1719 2816 80 40 imo
1765 2816 92 40 vero
1822 2816 92 40 qui¬

1065 2854 105 30 etiam
1135 2854 164 30 suscitatus
1264 2854 93 30 est:
1322 2854 82 30 qui
1369 2854 105 30 etiam
1439 2854 82 30 est
1486 2854 70 30 ad
1521 2854 140 30 dexteram
1626 2854 93 30 Dei:
1684 2854 82 30 qui
1731 2854 105 30 etiam
1790 2854 93 30 inter¬-

1068 2884 121 33 pellai
1152 2884 84 33 pro
1201 2884 121 33 nobis.
1285 2884 72 33 Id
1321 2884 193 33 significatum
1478 2884 96 33 fuit
1538 2884 96 33 typo
1599 2884 109 33 Summi
1671 2884 169 33 Sacerdotis
1804 2884 109 33 Exod.

1070 2916 79 40 28.
1115 2916 102 40 vers.
1183 2916 68 40 9,
1217 2916 79 40 12,
1262 2916 79 40 21.
1308 2916 91 40 Hinc
1364 2916 147 40 Irenaeus:
1478 2916 147 40 Adscendit
1591 2916 68 40 in
1625 2916 125 40 coelum,
1715 2916 68 40 ut
1749 2916 136 40 offerret
1840 2916 34 40 &

1064 2952 200 42 commendaret
1223 2952 93 42 Deo
1277 2952 120 42 Patri
1357 2952 160 42 hominem,
1476 2952 106 42 quem
1543 2952 146 42 redemit
1649 2952 67 42 &
1676 2952 240 42 recapitulavit,

1075 2994 156 36 primitias
1195 2994 215 36 resurrectionis
1374 2994 132 36 nostrae
1470 2994 72 36 in
1506 2994 156 36 semetipso
1626 2994 144 36 faciens,
1733 2994 72 36 ut
1757 2994 132 36 quemadmo¬-

1062 3021 87 37 dum
1111 3021 111 37 caput
1185 3021 173 37 resurrexit
1322 3021 62 37 a
1346 3021 149 37 mortuis,
1458 3021 87 37 sic
1507 3021 149 37 reliquum
1619 3021 124 37 corpus
1706 3021 111 37 omnis
1768 3021 111 37 homini¬-

1061 3053 148 41 resurgat.
1175 3053 69 41 Et
1209 3053 137 41 Cyrillus
1312 3053 91 41 lib.
1369 3053 80 41 10.
1415 3053 91 41 cap.
1472 3053 80 41 38.
1517 3053 69 41 in
1552 3053 148 41 Johannem:
1666 3053 91 41 Quum
1723 3053 91 41 ipse
1780 3053 80 41 sit
1814 3053 69 41 pri¬-

1053 3093 117 30 mitiae
1135 3093 129 30 generis
1229 3093 129 30 nostri,
1322 3093 105 30 quado
1392 3093 70 30 in
1427 3093 117 30 coelum
1509 3093 164 30 adscendit,
1638 3093 105 30 coram
1708 3093 105 30 Patre
1778 3093 82 30 nos
1813 3093 70 30 con¬-

1069 3116 136 34 stituit.
1170 3116 102 34 Quasi
1238 3116 90 34 ergo
1295 3116 136 34 deficere
1396 3116 79 34 seu
1441 3116 113 34 deesse
1521 3116 102 34 adhuc
1588 3116 158 34 Oeconomiae
1713 3116 158 34 videbatur,
1837 3116 68 34 ut

1052 3152 73 36 in
1088 3152 110 36 ipsos
1162 3152 110 36 etiam
1235 3152 122 36 coelos
1321 3152 208 36 adscenderemus
1492 3152 73 36 in
1529 3152 147 36 Christo.
1639 3152 98 36 Quum
1700 3152 98 36 enim
1761 3152 110 36 omnia
1822 3152 49 36 il

1067 3184 121 35 terris,
1155 3184 66 35 ut
1188 3184 66 35 ab
1221 3184 110 35 homine
1299 3184 143 35 facienda,
1409 3184 176 35 perfecisset,
1552 3184 132 35 restabat
1651 3184 88 35 jam,
1707 3184 66 35 ut
1740 3184 66 35 ad
1773 3184 99 35 Patre
1828 3184 55 35 ad¬-

1058 3216 158 50 scenderet.
1182 3216 90 50 Ideo
1239 3216 90 50 ait,
1295 3216 124 50 Expedit
1386 3216 113 50 vobis,
1465 3216 68 50 ut
1499 3216 79 50 ego
1544 3216 113 50 vadam.
1623 3216 68 50 Et
1657 3216 102 50 Augu.
1725 3216 113 50 contr,
1793 3216 90 50 epist.
