2063 3425
195 161 125 67 proprie
285 161 79 67 est
331 161 57 67 &
353 161 125 67 dicitur
444 161 136 67 quispiam
546 161 125 67 ratione
637 161 102 67 situs
705 161 102 67 inter
773 161 79 67 duo
818 161 125 67 extrema
909 161 57 67 &
920 161 91 67 respe¬-

199 203 77 51 ctu
243 203 99 51 loci,
309 203 99 51 sicut
374 203 99 51 inter
440 203 88 51 tria
495 203 55 51 &
517 203 121 51 quinque
604 203 110 51 medius
681 203 121 51 numerus
769 203 77 51 est
813 203 132 51 quatuor.
911 203 77 51 Sic
944 203 55 51 me¬-

205 235 84 49 dius
258 235 105 49 paries
332 235 126 49 dicitur.
426 235 74 49 Sic
468 235 126 49 Christus
563 235 105 49 medius
636 235 84 49 fuit
689 235 95 49 inter
752 235 84 49 duos
804 235 137 49 latrones,
909 235 74 49 una
941 235 63 49 cit¬-

202 271 86 49 ipso
256 271 160 49 crucifixos:
384 271 75 49 Non
427 271 96 49 omnis
491 271 96 49 autem
555 271 75 49 qui
598 271 75 49 sic
641 271 107 49 medius
715 271 75 49 est
758 271 96 49 inter
822 271 107 49 alios,
897 271 96 49 eorum
951 271 53 49 il¬-

200 301 90 53 lico
256 301 135 53 mediator
357 301 90 53 est:
413 301 79 53 nam
458 301 90 53 etsi
514 301 135 53 Christus
615 301 112 53 medius
694 301 135 53 pependit
795 301 101 53 inter
862 301 135 53 latrones
952 301 56 53 du¬-

202 338 77 45 os,
246 338 77 45 non
290 338 100 45 tamen
357 338 89 45 fuit
412 338 144 45 utriusque
523 338 133 45 Mediator
623 338 89 45 apud
678 338 100 45 Deum,
744 338 77 45 sed
789 338 111 45 tantum
866 338 111 45 illius
944 338 89 45 qui¬

214 376 86 43 suit
268 376 150 43 conversus.
385 376 64 43 In
418 376 118 43 judicio
503 376 150 43 universali
621 376 128 43 Christus
717 376 107 43 medius
792 376 86 43 erit
846 376 96 43 inter
899 376 107 43 homines,

214 412 112 38 quorum
292 412 90 38 alij
348 412 56 38 a
371 412 135 38 dextris,
472 412 90 38 alij
528 412 56 38 a
550 412 146 38 sinistris
662 412 90 38 ejus
718 412 135 38 stabunt:
819 412 79 38 nec
864 412 101 38 tamen
920 412 90 38 omnium

211 440 167 44 Mediatorem
343 440 96 44 apud
402 440 120 44 Patrem
486 440 72 44 se
522 440 96 44 esse
582 440 179 44 declavabit,
725 440 84 44 sed
773 440 120 44 tantum
857 440 108 44 eorum
928 440 84 44 qui
964 440 36 44 ¬-

195 476 126 44 dextris
286 476 207 44 constituentur.
459 476 138 44 Figurate
562 476 103 44 autem
631 476 115 44 medius
711 476 138 44 dicitur,
815 476 80 44 qui
849 476 161 44 similitudine

196 502 119 53 quadam
279 502 107 53 inter
350 502 83 53 duo
398 502 130 53 extrema
492 502 178 53 intercedit:
635 502 107 53 sicut
706 502 178 53 liberalitas
848 502 119 53 virtus
919 502 95 53 media¬-

201 542 130 41 dicitur
296 542 107 41 inter
367 542 154 41 avaritiam
485 542 59 41 &
509 542 225 41 prodigalitatem,
698 542 95 41 haec
757 542 95 41 enim
817 542 95 41 etsi
864 542 130 41 incorpore

201 568 106 59 sunt,
272 568 106 59 tamen
342 568 106 59 inter
412 568 70 59 se
448 568 141 59 rationem
553 568 129 59 quandam
647 568 106 59 situs
718 568 59 59 &
741 568 94 59 loci
800 568 129 59 habent.
882 568 129 59 Translate

194 606 110 45 etiam
267 606 110 45 media
341 606 159 45 dicuntur,
463 606 98 45 quae
524 606 171 45 diversarum
659 606 159 45 naturarum
781 606 183 45 separatarum
915 606 86 45 rati¬-

197 642 80 40 one
242 642 57 40 &
265 642 184 40 conjunctione
415 642 138 40 dicuntur
518 642 115 40 media,
599 642 92 40 quae
656 642 115 40 mediae
737 642 126 40 naturae
829 642 103 40 sunt,
898 642 69 40 ut
921 642 80 40 aqueo

199 676 158 40 animalia
317 676 66 40 &
344 676 119 40 aerea
423 676 145 40 aliorum
528 676 158 40 corporum
647 676 66 40 &
673 676 171 40 animalium
805 676 158 40 dicuntur
911 676 92 40 media

209 704 137 54 quaedam
308 704 174 54 diversarum
445 704 162 54 naturarum
569 704 199 54 coalitione,,
731 704 199 54 compositione
892 704 62 54 &
905 704 99 54 unione

198 740 155 41 constant,
317 740 83 41 per
365 740 95 41 quam
425 740 119 41 duobus
508 740 107 41 alijs
580 740 179 41 communicant
723 740 60 41 &
747 740 107 41 inter
818 740 72 41 ea
842 740 155 41 interjacent

199 770 72 44 ut
235 770 84 44 nos
283 770 131 44 homines
378 770 107 44 inter
450 770 131 44 Angelos
545 770 60 44 &
569 770 107 44 bruta
641 770 143 44 animalia
748 770 107 44 sumus
820 770 119 44 medij,
903 770 96 44 quia
951 770 48 44 u¬-

211 804 156 44 trorumque
331 804 132 44 naturam
427 804 204 44 participamus,
595 804 156 44 Angelorum
716 804 132 44 nimirum
812 804 72 44 in
848 804 120 44 anima,
920 804 72 44 bris

206 838 113 43 torum
282 838 163 43 animalium
407 838 75 43 in
445 838 151 43 corpore:
558 838 88 43 Sic
608 838 113 43 bruta
684 838 151 43 animalia
797 838 113 43 inter
872 838 138 43 homines
960 838 38 43 &

212 871 117 44 plantas
297 871 96 44 media
361 871 96 44 sunt.
425 871 74 44 Qui
468 871 74 44 sic
510 871 106 44 medius
585 871 85 44 est,
638 871 74 44 non
680 871 106 44 illico
755 871 128 44 Mediator
850 871 85 44 est:
904 871 128 44 alioquin

205 907 127 42 homines
298 907 115 42 essent
378 907 161 42 mediatores
505 907 104 42 inter
574 907 127 42 Angelos
666 907 58 42 &
689 907 104 42 bruta
758 907 150 42 animalia:
873 907 104 42 bruta
931 907 69 42 ani¬-

207 935 104 49 malia
277 935 115 49 essent
357 935 161 49 mediatores
484 935 104 49 inter
553 935 127 49 homines
645 935 58 49 &
668 935 138 49 plantas.
772 935 115 49 Itaque
852 935 115 49 medium
921 935 81 49 inter

208 969 128 46 extrema
301 969 163 46 dupliciter
429 969 93 46 esse
488 969 116 46 potest
569 969 81 46 vel
615 969 140 46 secundum
720 969 128 46 ordinem
813 969 58 46 &
837 969 116 46 situm:
918 969 81 46 vel
953 969 58 46 se¬-

199 1014 117 31 cundum
281 1014 222 31 participationem
469 1014 152 31 utriusque
586 1014 140 31 extremi:
691 1014 59 31 &
714 1014 70 31 ut
749 1014 117 31 verbis
831 1014 105 31 aliis
902 1014 82 31 rem
937 1014 70 31 ean¬-

205 1039 82 45 dem
252 1039 129 45 efferam
346 1039 118 45 medium
429 1039 82 45 vel
476 1039 94 45 loci
535 1039 129 45 ratione
629 1039 82 45 est
676 1039 82 45 vel
723 1039 188 45 substantiae.
876 1039 118 45 Angeli
946 1039 59 45 non

212 1074 101 41 sunt
276 1074 114 41 medii
352 1074 114 41 inter
428 1074 101 41 Deum
491 1074 63 41 &
516 1074 101 41 nos,
580 1074 101 41 quia
643 1074 152 41 utramque
757 1074 114 41 nempe
833 1074 89 41 Dei
883 1074 63 41 &
896 1074 114 41 hominum

220 1111 130 38 taturam
315 1111 83 38 non
362 1111 189 38 participant.
516 1111 142 38 Christum
622 1111 106 38 autem
693 1111 130 38 veteres
787 1111 118 38 dicunt
870 1111 95 38 esse
917 1111 95 38 medium

206 1148 111 36 inter
280 1148 99 36 Deum
341 1148 62 36 &
366 1148 99 36 nos.
427 1148 173 36 Lactantius
563 1148 160 36 Divinarum
686 1148 209 36 institutionum
859 1148 111 36 libro
920 1148 99 36 quarto

208 1177 82 41 qui
255 1177 82 41 est
302 1177 70 41 de
337 1177 94 41 vera
396 1177 164 41 sapientia,
524 1177 117 41 capite
606 1177 222 41 vicesimo-quinto
794 1177 94 41 ait:
852 1177 94 41 Fuit
911 1177 59 41 &
934 1177 94 41 Deus
981 1177 35 41 &

216 1207 102 41 homo
280 1207 114 41 inter
356 1207 102 41 Deum
420 1207 114 41 atque
496 1207 140 41 hominem
598 1207 127 41 medius
687 1207 204 41 constitutus.
852 1207 127 41 Petrus
929 1207 76 41 Lom¬-

212 1238 112 45 bardus
290 1238 180 45 Sententiarum
437 1238 112 45 tertio
515 1238 90 45 lib.
572 1238 180 45 Distinctione
718 1238 180 45 decima-nona,
864 1238 112 45 capite
931 1238 79 45 ulti¬-

214 1278 68 43 mo
248 1278 68 43 ex
282 1278 148 43 Augustino
396 1278 114 43 dicit:
475 1278 68 43 Si
509 1278 91 43 ergo
566 1278 137 43 Christus
669 1278 137 43 secundum
771 1278 91 43 vos,
828 1278 57 43 ô
851 1278 159 43 haerotici,
964 1278 46 43 ut

220 1315 83 39 nam
268 1315 119 39 tantum
351 1315 107 39 habet
423 1315 143 39 naturam,
530 1315 95 39 unde
589 1315 119 39 medius
673 1315 107 39 erit?
744 1315 60 39 &
768 1315 95 39 nisi
827 1315 83 39 ita
875 1315 83 39 sit
911 1315 107 39 medius,

215 1347 72 34 ut
251 1347 96 34 Deus
311 1347 84 34 sit
358 1347 131 34 propter
454 1347 179 34 divinitatis
597 1347 143 34 naturam,
705 1347 60 34 &
728 1347 96 34 homo
788 1347 131 34 propter
872 1347 131 34 humanita.

215 1374 91 41 tis
267 1374 156 41 naturam:
384 1374 143 41 quomodo
488 1374 130 41 humana
579 1374 78 41 in
618 1374 78 41 eo
658 1374 234 41 reconciliantur
853 1374 156 41 divinis?
957 1374 65 41 Nam

221 1409 90 45 ipse
277 1409 124 45 veniens
367 1409 101 45 prius
434 1409 67 45 in
468 1409 67 45 se
502 1409 112 45 humana
581 1409 135 45 sociavit
682 1409 124 45 divinis
772 1409 79 45 per
817 1409 146 45 utriusque
918 1409 101 45 naturae

218 1443 211 52 conjunctionem
391 1443 74 52 in
429 1443 87 52 una
466 1443 124 52 persona.

253 1508 204 49 Explicatum
414 1508 102 49 est
472 1508 131 49 quid,
560 1508 73 49 &
589 1508 146 49 qualis
691 1508 102 49 sit
750 1508 175 49 Mediator
866 1508 117 49 noster

417 1546 108 57 apud
485 1546 122 57 Deum:
566 1546 162 57 sequitur
688 1546 108 57 quis
742 1546 81 57 sit.

250 1605 149 41 Mediator
361 1605 248 41 reconciliationis
572 1605 112 41 inter
647 1605 99 41 Deum
709 1605 62 41 &
734 1605 87 41 nos
783 1605 137 41 homines
882 1605 87 41 est
920 1605 99 41 JESUS,

228 1641 173 41 Nazarenus,
364 1641 136 41 Dominus
463 1641 136 41 noster,
561 1641 87 41 Rex
611 1641 136 41 Messias
710 1641 87 41 seu
759 1641 148 41 Christus
871 1641 87 41 ile
908 1641 111 41 Patriar

224 1676 92 43 chis
282 1676 92 43 inde
340 1676 69 43 ab
374 1676 115 43 initio
455 1676 161 43 promissus,
582 1676 69 43 ut
616 1676 150 43 sequentia
732 1676 150 43 argumenta
835 1676 127 43 evincunt.

306 1708 75 35 In
343 1708 87 35 quo
393 1708 112 35 omnia
467 1708 99 35 illa
529 1708 186 35 inveniuntur
678 1708 62 35 &
703 1708 199 35 complementum
865 1708 124 35 exacte
939 1708 75 35 sor¬

219 1710 80 42 I.

225 1740 94 42 tita
284 1740 105 42 sunt,
354 1740 94 42 quae
412 1740 70 42 de
448 1740 94 42 Rege
506 1740 117 42 Messia
588 1740 82 42 seu
635 1740 129 42 Christo
728 1740 105 42 illo,
798 1740 140 42 Patribus
892 1740 117 42 promisse

220 1775 95 39 Deus
279 1775 71 39 in
315 1775 119 39 Veteri
398 1775 166 39 Testamento
528 1775 107 39 dixit
599 1775 59 39 &
623 1775 166 39 praedixit,
753 1775 71 39 is
789 1775 83 39 est
836 1775 142 39 Mediator
931 1775 95 39 recon¬-

218 1807 189 38 ciliationis
370 1807 113 38 inter
445 1807 101 38 Deum
508 1807 63 38 &
533 1807 151 38 homines.
647 1807 101 38 Hanc
710 1807 151 38 majorem,
823 1807 76 38 ne
861 1807 126 38 Judaei
949 1807 101 38 qui¬

207 1841 88 45 dem
257 1841 188 45 negaverint.

243 1872 81 42 At
283 1872 81 42 in
323 1872 108 42 Iesu
390 1872 161 42 Nazareno
511 1872 121 42 omnia
592 1872 108 42 illa
659 1872 202 42 inveniuntur
820 1872 67 42 &
834 1872 188 42 complementum

208 1906 125 42 sortita
299 1906 102 42 sunt,
367 1906 91 42 quae
424 1906 68 42 de
458 1906 91 42 Rege
515 1906 114 42 Messia
594 1906 80 42 seu
640 1906 125 42 Christo
731 1906 102 42 illo,
799 1906 137 42 Patribus
890 1906 114 42 promisse

210 1938 104 45 Deus
275 1938 78 45 in
314 1938 130 45 Veteri
405 1938 182 45 Testamento
548 1938 117 45 dixit
625 1938 65 45 &
651 1938 182 45 praedixit.
794 1938 195 45 Assumtionem
937 1938 78 45 hanc

214 1970 127 47 totum
299 1970 127 47 Novum
384 1970 212 47 Testamentum
539 1970 156 47 confirma.

252 2004 100 46 Ergo
314 2004 112 46 Jesus
389 2004 162 46 Nazarenus
514 2004 137 46 Dominus
614 2004 125 46 noster
701 2004 87 46 est
751 2004 150 46 Mediator
851 2004 150 46 reconcilia

210 2037 128 45 tionis
300 2037 115 45 inter
376 2037 102 45 Deum
440 2037 64 45 &
453 2037 128 45 homines.

242 2070 87 36 II.
291 2070 74 36 De
328 2070 87 36 quo
378 2070 124 36 testes
465 2070 99 36 omni
527 2070 174 36 exceptione
663 2070 136 36 majores
762 2070 74 36 in
799 2070 112 36 coelo
874 2070 62 36 &
898 2070 74 36 in
923 2070 87 36 terra

212 2105 157 40 testantur,
335 2105 90 40 quod
391 2105 79 40 sit
436 2105 112 40 Filius
515 2105 90 40 ille
571 2105 90 40 Dei,
627 2105 67 40 is
661 2105 101 40 certe
728 2105 79 40 est
773 2105 135 40 Mediator
874 2105 101 40 inter
930 2105 79 40 DEUM.

204 2137 73 42 &
234 2137 103 42 nos
278 2137 132 42 homines

243 2169 78 45 De
282 2169 105 45 Jesu
347 2169 157 45 Nazareno
465 2169 131 45 testes
557 2169 105 45 omni
622 2169 183 45 exceptione
766 2169 144 45 majores
870 2169 78 45 in
909 2169 118 45 coelo
988 2169 65 45 &
1001 2169 52 45 in

209 2204 90 40 terra
269 2204 141 40 testantur,
380 2204 80 40 quod
430 2204 70 40 sit
470 2204 101 40 Filius
541 2204 80 40 ille
591 2204 80 40 Dei,
641 2204 60 40 ut
671 2204 111 40 legitur
752 2204 60 40 1.
782 2204 80 40 Joh.
832 2204 60 40 5.
862 2204 60 40 v.
892 2204 60 40 5,
923 2204 60 40 6,
953 2204 60 40 7,
973 2204 30 40 8

203 2238 81 41 Qui
250 2238 81 41 est
296 2238 81 41 qui
342 2238 116 41 vincit
424 2238 127 41 mundum,
516 2238 93 41 nisi
574 2238 81 41 qui
621 2238 116 41 credit
702 2238 104 41 Iesum
771 2238 93 41 esse
829 2238 116 41 Filium
899 2238 104 41 Dei:Hi¬-

201 2275 95 41 ille
261 2275 83 41 est
308 2275 83 41 qui
356 2275 107 41 venit
428 2275 83 41 per
475 2275 107 41 aquam
547 2275 60 41 &
571 2275 167 41 sanguinem,
702 2275 107 41 nempe
773 2275 107 41 Iesus
845 2275 155 41 Christus:
952 2275 60 41 non

205 2306 80 40 per
250 2306 103 40 aquam
319 2306 115 40 solum,
400 2306 80 40 sed
446 2306 80 40 per
491 2306 103 40 aquam
560 2306 57 40 &
583 2306 161 40 sanguinem:
710 2306 57 40 &
733 2306 138 40 Spiritus
836 2306 69 40 is
870 2306 80 40 est
916 2306 80 40 qui
951 2306 57 40 te¬-

207 2340 167 40 stificatur,
340 2340 133 40 Spiritum
440 2340 144 40 veritatem
551 2340 100 40 esse.
618 2340 78 40 Nam
663 2340 89 40 tres
718 2340 89 40 sunt
774 2340 78 40 qui
818 2340 189 40 testificantur
963 2340 44 40 in

204 2373 116 41 coelo,
286 2373 105 41 Pater
355 2373 116 41 Sermo,
437 2373 58 41 &
460 2373 139 41 Spiritus
565 2373 139 41 Sanctus:
669 2373 58 41 &
692 2373 70 41 hi
727 2373 93 41 tres
785 2373 93 41 unum
843 2373 105 41 sunt.
913 2373 70 41 Et
936 2373 70 41 tres

206 2409 85 44 sunt
260 2409 75 44 qui
302 2409 181 44 testificantur
452 2409 64 44 in
484 2409 107 44 terra,
558 2409 139 44 Spiritus,
665 2409 53 44 &
686 2409 96 44 aqua,
750 2409 53 44 &
771 2409 128 44 sanguis:
867 2409 53 44 &
889 2409 64 44 hi
921 2409 85 44 tres
963 2409 43 44 in

200 2439 107 39 unum
253 2439 187 39 consentiunt.

237 2468 105 39 Ergo
302 2468 118 39 Iesus
381 2468 170 39 Nazarenus
511 2468 92 39 est
564 2468 157 39 Mediator
681 2468 118 39 inter
760 2468 105 39 Deum
825 2468 65 39 &
838 2468 131 39 homines.

234 2501 108 40 III.
302 2501 176 40 Quicunque
437 2501 95 40 est
492 2501 122 40 verus
573 2501 108 40 Deus
641 2501 68 40 &
668 2501 122 40 verus
749 2501 108 40 homo
816 2501 81 40 in
857 2501 95 40 una
898 2501 135 40 persona.

195 2533 77 43 is
234 2533 90 43 est
285 2533 154 43 Mediator
400 2533 115 43 inter
477 2533 103 43 Deum
541 2533 64 43 &
567 2533 154 43 homines:
683 2533 115 43 Iesus
759 2533 167 43 Nazarenus
888 2533 90 43 est
926 2533 90 43 verus

196 2573 102 45 Deus
260 2573 64 45 &
286 2573 115 45 verus
363 2573 102 45 homo
427 2573 77 45 in
465 2573 90 45 una
516 2573 154 45 persona:
632 2573 102 45 Ergo
696 2573 90 45 est
747 2573 154 45 Mediator
862 2573 115 45 inter
926 2573 90 45 Deum;

191 2605 71 38 &
205 2605 142 38 homines.

233 2629 98 55 Est
289 2629 126 55 autem
373 2629 168 55 Mediator
498 2629 168 55 secundum
624 2629 168 55 utramque
750 2629 154 55 naturam
861 2629 154 55 divinam
959 2629 42 55 &

193 2666 165 43 humanam:
317 2666 165 43 secundum
440 2666 151 43 divinam
550 2666 137 43 quidem
646 2666 151 43 naturam
756 2666 96 43 non
811 2666 165 43 absolute
921 2666 82 43 con¬-

196 2711 152 39 sideratam
313 2711 58 39 &
336 2711 70 39 ut
371 2711 82 39 est
418 2711 140 39 communis
523 2711 117 39 Patri,
605 2711 105 39 Filio
674 2711 58 39 &
698 2711 140 39 Spiritui
803 2711 128 39 Sancto,
896 2711 82 39 sed
931 2711 70 39 con¬-

204 2741 156 37 sideratam
324 2741 84 37 κατ
372 2741 180 37 δικονομιαν,
516 2741 72 37 id
552 2741 96 37 est,
612 2741 144 37 quatenus
719 2741 144 37 secundum
827 2741 84 37 eam
863 2741 144 37 voluntatia

195 2772 93 37 illa
253 2772 197 37 dispensatione
415 2772 127 37 gratiae
508 2772 69 37 se
543 2772 151 37 submisit,
659 2772 104 37 forma
728 2772 104 37 servi
798 2772 139 37 accepta:
890 2772 116 37 secundum

192 2806 134 52 humanam
289 2806 98 52 vero
351 2806 134 52 naturam
448 2806 159 52 absolute,
570 2806 110 52 omnia
644 2806 98 52 illa
705 2806 171 52 praestando
839 2806 98 52 quae
900 2806 73 52 in
925 2806 85 52 offi¬-

199 2841 81 42 cio
246 2841 161 42 Mediatorio
372 2841 115 42 illius
453 2841 92 42 sunt
499 2841 115 42 propria.

237 2869 102 45 Quod
301 2869 115 45 autem
378 2869 115 45 Jesus
454 2869 153 45 Christus
569 2869 89 45 sit
620 2869 153 45 Mediator
735 2869 128 45 noster
824 2869 102 45 apud
888 2869 102 45 Deum
939 2869 64 45 se¬-

200 2908 135 40 cundum
295 2908 162 40 utramque
417 2908 162 40 naturam,
539 2908 149 40 divinam
647 2908 68 40 &
674 2908 162 40 humanam,
796 2908 203 40 sequentibus
944 2908 68 40 ar¬-

196 2944 148 45 gumentis
307 2944 74 45 ex
344 2944 160 45 Scriptura
467 2944 111 45 Sacra
541 2944 136 45 petitis
627 2944 173 45 confirmamus.

1044 2980 66 48 di
1077 2980 110 48 ipsam.
1154 2980 88 48 Nemo
1209 2980 110 48 tollit
1287 2980 99 48 ipsam
1353 2980 55 48 a
1375 2980 77 48 me,
1419 2980 77 48 ego
1463 2980 88 48 pono
1518 2980 99 48 ipsam
1584 2980 55 48 a
1606 2980 121 48 meipso,
1695 2980 66 48 ut
1728 2980 110 48 rursus
1794 2980 77 48 acci¬-

223 2971 156 48 PRIMUM;
336 2971 170 48 Secundum
464 2971 114 48 quam
535 2971 156 48 naturam
649 2971 170 48 Christus
777 2971 114 48 sese
834 2971 170 48 exinanivi¬-

197 3006 92 51 pro
250 3006 132 51 nobis,
342 3006 158 51 secundum
461 3006 92 51 eam
514 3006 92 51 est
566 3006 158 51 Mediator
685 3006 132 51 noster
778 3006 106 51 apud
844 3006 119 51 Deum:
910 3006 92 51 Atqui

198 3045 149 46 secundum
310 3045 149 46 utramque
422 3045 137 46 naturam
521 3045 100 46 sese
584 3045 174 46 exinanivit
721 3045 87 46 pro
770 3045 125 46 nobis:
858 3045 100 46 Ergo
907 3045 100 46 secun¬-

197 3073 92 51 dum
250 3073 158 51 utramque
368 3073 145 51 naturam
474 3073 92 51 est
526 3073 158 51 Mediator
645 3073 132 51 noster
737 3073 105 51 apud
790 3073 79 51 Deum

235 3114 110 43 Major
308 3114 86 43 est
357 3114 184 43 certissima;
504 3114 98 43 quia
566 3114 86 43 cum
615 3114 123 43 Adamus
701 3114 147 43 peccando
811 3114 184 43 affectasset
946 3114 61 43 ae¬-

199 3150 170 39 qualitatem
332 3150 85 39 cum
381 3150 97 39 Deo,
441 3150 145 39 peccatum
550 3150 109 39 illud
623 3150 61 39 a
647 3150 157 39 Mediatore
768 3150 133 39 expiari
865 3150 121 39 debuit
937 3150 61 39 ex¬-

1043 3219 134 39 animam
1137 3219 121 39 suam,
1217 3219 81 39 ut
1257 3219 121 39 homin
1338 3219 94 39 is;
1391 3219 81 39 ac
1432 3219 148 39 proinde
1539 3219 134 39 ponere
1633 3219 148 39 animani
1740 3219 94 39 est
1781 3219 81 39 opu¬-

195 3188 165 38 inanitione
325 3188 118 38 infima
407 3188 165 38 suiipsius,
536 3188 59 38 &
560 3188 153 38 contrario
678 3188 129 38 remedio
772 3188 165 38 contratium
889 3188 118 38 peccatum

189 3216 130 42 eluere:
284 3216 59 42 &
307 3216 106 42 sicut
378 3216 165 42 Augustinus
508 3216 106 42 dicit
579 3216 106 42 quaro
650 3216 106 42 tomo,
720 3216 71 42 in
756 3216 71 42 ex
791 3216 153 42 positione
898 3216 94 42 episto

1054 203 130 40 superbo
1149 203 130 40 diabolo
1243 203 142 40 superbia
1350 203 177 40 persuadente
1492 203 142 40 dejectus
1598 203 95 40 est,
1657 203 154 40 mediatore
1764 203 106 40 humili¬-

1044 231 129 44 Christo
1138 231 164 44 humilitate
1266 231 175 44 persuadente
1407 231 152 44 erigatur.
1523 231 82 44 Nam
1570 231 70 44 si
1605 231 117 44 Filius
1687 231 82 44 Dei
1734 231 70 44 in
1757 231 117 44 naturali

1046 269 167 37 aequalitate
1180 269 111 37 Patris
1258 269 111 37 manere
1335 269 123 37 vellet,
1425 269 78 37 nec
1469 269 67 37 se
1503 269 167 37 exinaniret,
1636 269 111 37 formam
1714 269 100 37 servi
1770 269 89 37 accipi

1041 307 96 40 ens,
1101 307 84 40 non
1149 307 108 40 esset
1221 307 144 40 Mediator
1329 307 84 40 Dei
1377 307 60 40 &
1401 307 144 40 hominum.
1510 307 132 40 Proinde
1606 307 144 40 Christus
1714 307 96 40 inde
1774 307 60 40 a
1786 307 72 40 pri¬-

1040 335 78 42 mo
1079 335 143 42 momento
1183 335 221 42 exinanitionis
1365 335 104 42 suae
1430 335 130 42 coepit
1522 335 91 42 pro
1574 335 117 42 nobis
1652 335 182 42 sponsionem
1782 335 91 42 suam,

1049 370 74 35 in
1086 370 147 35 Paradiso
1196 370 123 35 factam
1282 370 172 35 praestare:
1416 370 61 35 &
1441 370 135 35 pretium
1539 370 184 35 redemtionis
1686 370 86 35 pro
1735 370 110 35 nobis
1796 370 74 35 per¬-

1044 405 147 36 solvere,
1154 405 184 36 quemadmodum
1301 405 122 36 Paulus
1387 405 147 36 testatur
1497 405 110 36 Hebr.
1570 405 86 36 10.
1619 405 110 36 vers.
1693 405 73 36 5,
1729 405 73 36 6,
1766 405 73 36 7.
1791 405 73 36 Qua¬-

1056 444 133 34 propter
1153 444 170 34 ingrediens
1286 444 133 34 mundum,
1383 444 109 34 dicit
1456 444 145 34 Christus
1565 444 182 34 Sacrificium
1710 444 61 34 &
1723 444 145 34 oblationem

1044 456 158 51 noluisti,
1165 456 121 51 corpus
1250 456 109 51 autem
1323 456 158 51 adaptasti
1444 456 109 51 mihi:
1517 456 206 51 Holocautomata
1686 456 61 51 &
1710 456 133 51 hostiam
1795 456 73 51 pro¬-

1048 508 125 38 peccato
1139 508 80 38 non
1184 508 171 38 approbasti.
1321 508 91 38 Tunc
1378 508 103 38 dixi,
1446 508 91 38 Ecce
1503 508 103 38 adsum
1572 508 80 38 (in
1617 508 114 38 capite
1697 508 103 38 libri
1754 508 114 38 scriptum

1041 535 88 39 est
1092 535 76 39 de
1130 535 88 39 me)
1180 535 76 39 ut
1218 535 126 39 faciam
1306 535 101 39 Deus
1369 535 177 39 uoluntatem
1508 535 114 39 tuam.
1584 535 164 39 Praedixit
1710 535 101 39 Idem
1760 535 114 39 Prophe¬-

1051 569 65 37 ta
1084 569 119 37 Jesaias
1171 569 87 37 cap.
1225 569 65 37 9.
1257 569 98 37 vers.
1322 569 65 37 6.
1355 569 76 37 his
1398 569 119 37 verbis:
1485 569 87 37 Puer
1539 569 98 37 natus
1605 569 76 37 est
1648 569 109 37 nobis,
1724 569 109 37 Filius
1789 569 76 37 datu¬-

1047 602 82 36 est
1094 602 117 36 nobis.
1176 602 152 36 Confirmat
1293 602 128 36 Angelus
1386 602 117 36 dicens
1468 602 164 36 Pastoribus
1596 602 93 36 Luc.
1655 602 70 36 2.
1690 602 82 36 10,
1737 602 82 36 11.
1783 602 70 36 Ne
1807 602 58 36 me¬-

1050 636 119 37 tuite:
1134 636 96 37 ecce
1193 636 96 37 enim
1253 636 167 37 evangelixo
1384 636 107 37 vobis
1456 636 131 37 gaudium
1552 636 131 37 magnum,
1647 636 96 37 quod
1707 636 96 37 erit
1767 636 96 37 toti
1814 636 60 37 po¬-

1057 668 108 46 pulo:
1129 668 96 46 Quia
1189 668 108 46 natus
1261 668 84 46 est
1309 668 108 46 vobis
1381 668 108 46 hodie
1453 668 156 46 Servator,
1574 668 84 46 qui
1622 668 84 46 est
1670 668 144 46 Christus
1766 668 108 46 Dominus

1051 703 68 36 in
1085 703 91 36 urbe
1130 703 113 36 Davidis.

1081 730 178 44 Assumtionem
1223 730 118 44 planam
1306 730 107 44 facit
1377 730 178 44 testimonium
1519 730 107 44 Pauli
1591 730 130 44 Philip.
1685 730 71 44 2.
1721 730 107 44 vers.
1792 730 71 44 5.
1816 730 47 44 6.

1058 773 63 37 7.
1090 773 105 37 Itaque
1164 773 63 37 is
1195 773 74 37 sit
1237 773 126 37 affectus
1332 773 63 37 in
1363 773 105 37 vobis,
1437 773 74 37 qui
1479 773 84 37 fuit
1532 773 63 37 in
1563 773 116 37 Christo
1647 773 95 37 Iesu:
1710 773 74 37 Qui
1752 773 84 37 quum
1794 773 74 37 esset

1054 803 69 42 in
1088 803 104 42 forma
1157 803 92 42 Dei,
1215 803 81 42 non
1261 803 104 42 duxit
1330 803 138 42 rapinam,
1433 803 104 42 parem
1502 803 92 42 esse
1560 803 81 42 cum
1606 803 92 42 Deo:
1663 803 81 42 Sed
1709 803 92 42 ipse
1767 803 92 42 sese
1813 803 58 42 in¬-

1046 846 127 30 anivit,
1139 846 104 30 forma
1208 846 104 30 servi
1277 846 139 30 accepta,
1381 846 127 30 similis
1474 846 150 30 hominibus
1589 846 127 30 factus:
1682 846 69 30 Et
1716 846 115 30 habitu
1786 846 92 30 inven¬-

1058 875 80 39 tus
1103 875 68 39 ut
1137 875 103 39 homo,
1206 875 91 39 ipse
1263 875 68 39 se
1297 875 148 39 submisit,
1411 875 114 39 factus
1491 875 137 39 obediens
1594 875 103 39 usque
1663 875 68 39 ad
1697 875 126 39 mortem,
1777 875 91 39 mortem

1056 906 112 38 autem
1130 906 137 38 crucis.
1230 906 87 38 His
1279 906 124 38 verbis
1366 906 162 38 Apostolus
1491 906 162 38 testatur,
1615 906 99 38 quod
1677 906 149 38 Christus
1777 906 99 38 secun¬-

1055 940 94 38 dum
1108 940 162 38 utramque
1230 940 148 38 naturam
1338 940 81 38 se
1378 940 229 38 exinaniverit,
1567 940 162 38 secundum
1688 940 162 38 divinam,
1796 940 81 38 quia

1062 974 93 43 quum
1121 974 70 43 in
1156 974 105 43 forma
1226 974 82 43 Dei
1273 974 105 43 esset
1343 974 58 43 &
1366 974 140 43 aequalis
1471 974 93 43 Deo,
1529 974 117 43 formam
1611 974 105 43 servi
1681 974 140 43 accepit,
1786 974 70 43 id
1810 974 58 43 est

1057 1006 146 47 naturam
1163 1006 146 47 humanam
1269 1006 199 47 servilemque
1429 1006 173 47 assumsit:
1561 1006 159 47 secundum
1681 1006 159 47 humanam,
1787 1006 80 47 quia

1052 1039 75 38 in
1090 1039 75 38 ea
1128 1039 75 38 se
1165 1039 163 38 submisit,
1291 1039 125 38 factus
1379 1039 151 38 obediens
1492 1039 113 38 usque
1567 1039 75 38 ad
1605 1039 138 38 mortem,
1705 1039 125 38 mortem
1780 1039 88 38 autem

1049 1077 144 43 crucis.
1154 1077 105 43 Unde
1219 1077 157 43 sequitur
1337 1077 183 43 Mediatorem
1481 1077 157 43 secundum
1599 1077 157 43 utramque
1717 1077 144 43 naturam
1809 1077 65 43 es¬-

1056 1107 85 35 se:
1104 1107 61 35 &
1129 1107 73 35 ut
1165 1107 121 35 verbis
1250 1107 97 35 utar
1310 1107 157 35 Augustini
1431 1107 73 35 ex
1468 1107 97 35 modo
1528 1107 145 35 allegata
1637 1107 182 35 expositione
1782 1107 73 35 ad
1806 1107 61 35 Ga¬-

1059 1143 115 34 latas,
1139 1143 80 34 Sic
1185 1143 115 34 itaque
1265 1143 115 34 unicus
1345 1143 115 34 Filius
1425 1143 80 34 Dei
1471 1143 138 34 Mediator
1574 1143 80 34 Dei
1620 1143 57 34 &
1643 1143 126 34 hominum
1735 1143 115 34 factus
1804 1143 57 34 est

1048 1173 93 37 cum
1101 1173 133 37 Verbum
1194 1173 93 37 Dei
1247 1173 106 37 Deus
1314 1173 106 37 apud
1380 1173 120 37 Deum,
1460 1173 67 37 &
1487 1173 186 37 majestatem
1633 1173 106 37 suam
1700 1173 120 37 usque
1780 1173 80 37 ad
1806 1173 67 37 hu¬-

1063 1213 97 34 mana
1124 1213 158 34 deposuit,
1245 1213 61 34 &
1270 1213 183 34 humilitatem
1416 1213 134 34 humanam
1513 1213 110 34 usque
1586 1213 73 34 ad
1623 1213 122 34 divina
1708 1213 158 34 subvexit,
1829 1213 73 34 ut

1060 1241 148 35 Mediator
1171 1241 111 35 esset
1245 1241 111 35 inter
1319 1241 99 35 Deum
1381 1241 62 35 &
1406 1241 148 35 homines,
1517 1241 99 35 homo
1579 1241 87 35 per
1629 1241 99 35 Deum
1690 1241 111 35 ultra
1752 1241 124 35 homines.

1089 1275 190 37 SECUNDUM:
1235 1275 175 37 Secundum
1366 1275 117 37 quam
1439 1275 160 37 naturam
1556 1275 175 37 Christus
1687 1275 146 37 Patris
1775 1275 87 37 coe¬-

1065 1301 122 47 testis
1150 1301 171 47 voluntatem
1285 1301 110 47 nobis
1359 1301 171 47 patefecit,
1493 1301 147 47 secundum
1604 1301 86 47 eam
1653 1301 86 47 est
1702 1301 122 47 noster
1775 1301 98 47 Media¬-

1058 1343 88 43 tor
1109 1343 101 43 apud
1172 1343 114 43 Deum:
1248 1343 76 43 At
1286 1343 152 43 secundum
1400 1343 152 43 utramque
1513 1343 139 43 naturam
1614 1343 76 43 id
1652 1343 126 43 fecit:
1741 1343 114 43 Ergo,
1804 1343 63 43 &c.

1087 1377 111 34 Major
1161 1377 173 34 propositio
1297 1377 86 34 est
1346 1377 173 34 verissima:
1482 1377 86 34 Nam
1531 1377 173 34 Mediatoris
1667 1377 123 34 nostri
1754 1377 99 34 apud
1803 1377 74 34 Deum

1056 1412 147 35 officium
1166 1412 98 35 est,
1227 1412 135 35 referre
1325 1412 73 35 ad
1361 1412 86 35 nos
1410 1412 171 35 voluntatem
1545 1412 135 35 Patris,
1643 1412 196 35 internuncium
1802 1412 61 35 &
1814 1412 61 35 in¬-

1059 1443 153 40 terpretem
1177 1443 71 40 ep
1212 1443 118 40 agere.
1295 1443 82 40 Sic
1342 1443 94 40 enim
1400 1443 59 40 &
1424 1443 106 40 Moses
1495 1443 129 40 dicitur
1589 1443 141 40 μεσιτος,
1695 1443 71 40 id
1730 1443 94 40 est,
1777 1443 94 40 Media¬-

1063 1476 81 34 tor
1109 1476 92 34 Gal.
1166 1476 69 34 3.
1201 1476 81 34 19,
1247 1476 81 34 20.
1293 1476 92 34 quia
1350 1476 184 34 internuncius
1500 1476 92 34 fuit
1557 1476 81 34 Dei
1603 1476 81 34 quo
1649 1476 69 34 is
1684 1476 92 34 usus
1741 1476 81 34 est
1787 1476 69 34 ad
1810 1476 69 34 per¬-

1065 1510 160 37 ferendam
1185 1510 120 37 Legem
1265 1510 67 37 &
1291 1510 120 37 jussa
1371 1510 93 37 sua
1425 1510 80 37 ad
1465 1510 160 37 populum.
1585 1510 120 37 Docet
1665 1510 93 37 hoc
1718 1510 120 37 Moses
1798 1510 107 37 ipse

1059 1544 184 36 Deuteronom.
1206 1544 74 36 5.
1243 1544 110 36 vers.
1316 1544 74 36 4,
1353 1544 74 36 5.
1390 1544 110 36 Facie
1463 1544 74 36 ad
1500 1544 123 36 faciem
1586 1544 147 36 loquutus
1696 1544 86 36 est
1745 1544 123 36 Iehova
1819 1544 61 36 vo¬-

1059 1576 116 42 biscum
1141 1576 70 42 in
1175 1576 104 42 monte
1245 1576 93 42 illo
1303 1576 58 42 e
1326 1576 104 42 medio
1395 1576 116 42 ignis.
1477 1576 70 42 Me
1511 1576 116 42 stante
1592 1576 104 42 inter
1662 1576 127 42 Iehovam
1755 1576 58 42 &
1778 1576 81 42 vos
1812 1576 70 42 tem¬-

1070 1610 93 40 pore
1129 1610 105 40 illo,
1198 1610 70 40 ad
1233 1610 163 40 referendum
1362 1610 105 40 vobis
1431 1610 140 40 sermonem
1536 1610 140 40 Iehovae:
1641 1610 151 40 timebatis
1758 1610 93 40 enim
1804 1610 70 40 pro¬-

1076 1641 79 44 ter
1121 1641 102 44 ignem
1189 1641 113 44 illum,
1257 1641 57 44 &c.

1094 1677 90 41 Hoc
1146 1677 142 41 ipsemet
1249 1677 116 41 etiam
1326 1677 193 41 Bellarminus
1480 1677 116 41 docet
1557 1677 116 41 primo
1635 1677 116 41 tomo,
1699 1677 180 41 Controversia

1072 1709 127 53 secunda
1165 1709 150 53 generali,
1280 1709 92 53 quae
1337 1709 81 53 est
1383 1709 69 53 de
1418 1709 127 53 Christo
1510 1709 115 53 Capite
1590 1709 115 53 totius
1671 1709 161 53 Ecclesiae,
1786 1709 92 53 quinto

1067 1745 106 37 libro,
1142 1745 106 37 capite
1216 1745 106 37 primo,
1290 1745 127 37 sectione
1375 1745 85 37 sexta¬-

1092 1773 110 43 Minor
1165 1773 110 43 etiam
1239 1773 172 43 propositio
1374 1773 172 43 certissima
1508 1773 98 43 est.
1570 1773 86 43 Nam
1619 1773 123 43 primum
1704 1773 147 43 Christus
1802 1773 74 43 sta¬-

1062 1805 88 46 tim
1113 1805 75 46 in
1150 1805 163 46 Paradiso,
1276 1805 63 46 &
1301 1805 150 46 deinceps
1414 1805 100 46 toto
1476 1805 138 46 Veteris
1577 1805 176 46 Testamenti
1715 1805 138 46 tempore
1802 1805 63 46 lo¬-

1062 1846 119 41 quutus
1145 1846 83 41 est
1193 1846 83 41 cum
1240 1846 178 41 Patriarchis
1382 1846 59 41 &
1406 1846 166 41 Prophetis,
1536 1846 142 41 illisque
1643 1846 166 41 voluntatem
1773 1846 83 41 Dei
1809 1846 59 41 re¬-

1052 1877 155 39 velavit,
1168 1877 103 39 quod
1233 1877 155 39 secundum
1349 1877 142 39 divinam
1452 1877 142 39 naturam
1555 1877 90 39 eum
1607 1877 142 39 fecisse
1710 1877 142 39 necesse
1800 1877 65 39 est

1050 1912 221 40 quandoquidem
1230 1912 152 40 humanam
1340 1912 138 40 postea
1437 1912 124 40 demum
1520 1912 180 40 assumsit.
1658 1912 138 40 Deinde
1741 1912 138 40 testimo¬-

1062 1944 85 38 nia
1110 1944 97 38 Novi
1171 1944 170 38 Testamenti
1304 1944 109 38 multa
1377 1944 85 38 eam
1426 1944 194 38 corroborant,
1583 1944 121 38 veluti
1668 1944 121 38 Matth.
1753 1944 85 38 11.
1789 1944 85 38 vers.

1053 1979 81 39 27.
1100 1979 116 39 Patrem
1181 1979 81 39 non
1227 1979 104 39 novit
1296 1979 139 39 quisquam
1401 1979 93 39 nisi
1458 1979 127 39 Filius,
1551 1979 58 39 &
1574 1979 150 39 cuicunque
1690 1979 139 39 voluerit
1782 1979 93 39 Filius

1058 2017 77 38 eum
1102 2017 143 38 revelare.
1212 2017 110 38 Johan.
1290 2017 66 38 1.
1323 2017 99 38 vers.
1389 2017 77 38 16,
1433 2017 77 38 17,
1477 2017 77 38 18.
1521 2017 66 38 Ex
1554 2017 165 38 plenitudine
1687 2017 110 38 ipsius
1764 2017 99 38 omnes
1819 2017 55 38 ac¬-

1046 2044 151 38 cepimus,
1160 2044 63 38 &
1185 2044 138 38 gratiam
1285 2044 88 38 pro
1336 2044 138 38 gratia:
1436 2044 88 38 Nam
1486 2044 88 38 Lex
1537 2044 88 38 per
1587 2044 113 38 Mosen
1662 2044 101 38 data
1725 2044 101 38 est:
1775 2044 101 38 gratia

1050 2078 62 37 &
1074 2078 135 37 veritas
1173 2078 86 37 per
1222 2078 111 37 Iesum
1296 2078 148 37 Christum
1406 2078 160 37 praestita
1530 2078 86 37 est
1579 2078 98 37 Deum
1640 2078 98 37 nemo
1702 2078 111 37 vidit
1763 2078 111 37 unquam:

1047 2113 152 34 unigenitus
1167 2113 87 34 ille
1221 2113 109 34 Filius
1297 2113 76 34 qui
1341 2113 76 34 est
1384 2113 65 34 in
1417 2113 87 34 sinu
1471 2113 120 34 Patris,
1558 2113 87 34 ille
1612 2113 98 34 nobis
1677 2113 152 34 enarravit.
1786 2113 87 34 Johan.

1053 2144 66 37 3.
1086 2144 66 37 v.
1119 2144 77 37 12,
1162 2144 77 37 13.
1206 2144 66 37 Si
1239 2144 120 37 terrena
1326 2144 87 37 dixi
1381 2144 98 37 vobis
1447 2144 55 37 &
1468 2144 77 37 non
1512 2144 142 37 creditis:
1622 2144 120 37 quomodo
1709 2144 66 37 si
1742 2144 109 37 dixero
1807 2144 55 37 vo¬-

1057 2179 74 42 bis
1100 2179 148 42 coelestia,
1216 2179 138 42 credetis?
1322 2179 106 42 Nullus
1396 2179 85 42 enim
1449 2179 138 42 adscendit
1555 2179 63 42 in
1586 2179 116 42 coelum,
1671 2179 85 42 nisi
1724 2179 74 42 qui
1756 2179 116 42 descendit

1047 2211 57 35 e
1069 2211 113 35 coelo,
1149 2211 113 35 Filius
1228 2211 125 35 hominis
1319 2211 79 35 qui
1364 2211 79 35 est
1409 2211 68 35 in
1443 2211 113 35 coelo.
1523 2211 113 35 Sensus
1602 2211 91 35 est:
1659 2211 91 35 Nemo
1715 2211 136 35 mysteria
1806 2211 68 35 coe¬-

1051 2245 114 42 lestia
1130 2245 102 42 videt
1199 2245 57 42 &
1221 2245 125 42 penitus
1312 2245 159 42 cognoscit,
1438 2245 102 42 eaque
1506 2245 125 42 testari
1597 2245 57 42 &
1620 2245 137 42 revelare
1722 2245 125 42 potest,
1802 2245 68 42 nisi

1057 2277 113 46 Filius
1136 2277 90 46 Dei.
1192 2277 101 46 Hebr.
1260 2277 68 46 1.
1293 2277 101 46 vers.
1361 2277 68 46 1.
1395 2277 113 46 Multis
1474 2277 135 46 vicibus,
1575 2277 146 46 multisque
1688 2277 101 46 modis
1755 2277 90 46 olim
1800 2277 68 46 Deus

1052 2312 132 35 loquutus
1151 2312 132 35 Patribus
1250 2312 66 35 in
1283 2312 154 35 Prophetis,
1404 2312 121 35 ultimis
1492 2312 110 35 diebus
1569 2312 99 35 hisce
1635 2312 121 35 locutus
1723 2312 77 35 est
1767 2312 99 35 nobis
1822 2312 44 35 in

1056 2346 126 40 Filio.
1145 2346 101 40 Haec
1208 2346 88 40 qui
1258 2346 152 40 secundum
1372 2346 114 40 solam
1448 2346 139 40 humanam
1549 2346 139 40 naturam
1650 2346 202 40 intelligunt,
1801 2346 76 40 Dei¬-

1045 2380 94 41 tati
1104 2380 129 41 Christi
1198 2380 165 41 detrahunt,
1327 2380 94 41 quod
1386 2380 94 41 illa
1445 2380 82 41 nos
1480 2380 94 41 doceat

1074 2414 174 33 TERTIUM:
1205 2414 174 33 Secundum
1336 2414 116 33 quam
1408 2414 160 33 naturam
1525 2414 174 33 Christus
1655 2414 145 33 posuit
1757 2414 102 33 pro
1800 2414 73 33 no¬-

1042 2444 97 46 bis
1098 2444 153 46 animam,
1209 2444 166 46 secundum
1333 2444 97 46 eam
1389 2444 97 46 est
1444 2444 125 46 nobis
1527 2444 180 46 Mediator:
1666 2444 83 46 At
1708 2444 166 46 secundum
1819 2444 55 46 u¬-

1052 2481 140 40 tramque
1154 2481 140 40 naturam
1256 2481 153 40 Christus
1371 2481 128 40 posuit
1461 2481 89 40 pro
1512 2481 115 40 nobis
1588 2481 140 40 animam:
1677 2481 77 40 Ergo

1083 2515 117 40 Major
1161 2515 91 40 est
1213 2515 156 40 evidens:
1329 2515 104 40 quia
1394 2515 130 40 ponere
1485 2515 91 40 pro
1537 2515 117 40 nobis
1615 2515 130 40 animam
1705 2515 91 40 est
1744 2515 130 40 officium

1057 2546 163 40 Mediatoris
1186 2546 128 40 nostri,
1279 2546 70 40 ut
1314 2546 140 40 epistola
1419 2546 70 40 ad
1454 2546 140 40 Hebraeos
1547 2546 93 40 docet¬-

1089 2578 144 40 Minorem
1193 2578 117 40 primo
1272 2578 91 40 sic
1324 2578 196 40 explicamus:
1481 2578 157 40 Secundum
1598 2578 144 40 divinam
1702 2578 144 40 naturam
1794 2578 65 40 po¬-

1046 2612 107 47 suit
1112 2612 160 47 Christus
1232 2612 133 47 animam
1326 2612 147 47 active;
1432 2612 160 47 secundum
1552 2612 147 47 humanam
1659 2612 160 47 passive.
1765 2612 107 47 Eandem

1055 2645 138 38 stabilit
1158 2645 138 38 Christus
1262 2645 104 38 Johan
1331 2645 81 38 10.
1377 2645 104 38 vers.
1446 2645 81 38 17,
1492 2645 81 38 18.
1538 2645 92 38 quum
1595 2645 92 38 ait:
1653 2645 150 38 Propterca
1768 2645 104 38 Pater
1825 2645 46 38 me

1056 2682 147 33 diligit,
1166 2682 98 33 quia
1227 2682 86 33 ego
1276 2682 123 33 depono
1362 2682 123 33 animam
1448 2682 110 33 meam,
1522 2682 74 33 ut
1558 2682 86 33 eam
1608 2682 123 33 rursus
1693 2682 147 33 assumam.
1791 2682 74 33 Nemi

1056 2713 116 37 tollit
1138 2713 81 37 eam
1184 2713 58 37 a
1207 2713 81 37 me,
1254 2713 81 37 sed
1300 2713 81 37 ego
1346 2713 116 37 depono
1427 2713 81 37 eam
1474 2713 81 37 per
1520 2713 139 37 meipsum:
1625 2713 162 37 potestatem
1752 2713 104 37 habeo
1810 2713 58 37 de¬-

1059 2752 128 32 bonendi
1153 2752 93 32 eam,
1211 2752 58 32 &
1234 2752 163 32 potestatem
1363 2752 105 32 habeo
1433 2752 117 32 rursus
1515 2752 82 32 eam
1561 2752 163 32 assumendi.
1690 2752 82 32 Hoc
1725 2752 140 32 praeceptum

1056 2783 117 33 accepi
1138 2783 58 33 a
1161 2783 105 33 Patre
1231 2783 93 33 meo.
1290 2783 70 33 Et
1325 2783 128 33 Paulus,
1418 2783 82 33 cum
1465 2783 82 33 ait
1512 2783 105 33 Hebr.
1582 2783 70 33 9.
1617 2783 105 33 vers.
1687 2783 82 33 14.
1734 2783 93 33 quod
1780 2783 82 33 Chri¬-

1058 2814 92 37 stus
1115 2814 80 37 per
1161 2814 138 37 Spiritum
1264 2814 138 37 aeternum
1368 2814 126 37 seipsum
1460 2814 126 37 obtulit
1552 2814 161 37 inculpatum
1678 2814 92 37 Deo.
1724 2814 138 37 Subscribis

1059 2849 208 37 Theodoretus,
1228 2849 91 37 qui
1280 2849 78 37 in
1319 2849 143 37 Epitome
1423 2849 182 37 decretorum
1565 2849 182 37 divinorum,
1708 2849 130 37 capite
1799 2849 104 37 Quod

1056 2881 144 39 Christus
1164 2881 168 39 susceperit
1297 2881 108 39 etiam
1369 2881 120 39 animam
1453 2881 84 39 cum
1501 2881 144 39 corpore,
1609 2881 96 39 ait:
1670 2881 96 39 Iis,
1730 2881 84 39 qui
1766 2881 96 39 conji¬-

1053 2917 127 30 ciebant
1146 2917 150 30 passionem
1261 2917 92 30 esse
1318 2917 207 30 involuntariam,
1491 2917 127 30 dicebat
1583 2917 92 30 ante
1641 2917 161 30 passionem,
1756 2917 115 30 Potesta¬-

1045 2951 86 31 tem
1094 2951 111 31 habeo
1168 2951 135 31 ponendi
1266 2951 123 31 animam
1352 2951 111 31 meam,
1426 2951 61 31 &
1450 2951 172 31 potestatem
1585 2951 111 31 habeo
1659 2951 123 31 rursus
1733 2951 135 31 accipien¬

1051 3017 91 41 piam
1108 3017 114 41 ipsam.
1188 3017 80 41 Per
1234 3017 91 41 haec
1291 3017 103 41 autem
1359 3017 114 41 aperte
1439 3017 172 41 declavavit,
1577 3017 91 41 quod
1634 3017 91 41 alia
1691 3017 114 41 quidem
1771 3017 80 41 est
1805 3017 69 41 quae

1050 3055 133 36 ponitur
1147 3055 61 36 &
1171 3055 133 36 sumitur
1268 3055 121 36 anima,
1353 3055 97 36 alia
1413 3055 121 36 autem,
1498 3055 97 36 quae
1558 3055 109 36 ponit
1631 3055 61 36 &
1655 3055 121 36 sumit,
1728 3055 133 36 diuinitas

1045 3088 107 39 Aliam
1116 3088 107 39 autem
1187 3088 107 39 dixi,
1258 3088 83 39 non
1306 3088 71 39 in
1341 3088 95 39 duas
1400 3088 142 39 personas
1507 3088 154 39 dividens,
1625 3088 83 39 sed
1673 3088 154 39 naturarum
1779 3088 95 39 osten¬-

1046 3118 90 44 dens
1102 3118 190 44 differentiam.
1259 3118 78 44 Sic
1303 3118 101 44 etiam
1371 3118 101 44 alibi
1438 3118 112 44 dixit:
1516 3118 146 44 Propterea
1628 3118 101 44 Pater
1696 3118 67 44 me
1729 3118 134 44 diligit,
1819 3118 67 44 quia

1046 3157 89 37 ego
1097 3157 102 37 pono
1161 3157 128 37 animam
1251 3157 102 37 meam
1315 3157 89 37 pro
1353 3157 115 37 ovibus.

1070 3181 176 44 Subscribit
1209 3181 214 44 Chrysostomus,
1385 3181 88 44 qui
1436 3181 113 44 docet
1512 3181 101 44 quod
1575 3181 151 44 Christus
1688 3181 76 44 nt
1726 3181 101 44 Deus
1789 3181 113 44 ponat
