2063 3432
222 157 81 60 ibi
269 157 93 60 ait:
327 157 81 60 Non
373 157 104 60 esset
443 157 81 60 Dei
489 157 162 60 hominumque
616 157 151 60 Mediator,
732 157 93 60 nisi
790 157 93 60 idem
848 157 104 60 Deus,
918 157 127 60 idemque
999 157 46 60 A¬-

224 212 93 43 homo
282 212 69 43 in
317 212 127 43 utroque
410 212 58 43 &
433 212 93 43 unus
490 212 104 43 esset
560 212 58 43 &
571 212 93 43 verus.

254 231 121 58 Instant
342 231 143 58 Pagistae:
452 231 154 58 Augusticum
573 231 132 58 notasse,
671 231 99 58 nomen
737 231 121 58 hominis
825 231 77 58 hic
869 231 88 58 poni
913 231 88 58 restra

216 265 113 50 ctionis
298 265 113 50 gratia,
380 265 93 50 libro
442 265 93 50 sicur
504 265 72 50 do,
545 265 62 50 de
576 265 113 50 peccato
658 265 144 50 originali,
771 265 103 50 capite
843 265 185 50 vigesimooctavo
987 265 31 50 &

219 310 123 45 Sermons
308 310 78 45 11.
353 310 67 45 de
387 310 112 45 verbis
454 310 112 45 Apostola

255 344 112 53 RESP.
329 344 175 53 Augustinus
467 344 87 53 non
517 344 150 53 stabilit
629 344 175 53 sententiam
766 344 187 53 Papistarum,
916 344 75 53 ut
941 344 87 53 loca¬-

227 375 98 55 ipsa
288 375 110 55 recte
361 375 184 55 considerata
508 375 171 55 ostendunt.
643 375 135 55 Septimo
741 375 110 55 tomo,
814 375 110 55 libro
887 375 135 55 secundo
973 375 49 55 de

221 412 127 54 peccato
313 412 161 54 originali,
439 412 115 54 capite
520 412 207 54 vigesimooctato
692 412 81 54 sic
738 412 150 54 loquitur:
853 412 81 54 Non
899 412 104 54 autem
957 412 58 54 pe¬-

227 443 78 47 hoc
271 443 134 47 Mediater
372 443 89 47 est,
427 443 89 47 quod
483 443 134 47 aequalis
583 443 78 47 est
628 443 111 47 Patri:
706 443 78 47 per
751 443 78 47 hoc
795 443 89 47 enim
851 443 123 47 quantum
929 443 89 47 Pater.

229 479 113 45 tantum
308 479 56 45 &
330 479 90 45 ipse
386 479 113 45 distat
465 479 56 45 a
488 479 113 45 nobis.
566 479 68 45 Et
600 479 124 45 quomodo
690 479 90 45 erit
747 479 146 45 medietas,
859 479 79 45 ubi
904 479 101 45 eadem
960 479 68 45 ipsa

228 518 154 34 distantia
346 518 95 34 est?
406 518 95 34 Ideo
465 518 154 34 Apostolus
583 518 83 34 non
631 518 95 34 ait,
690 518 95 34 unus
749 518 142 34 Mediator
855 518 83 34 Dei
903 518 59 34 &
915 518 107 34 hominum

236 549 139 37 Christus,
343 549 75 37 sed
386 549 86 37 homo
440 549 129 37 Christus
536 549 107 37 Iesus.
611 549 75 37 Per
654 549 75 37 hoc
697 549 86 37 ergo
750 549 139 37 Mediator,
857 549 75 37 per
900 549 86 37 quod
943 549 75 37 homo,

231 573 125 53 inferior
325 573 105 53 Patre,
398 573 73 53 per
440 573 84 53 quod
492 573 94 53 nobis
555 573 167 53 propinquior:
690 573 125 53 superior
785 573 105 53 nobis,
858 573 73 53 per
900 573 84 53 quod
941 573 84 53 Patri¬-

227 609 181 50 propinquier.
374 609 91 50 Quod
430 609 136 50 apert:us
532 609 79 50 ita
578 609 136 50 dicitur,
679 609 136 50 Inferior
781 609 113 50 Patre,
861 609 91 50 quia
917 609 68 50 in
940 609 79 50 forme

217 640 109 56 servi:
294 640 131 56 superior
392 640 109 56 nobis,
468 640 87 56 quia
523 640 87 56 sine
577 640 87 56 labe
632 640 131 56 peccati.
730 640 87 56 Haec
785 640 98 56 omnia
850 640 55 56 &
872 640 76 56 nos
905 640 120 56 religiose

223 672 143 48 credimus
330 672 107 48 atque
402 672 179 48 confitemur.
545 672 83 48 Non
593 672 83 48 per
640 672 83 48 hoc
688 672 143 48 Christus
795 672 143 48 Mediator
903 672 95 48 est,
950 672 72 48 quos

229 712 128 40 aequalis
325 712 75 40 est
368 712 107 40 Patri,
443 712 64 40 id
475 712 85 40 est,
528 712 128 40 quatenus
624 712 75 40 est
667 712 128 40 aequalis
763 712 107 40 Patri:
838 712 75 40 nam
880 712 128 40 Christus
966 712 53 40 non

235 749 93 37 est
288 749 159 37 Mediator
407 749 159 37 secundum
527 749 146 37 naturam
633 749 146 37 divinam
739 749 159 37 absolute
845 749 186 37 consideratam

238 783 139 44 quatenus
343 783 70 44 ea
378 783 139 44 communis
482 783 81 44 est
529 783 104 44 Patri
598 783 58 44 &
621 783 116 44 Filio,
703 783 93 44 unde
761 783 58 44 &
784 783 162 44 aequalitas
900 783 116 44 persona.

233 813 88 42 tum
284 813 126 42 Patris
372 813 63 42 &
397 813 126 42 Filii:
486 813 88 42 nec
536 813 151 42 secundum
650 813 151 42 personam
763 813 151 42 divinam,
877 813 151 42 quatenus
978 813 50 42 ea

226 840 80 46 est
271 840 138 46 aequalis
375 840 115 46 Patri:
455 840 80 46 sed
501 840 138 46 secundum
604 840 126 46 naturam
696 840 115 46 divina
776 840 172 46 considerata
913 840 69 46 in
936 840 92 46 Filic.

235 878 81 38 κατ
282 878 174 38 εικονημιαι,
421 878 69 38 id
455 878 93 38 est,
513 878 139 38 secundum
617 878 208 38 dispensationem
791 878 104 38 illam
860 878 174 38 voluntatiam
987 878 35 38 &

235 909 159 49 gratiosam,
360 909 80 49 qua
405 909 80 49 qui
451 909 114 49 natura
530 909 91 49 erat
587 909 91 49 idem
644 909 80 49 cum
689 909 102 49 Patre
758 909 57 49 &
780 909 125 49 persona
871 909 136 49 aequalis
962 909 57 49 Pa¬-

231 949 95 34 tri,
290 949 142 34 dignatus
397 949 83 34 est
444 949 95 34 sese
504 949 154 34 exinanire
622 949 59 34 &
646 949 95 34 homo
705 949 118 34 fieri.
788 949 130 34 Proinde
883 949 83 34 est
918 949 107 34 Mediato

225 980 84 36 non
273 980 144 36 quatenus
381 980 84 36 est
429 980 96 36 Deus
489 980 120 36 solum,
573 980 84 36 nec
621 980 144 36 quatenus
728 980 84 36 est
776 980 96 36 homo
836 980 120 36 solum,
920 980 84 36 sed
956 980 72 36 qua¬-

225 1015 110 39 tenus
298 1015 85 39 est
347 1015 97 39 Deus
407 1015 61 39 &
432 1015 97 39 homo
493 1015 73 39 in
529 1015 85 39 una
578 1015 146 39 persona,
687 1015 85 39 hoc
736 1015 97 39 enim
797 1015 146 39 ostendit
906 1015 97 39 ipsa
955 1015 85 39 Jesus

237 1042 134 39 Christi
334 1042 183 39 appellatio,
480 1042 122 39 addita
565 1042 122 39 nomini
651 1042 146 39 hominis.
760 1042 85 39 Per
809 1042 85 39 hoc
858 1042 97 39 ergo
906 1042 122 39 Midiator

226 1077 81 44 per
272 1077 92 44 quod
329 1077 104 44 homo,
398 1077 69 44 id
433 1077 92 44 est,
490 1077 92 44 quod
548 1077 81 44 sit
594 1077 173 44 θεαυυρωπος,
732 1077 92 44 Deus
789 1077 92 44 homo
847 1077 127 44 factus.
927 1077 92 44 Nisie¬-

227 1105 95 46 nim
282 1105 136 46 Filius
377 1105 95 46 Dei
432 1105 123 46 esset
514 1105 109 46 homo
582 1105 150 46 factus,
691 1105 164 46 Mediator
814 1105 123 46 inter
896 1105 109 46 Deum
964 1105 68 46 &
991 1105 95 46 ho¬
1032 1105 41 46 O

238 1148 109 38 minem
311 1148 97 38 esse
371 1148 85 38 non
420 1148 170 38 potuisset:
553 1148 97 38 quia
614 1148 73 38 ad
650 1148 109 38 opera
723 1148 170 38 Mediatoris
856 1148 182 38 perficienda
990 1148 48 38 u¬-

235 1176 129 36 triusque
332 1176 118 36 naturae
418 1176 97 36 actio
482 1176 182 36 requirebatur,
632 1176 54 36 &
654 1176 64 36 ex
686 1176 172 36 substantiali
825 1176 150 36 mediatione
943 1176 118 36 fluunt,

241 1210 168 44 operationes
375 1210 179 44 Mediatoriae.
520 1210 89 44 Nisi
576 1210 89 44 homo
632 1210 101 44 esset
699 1210 123 44 factus,
788 1210 89 44 legi
844 1210 145 44 subjectus
945 1210 89 44 fieri¬-

231 1244 104 46 pati,
301 1244 162 46 crucifigi,
428 1244 104 46 mori,
497 1244 150 46 sanguinem
613 1244 81 46 pro
659 1244 92 46 nobs
717 1244 150 46 effundere
832 1244 104 46 atque
901 1244 81 46 ita
936 1244 104 46 pretium

234 1279 178 38 redemtionis
376 1279 95 38 dare
435 1279 83 38 pro
483 1279 107 38 nonis
554 1279 83 38 non
601 1279 166 38 potuisset.
731 1279 95 38 Homo
790 1279 107 38 autem
861 1279 130 38 factus,
944 1279 83 38 infe¬-

236 1305 89 41 rior
291 1305 78 41 est
336 1305 111 41 Patre,
413 1305 122 41 nimirum
502 1305 78 41 qua
547 1305 100 41 Deus,
613 1305 78 41 non
658 1305 111 41 natura
735 1305 122 41 divina,
824 1305 78 41 sed
868 1305 155 41 voluntaria
979 1305 67 41 sui¬-

238 1341 166 38 exinanitioe
371 1341 77 38 qua
415 1341 77 38 est
459 1341 66 38 in
493 1341 100 38 forma
559 1341 111 38 servi;
636 1341 77 38 qua
681 1341 100 38 homo,
747 1341 122 38 natura:
836 1341 122 38 uperior
924 1341 77 38 est
958 1341 77 38 nobis

235 1379 145 37 nimirum
340 1379 92 37 qua
393 1379 119 37 Deus,
472 1379 132 37 natura
565 1379 145 37 divina:
670 1379 106 37 quam
736 1379 119 37 homo,
816 1379 158 37 puritate
921 1379 119 37 naturae

230 1407 131 45 humanae
326 1407 72 45 ut
361 1407 84 45 hic
409 1407 107 45 notat
481 1407 179 45 Augustinus,
624 1407 84 45 nec
672 1407 143 45 puritate
779 1407 107 45 solum
851 1407 84 45 sed
899 1407 107 45 etiam
959 1407 107 45 officio

248 1445 179 41 Deconomico
389 1445 64 41 &
414 1445 217 41 praerogativis
593 1445 77 41 ad
631 1445 115 41 illud
708 1445 230 41 pertinentibus.
899 1445 128 41 Summa:
975 1445 77 41 quia

241 1475 102 35 Sermo
309 1475 91 35 ille
365 1475 91 35 caro
422 1475 113 35 factus
501 1475 79 35 est
547 1475 125 35 ratione
637 1475 125 35 efficii
728 1475 170 35 Mediatorii:
864 1475 91 35 ideo
920 1475 113 35 Paulus
988 1475 57 35 di¬-

238 1509 126 43 Cunum
322 1509 112 43 esse
392 1509 196 43 Mediatorem
546 1509 98 43 Dei
602 1509 70 43 &
630 1509 168 43 hominum,
756 1509 154 43 hominem
868 1509 126 43 Jesum
938 1509 98 43 Chri¬

218 1540 111 45 stum.

276 1563 109 45 Idem
344 1563 190 45 Augustinus
494 1563 136 45 decimo
589 1563 122 45 tomo,
670 1563 149 45 Sermone
779 1563 163 45 vndecimo
901 1563 81 45 de
928 1563 109 45 verbis

252 1605 144 35 Apostoli
360 1605 96 35 ait:
420 1605 96 35 Vnus
480 1605 144 35 Mediator
588 1605 84 35 Dei
636 1605 60 35 &
661 1605 144 35 hominum,
769 1605 84 35 Non
817 1605 96 35 ait,
877 1605 144 35 Christus
973 1605 60 35 le¬-

250 1641 91 39 sus,
307 1641 68 39 ne
341 1641 68 39 tu
375 1641 137 39 putares,
478 1641 137 39 secundum
580 1641 114 39 Verbum
660 1641 125 39 dictum,
751 1641 80 39 sed
797 1641 137 39 addidit.
899 1641 91 39 homo
945 1641 91 39 Media;

245 1676 88 32 tor
296 1676 88 32 Dei
346 1676 63 32 &
371 1676 151 32 hominum,
484 1676 100 32 homo
547 1676 151 32 Christus
660 1676 125 32 Iejus.
747 1676 100 32 Quid
810 1676 88 32 est
860 1676 163 32 Mediator?
973 1676 63 32 Pe¬-

252 1708 95 43 quem
311 1708 213 43 coniungeremur,
489 1708 83 43 per
537 1708 95 43 quem
596 1708 237 43 reconciliaremur,
797 1708 95 43 quia
857 1708 142 43 peccatis
963 1708 142 43 propriis

255 1737 141 37 separati
361 1737 165 37 iacebamus,
491 1737 71 37 in
526 1737 106 37 morte
597 1737 130 37 eramus,
691 1737 130 37 prorsus
786 1737 177 37 perieramus.
927 1737 82 37 Non
962 1737 71 37 erat

262 1774 131 42 Christus
360 1774 87 42 homo
415 1774 109 42 quando
491 1774 120 42 creatus
578 1774 76 42 est
622 1774 98 42 homo;
687 1774 65 42 ne
720 1774 120 42 periret
807 1774 98 42 homo,
873 1774 87 42 ille
927 1774 109 42 factus
992 1774 55 42 est

249 1800 107 41 homo.
321 1800 155 41 Sententia
440 1800 95 41 est:
499 1800 143 41 Christus
607 1800 83 41 non
654 1800 83 41 est
702 1800 155 41 Mediator,
821 1800 143 41 quatenus
929 1800 83 41 est
964 1800 72 41 Ver¬-

247 1833 95 42 bum,
306 1833 71 42 id
342 1833 95 42 est,
401 1833 142 42 quatenus
508 1833 83 42 est
555 1833 107 42 Sermo
626 1833 95 42 sine
686 1833 118 42 carne,
768 1833 178 42 quemadmodum
911 1833 95 42 sine
958 1833 83 42 carne

241 1869 120 37 fuit,
321 1869 107 37 quum
387 1869 133 37 Adamum
480 1869 133 37 primum
574 1869 147 37 hominem
680 1869 160 37 crearet:
800 1869 93 37 tum
853 1869 107 37 enim
907 1869 133 37 Christus

242 1902 90 36 seu
294 1902 116 36 Sermo
371 1902 129 36 nondum
462 1902 103 36 erat
526 1902 116 36 homo,
604 1902 65 36 &
630 1902 90 36 cum
681 1902 116 36 Sermo
759 1902 142 36 dicitur
862 1902 168 36 absolute,
978 1902 65 36 non

251 1932 120 38 semper
335 1932 96 38 caro
394 1932 108 38 simul
466 1932 203 38 intelligitur,
634 1932 96 38 quia
693 1932 108 38 Sermo
765 1932 84 38 non
813 1932 120 38 natura
897 1932 120 38 habuit
968 1932 72 38 car¬-

251 1969 92 32 nem,
309 1969 81 32 sed
355 1969 150 32 voluntate
471 1969 139 32 assumsit
575 1969 92 32 eam:
633 1969 127 32 proinde
725 1969 81 32 est
771 1969 150 32 Mediator,
887 1969 139 32 quatenus
979 1969 58 32 est

246 2001 92 43 homo
304 2001 115 43 factus
385 2001 92 43 quia
442 2001 81 43 non
488 2001 81 43 est
534 2001 92 43 homo
592 2001 115 43 factus
672 2001 92 43 nisi
730 2001 173 43 madiationis
868 2001 150 43 respectu.
971 2001 58 43 Ea¬-

251 2033 83 36 dem
298 2033 83 36 est
346 2033 118 36 nostra
428 2033 165 36 sententia.
558 2033 142 36 Christus
665 2033 83 36 non
712 2033 83 36 est
759 2033 142 36 Mediator
866 2033 142 36 secundum
960 2033 83 36 natu¬-

249 2068 81 34 tam
296 2068 127 34 divinam
388 2068 138 34 absolute
492 2068 185 34 considerata,
642 2068 81 34 hoc
688 2068 92 34 est,
746 2068 138 34 quatenus
849 2068 81 34 est
896 2068 115 34 Verbum
965 2068 69 34 sint

245 2107 127 32 assumta
338 2107 115 32 carne,
418 2107 81 32 sed
464 2107 173 32 εικονομιϰώς
602 2107 196 32 consideratum,
764 2107 69 32 id
798 2107 92 32 est,
856 2107 138 32 quatenus
948 2107 92 32 Verbum

251 2136 96 32 caro
311 2136 120 32 factum
395 2136 84 32 est
443 2136 168 32 voluntatia
575 2136 96 32 illa
635 2136 156 32 oeconomia
756 2136 144 32 nobisque
864 2136 156 32 hominibus
972 2136 60 32 tan

253 2166 161 35 salutari.
376 2166 86 35 Non
426 2166 99 35 esse
487 2166 111 35 autem
561 2166 185 35 excludendam
710 2166 148 35 Deitatem
821 2166 148 35 Christi,
932 2166 99 35 quum
981 2166 62 35 di¬-

253 2201 105 34 citur
323 2201 140 34 Mediator
428 2201 93 34 homo
486 2201 105 34 Jesus
556 2201 151 34 Christus,
673 2201 140 34 ostendit
778 2201 151 34 Ambrosius
894 2201 70 34 in
929 2201 93 34 hunc
976 2201 58 34 lo¬-

245 2236 88 41 cum:
300 2236 110 41 Filius
377 2236 88 41 Dei,
433 2236 121 41 sinquit
521 2236 133 41 jussumta
620 2236 99 41 carne
687 2236 88 41 homo
742 2236 99 41 natus
808 2236 88 41 est,
863 2236 66 41 ut
896 2236 133 41 Mediator
985 2236 55 41 Dei

248 2269 49 31 &
268 2269 109 31 hominum
347 2269 79 31 homo
397 2269 89 31 esset
456 2269 119 31 Christus
545 2269 99 31 lejus;
614 2269 59 31 id
644 2269 79 31 est,
694 2269 69 31 non
733 2269 79 31 sine
783 2269 158 31 diuvinitate,
911 2269 79 31 quia
961 2269 59 31 in
981 2269 59 31 Deo.

240 2296 103 50 homo
304 2296 103 50 erat
369 2296 64 50 &
395 2296 103 50 Deus
459 2296 77 50 in
498 2296 142 50 homine:
600 2296 64 50 &
626 2296 77 50 ut
665 2296 77 50 ex
703 2296 142 50 utraque
806 2296 116 50 esset
884 2296 167 50 Mediator,
999 2296 39 50 &

246 2333 138 49 utrumque
350 2333 208 49 reconciliaret,
523 2333 69 49 in
558 2333 69 49 se
593 2333 115 49 primum
673 2333 81 49 hoc
719 2333 115 49 fecit.
800 2333 138 49 Declarat
904 2333 92 49 idem
950 2333 81 49 Chry¬-

237 2361 146 49 sostomus
346 2361 73 49 in
383 2361 97 49 hunc
444 2361 110 49 locum
517 2361 110 49 Pauli
590 2361 122 49 multis
663 2361 97 49 verbis

272 2402 126 47 Instant
363 2402 114 47 rursus
443 2402 126 47 Papaei:
535 2402 149 47 Apostolus
649 2402 160 47 distinguit
775 2402 160 47 Mediatorem
901 2402 57 47 a
924 2402 92 47 Deo:
969 2402 69 47 Vnus

245 2435 128 52 inquit,
338 2435 105 52 Deus,
408 2435 93 52 unus
466 2435 58 52 &
490 2435 140 52 Mediator
594 2435 81 52 Dei
641 2435 58 52 &
664 2435 140 52 hominum:
769 2435 93 52 Ergo
827 2435 140 52 Christus
931 2435 81 52 non
966 2435 70 52 est.

242 2473 157 38 Mediator
360 2473 157 38 secundum
477 2473 144 38 naruram
582 2473 157 38 divinam,
699 2473 91 38 sed
752 2473 131 38 tantum
843 2473 157 38 secundum
948 2473 91 38 huma¬-

239 2510 100 47 nam,
302 2510 150 47 secundum
415 2510 100 47 quam
477 2510 150 47 Christus
590 2510 63 47 a
615 2510 88 47 Deo
665 2510 213 47 distinguitur.
840 2510 113 47 RESP.
903 2510 125 47 Syllogit

241 2541 81 39 mus
288 2541 104 39 talis
357 2541 127 39 fuerit:
449 2541 139 39 Secundum
553 2541 92 39 quam
611 2541 127 39 naturam
703 2541 139 39 Christus
807 2541 185 39 distinguitur
957 2541 58 39 a
969 2541 69 39 Deo.

240 2573 152 38 secundum
354 2573 114 38 illam
430 2573 139 38 naturam
531 2573 89 38 est
582 2573 152 38 Mediator
696 2573 89 38 Dei
746 2573 63 38 &
771 2573 152 38 hominum.
885 2573 76 38 At
911 2573 126 38 secundum

241 2604 137 45 humenam
340 2604 125 45 tantum
428 2604 137 45 naturam
528 2604 150 45 Christus
640 2604 200 45 distinguitur
803 2604 62 45 a
828 2604 100 45 Deo:
890 2604 100 45 Ergo
940 2604 100 45 secun¬-

238 2637 67 44 di
271 2637 89 44 illa
327 2637 112 44 tantum
406 2637 78 44 est
450 2637 145 44 Modiator.
562 2637 134 44 Assumtio
663 2637 78 44 est
708 2637 112 44 falsa:
786 2637 78 44 nam
831 2637 56 44 &
853 2637 134 44 secundum
942 2637 101 44 naturam

234 2666 120 50 humana
318 2666 192 50 distinguitur
475 2666 60 50 a
499 2666 96 50 Deo,
559 2666 60 50 &
583 2666 144 50 secundum
691 2666 144 50 personam
799 2666 192 50 distinguitur
956 2666 60 50 a
968 2666 60 50 Pa¬-

237 2706 83 48 tre
285 2706 95 48 apud
344 2706 95 48 quem
404 2706 131 48 proprie
499 2706 83 48 est
547 2706 155 48 Mediator,
666 2706 60 48 &
690 2706 155 48 ceconomia
809 2706 131 48 officii
892 2706 143 48 distingui¬-

233 2740 82 45 tur
280 2740 71 45 ab
316 2740 141 45 essentia
422 2740 94 45 Dei,
481 2740 71 45 ut
516 2740 141 45 Mediator
622 2740 94 45 est.
681 2740 130 45 Petsona
775 2740 130 45 Christi
869 2740 59 45 a
893 2740 130 45 persona
975 2740 59 45 Dei

234 2765 123 54 Patris
320 2765 196 54 distinguitur
479 2765 147 54 secundum
589 2765 184 54 hypostaseos
736 2765 135 54 naturam
835 2765 159 54 realiter:
945 2765 98 54 secun¬-

237 2800 86 57 dum
286 2800 147 57 officium
396 2800 98 57 vero
457 2800 196 57 distinguitur
616 2800 61 57 a
640 2800 86 57 Deo
689 2800 86 57 non
738 2800 86 57 per
787 2800 147 57 naturam,
897 2800 86 57 sed
946 2800 86 57 per
983 2800 61 57 vo¬-

235 2844 168 39 coutariam
364 2844 181 39 oeconomiam
506 2844 90 39 seu
558 2844 232 39 dispensationem
751 2844 155 39 gratiae.
867 2844 129 39 Itaque
945 2844 90 39 eadem

230 2876 138 34 Persona
331 2876 100 34 quae
394 2876 151 34 secundum
507 2876 138 34 naturam
607 2876 100 34 Deus
670 2876 88 34 est
720 2876 151 34 aequalis
833 2876 126 34 Patri,
908 2876 126 34 secundum

233 2908 177 42 biuntatiam
372 2908 227 42 dispensationem
562 2908 63 42 &
587 2908 88 42 Deo
638 2908 63 42 &
663 2908 126 42 seipsa
751 2908 114 42 minor
827 2908 101 42 est:
890 2908 63 42 &
915 2908 88 42 cum
953 2908 76 42 dici

230 2940 63 43 i
256 2940 113 43 minor
331 2940 113 43 Patre
406 2940 150 43 secundum
519 2940 200 43 humanitatem,
681 2940 75 43 de
719 2940 138 43 persona
819 2940 125 43 divina
907 2940 150 43 dicitur,

231 2972 84 46 nus
279 2972 72 46 in
315 2972 96 46 sese
375 2972 72 46 ex
410 2972 120 46 mniuit
494 2972 132 46 seipsam
590 2972 179 46 voluntarie,
733 2972 60 46 &
757 2972 72 46 in
793 2972 167 46 humanitate
912 2972 120 46 assumta¬-

232 3003 101 46 lucta
299 3003 78 46 est
344 3003 101 46 minor
411 3003 179 46 naturaliter.
556 3003 123 46 Proinde
645 3003 145 46 Apostolus
757 3003 156 46 distinguit
880 3003 78 46 hoc
924 3003 67 46 in
947 3003 78 46 loce¬-

234 3044 71 37 c.
270 3044 165 37 dediatorem
400 3044 130 37 ratione
494 3044 142 37 personae
601 3044 59 37 a
624 3044 95 37 Deo,
683 3044 106 37 nempe
754 3044 118 37 Patre,
837 3044 83 37 non
884 3044 106 37 autem
955 3044 59 37 a
967 3044 71 37 tota

231 3062 55 65 i
253 3062 133 65 imitate:
353 3062 88 65 alic
408 3062 77 65 qui
452 3062 155 65 sequeretur
574 3062 166 65 quaternitas
706 3062 166 65 personarum,
839 3062 66 65 si
872 3062 55 65 a
894 3062 88 65 tota
939 3062 77 65 Trini

229 3096 93 50 aate
288 3096 140 50 Med:ator
392 3096 221 50 distingueretur.

248 3133 169 68 Replicant:
380 3133 108 68 Primo
453 3133 169 68 Arianismum
585 3133 84 68 hoc
633 3133 169 68 confirmat,
766 3133 72 68 si
802 3133 96 68 unus
862 3133 96 68 Deus
923 3133 72 68 de
947 3133 84 68 Patre

1041 155 203 54 intelligatur,
1208 155 96 54 quia
1268 155 119 54 Ariani
1352 155 84 54 hoc
1399 155 143 54 cupiunt,
1507 155 72 54 ut
1543 155 155 54 ubicunque
1662 155 131 54 legitur
1758 155 96 54 uhus
1805 155 72 54 Deus

1057 201 82 33 aut
1104 201 140 33 absolute
1209 201 105 33 Deus,
1279 201 105 33 solus
1349 201 105 33 Pater
1419 201 199 33 intelligatur.
1583 201 140 33 Secundo,
1688 201 117 33 Patres
1770 201 82 33 per
1805 201 70 33 unum

1053 235 98 38 Deum
1114 235 74 38 in
1151 235 86 38 hoc
1200 235 110 38 Pauli
1273 235 98 38 loco
1335 235 184 38 intelligunt
1482 235 110 38 totam
1555 235 184 38 Trinitatem,
1702 235 86 38 non
1751 235 110 38 solum
1813 235 61 38 Pa¬-

1057 264 101 37 trem;
1124 264 101 37 Ratio
1192 264 90 37 est,
1248 264 90 37 quia
1304 264 79 37 non
1349 264 101 37 solus
1416 264 101 37 Pater
1484 264 135 37 offensus
1585 264 56 37 &
1607 264 202 37 reconciliandus
1776 264 124 37 fuerat.

1070 299 80 41 sed
1115 299 103 41 etiam
1184 299 114 41 Filius
1264 299 57 41 &
1286 299 137 41 Spiritus
1389 299 137 41 Sanstus:
1492 299 126 41 Tertio,
1583 299 80 41 non
1629 299 137 41 sequitur
1720 299 160 41 quaternitas,

1059 341 105 32 quia
1124 341 157 32 Christus
1242 341 105 32 idem
1307 341 144 32 propter
1412 341 105 32 duas
1478 341 144 32 naturas
1582 341 65 32 &
1608 341 170 32 numeratur
1739 341 118 32 inter
1805 341 78 32 per¬-

1064 363 98 45 sonas
1129 363 163 45 Trinitatis,
1260 363 76 45 cui
1303 363 120 45 debetur
1390 363 174 45 satisfactio,
1531 363 54 45 &
1553 363 98 45 simul
1618 363 87 45 ipse
1673 363 76 45 est
1716 363 76 45 qui
1749 363 141 45 satisfacit.

1072 399 85 43 ipse
1126 399 96 43 enim,
1189 399 64 43 ut
1221 399 85 43 homo
1275 399 85 43 est,
1328 399 128 43 Mediator
1423 399 74 43 est
1466 399 64 43 ad
1498 399 128 43 seipsum,
1594 399 64 43 ut
1626 399 85 43 Deus
1668 399 64 43 est,

1099 427 136 40 RESP.
1189 427 90 40 Ad
1234 427 166 40 primum:
1355 427 211 40 Arianismum
1521 427 105 40 non
1581 427 196 40 confirmat
1731 427 105 40 qui
1777 427 105 40 nomen

1035 471 61 47 E
1059 471 86 47 Dei
1108 471 110 47 unius
1182 471 86 47 seu
1231 471 110 47 nomen
1304 471 86 47 Dei
1354 471 147 47 absolute
1464 471 147 47 positum,
1574 471 98 47 nunc
1636 471 74 47 de
1672 471 147 47 essentia
1783 471 86 47 Dei
1819 471 74 47 tri¬-

1077 497 87 45 bus
1126 497 149 45 personis
1238 497 149 45 communi,
1349 497 99 45 nunc
1411 497 74 45 de
1448 497 149 45 singulis
1560 497 149 45 personis
1671 497 149 45 seorsim,
1783 497 99 45 nunc
1832 497 50 45 de

1065 532 122 40 duabus
1150 532 146 40 personis
1260 532 146 40 accipit,
1369 532 73 40 ac
1406 532 134 40 proinde
1503 532 146 40 interdum
1613 532 73 40 de
1649 532 110 40 Patre
1722 532 110 40 solo,
1796 532 85 40 pro
1844 532 73 40 ut

1069 566 221 38 circumstantiae
1253 566 147 38 cuiusque
1364 566 98 38 loci
1425 566 61 38 &
1450 566 135 38 veritas
1548 566 172 38 postulant.
1683 566 86 38 Qui
1732 566 111 38 autem
1794 566 98 38 ubique

1078 597 109 44 homen
1151 597 85 44 Dei
1199 597 122 44 unius,
1284 597 85 44 seu
1333 597 109 44 nomen
1406 597 85 44 Dei
1455 597 146 44 absolute
1564 597 146 44 positum,
1673 597 73 44 de
1710 597 97 44 solo
1771 597 109 44 Patre
1831 597 49 44 ac

1077 633 160 45 cipiendum
1200 633 185 45 contendunt;
1348 633 99 45 illi
1409 633 173 45 Arianismum
1545 633 185 45 stabiliunt.
1693 633 148 45 Papistae
1791 633 99 45 igitur

1074 665 82 38 sic
1121 665 211 38 argumentantes;
1297 665 164 38 Evangelici
1426 665 70 38 in
1461 665 82 38 hoc
1508 665 94 38 loco
1567 665 106 38 nomen
1637 665 82 38 Dei
1684 665 70 38 de
1719 665 94 38 solo
1778 665 106 38 Patre
1836 665 59 38 ac¬-

1077 697 146 41 cipiunt;
1187 697 98 41 Ergo
1248 697 171 41 Arianismum
1382 697 183 41 confirmant;
1528 697 73 41 ex
1565 697 110 41 puris
1638 697 220 41 particularibus
1809 697 73 41 con¬-

1077 730 122 41 ludunt
1162 730 122 41 contra
1247 730 110 41 leges
1320 730 110 41 bonae
1381 730 183 41 consequentiae

1110 759 72 43 Ad
1146 759 156 43 secundam:
1266 759 84 43 Non
1315 759 108 43 omnes
1387 759 120 43 Patres
1471 759 72 43 in
1507 759 84 43 hoc
1555 759 108 43 Pauli
1627 759 96 43 loco
1687 759 84 43 per
1736 759 96 43 unum
1796 759 84 43 Dei
1832 759 48 43 in

1066 796 162 42 telligunt
1190 796 112 42 totam
1265 796 75 42 S.
1303 796 187 42 Trinitatem,
1452 796 87 42 sed
1502 796 137 42 Patrem,
1602 796 75 42 ut
1639 796 212 42 Chrysostomus,
1802 796 87 42 Oecu¬-

1074 829 134 40 mentus,
1171 829 219 40 Theophylactus,
1353 829 170 40 Ambrosius,
1487 829 194 40 Theodoretus.
1645 829 85 40 Sic
1694 829 97 40 enim
1742 829 146 40 Chrysosto¬-

1064 865 89 37 mus
1115 865 166 37 explicans
1243 865 102 37 hunc
1307 865 115 37 locum
1383 865 140 37 homilia
1485 865 140 37 septima
1587 865 77 37 in
1626 865 166 37 epistolam
1753 865 128 37 primam
1830 865 51 37 a¬-

1078 903 177 35 Timotheum:
1217 903 101 35 Vnus
1280 903 101 35 enim
1343 903 114 35 Deus,
1419 903 88 35 non
1470 903 151 35 plurimi,
1583 903 76 35 ut
1621 903 177 35 isti(nempe
1747 903 139 35 Gentiles.

1071 932 129 44 putant,
1165 932 82 44 qui
1212 932 105 44 omnes
1282 932 117 44 salvos
1364 932 105 44 fieri
1434 932 105 44 vult,
1505 932 141 44 misitque
1610 932 164 44 Mediatorem
1739 932 117 44 Filium
1809 932 82 44 suum.

1076 968 100 43 Quid
1139 968 100 43 ergo
1202 968 138 43 Filius?
1302 968 113 43 nonne
1377 968 100 43 Deus
1440 968 100 43 est?
1503 968 113 43 Nulli
1578 968 150 43 profecto
1691 968 138 43 dubium.
1778 968 113 43 Quomodo

1080 1005 125 35 igitur,
1170 1005 125 35 inquit,
1261 1005 102 35 anus?
1329 1005 68 35 Ad
1363 1005 193 35 distinctionem
1521 1005 136 35 scilicet
1623 1005 147 35 idolorum,
1736 1005 79 35 non
1782 1005 68 35 ad
1804 1005 91 35 Filium

1072 1035 140 39 retulit,
1177 1035 82 39 &c.
1224 1035 152 39 Similiter
1341 1035 175 39 Oecumenius:
1481 1035 105 39 Istud
1551 1035 117 39 autem,
1632 1035 93 39 unus
1691 1035 105 39 Deus,
1761 1035 82 39 non
1807 1035 70 39 ad
1831 1035 58 39 di¬-

1085 1068 168 32 stinctionem
1219 1068 123 32 ponitur
1308 1068 101 32 Filij
1375 1068 78 32 aut
1420 1068 134 32 Spiritus
1520 1068 123 32 Sancti,
1610 1068 112 32 absit:
1688 1068 78 32 sed
1733 1068 101 32 eorum
1800 1068 78 32 qui
1833 1068 56 32 non

1090 1100 85 33 unt,
1144 1100 128 33 dicuntur
1239 1100 85 33 aute
1292 1100 85 33 dii.
1345 1100 64 33 Et
1377 1100 96 33 nunc:
1441 1100 138 33 Quaeritur
1547 1100 85 33 aute
1600 1100 74 33 cur
1643 1100 128 33 Spiritus
1739 1100 74 33 non
1770 1100 128 33 meminerit?

1084 1129 106 38 Quam
1150 1129 159 38 profecto
1269 1129 199 38 quaestionem
1429 1129 186 38 Oecumenius
1575 1129 93 38 non
1628 1129 146 38 fuisset
1721 1129 172 38 adiecturus,

1083 1165 80 38 per
1128 1165 115 38 voces,
1209 1165 92 38 unus
1266 1165 103 38 Deus,
1335 1165 57 38 a
1358 1165 103 38 Paulo
1427 1165 103 38 omnes
1496 1165 92 38 tres
1553 1165 138 38 personas
1657 1165 172 38 intellectas
1783 1165 115 38 statuis¬-

1080 1198 96 38 set.
1140 1198 109 38 Eadem
1213 1198 84 38 est
1261 1198 157 38 sententia
1381 1198 205 38 Theophylacti.
1550 1198 157 38 Ambrosius
1671 1198 72 38 in
1707 1198 193 38 commentariis
1852 1198 48 38 in

1088 1237 100 41 munc
1150 1237 112 41 locum
1225 1237 100 41 ait:
1287 1237 87 41 Dei
1337 1237 62 41 &
1362 1237 137 41 Christi
1462 1237 100 41 unam
1524 1237 175 41 significat
1662 1237 100 41 esse
1724 1237 175 41 uoluntatem
1849 1237 50 41 in

1083 1269 161 41 salvandis
1207 1269 174 41 hominibus:
1343 1269 99 41 Unde
1405 1269 99 41 Deum
1467 1269 137 41 Patrem,
1567 1269 99 41 quia
1629 1269 74 41 ab
1666 1269 99 41 ipso
1728 1269 87 41 est
1778 1269 112 41 omnis
1840 1269 62 41 au¬-

1075 1300 108 42 tor:
1143 1300 108 42 tas,
1211 1300 108 42 unum
1278 1300 108 42 esse
1346 1300 162 42 fatetur:
1468 1300 68 42 &
1495 1300 108 42 unum
1563 1300 189 42 Mediatorem
1712 1300 95 42 Dei
1766 1300 68 42 &
1779 1300 122 42 hominum

1076 1336 142 38 Christum
1183 1336 118 38 Iesum.
1266 1336 118 38 Missus
1348 1336 95 38 enim
1408 1336 59 38 a
1431 1336 107 38 Patre
1502 1336 118 38 factus
1585 1336 130 38 arbiter
1680 1336 201 38 reconciliavit
1834 1336 71 38 Deum

1080 1366 63 44 &
1106 1366 139 44 homines
1207 1366 177 44 reformando
1346 1366 89 44 eos
1397 1366 76 44 ad
1435 1366 177 44 agnitionem
1574 1366 114 44 eius.
1650 1366 101 44 Ipse
1714 1366 114 44 etiam
1777 1366 114 44 septime

1092 1401 94 42 omo,
1151 1401 106 42 libro
1222 1401 129 42 secundo
1316 1401 71 42 de
1351 1401 129 42 peccato
1445 1401 165 42 originali,
1574 1401 118 42 capite
1656 1401 141 42 vigesimo
1762 1401 118 42 octavo
1833 1401 71 42 per¬-

1077 1441 98 40 unum
1138 1441 98 40 Deum
1200 1441 86 40 hoc
1249 1441 111 40 Pauli
1323 1441 98 40 loco
1384 1441 172 40 intelligit
1520 1441 135 40 Patrem:
1618 1441 111 40 verba
1692 1441 111 40 paulo
1766 1441 98 40 ante
1827 1441 98 40 sunt

1085 1467 155 42 recitata,
1204 1467 95 42 quae
1264 1467 179 42 Bellarminus
1407 1467 119 42 studio
1490 1467 202 42 dissimulavit.
1657 1467 143 42 Quanquam
1764 1467 83 42 non
1800 1467 95 42 diffi¬-

1094 1502 115 39 pemur,
1174 1502 103 39 alibi
1243 1502 160 39 Augustinum
1369 1502 92 39 haec
1426 1502 103 39 verba
1495 1502 69 39 de
1529 1502 92 39 tota
1586 1502 69 39 S.
1621 1502 149 39 Trinitate
1724 1502 172 39 intellexisset

1084 1534 84 34 sed
1132 1534 96 34 alii
1192 1534 120 34 Patres
1276 1534 144 34 propriam
1383 1534 108 34 atque
1455 1534 156 34 primariam
1575 1534 96 34 loci
1635 1534 108 34 hujus
1706 1534 215 34 interpretatio¬

1098 1572 73 37 em
1134 1572 73 37 de
1171 1572 110 37 Patre
1245 1572 98 37 esse
1306 1572 159 37 docuerunt
1428 1572 135 37 propter
1526 1572 196 37 oppositionem
1685 1572 147 37 personae
1783 1572 122 37 Christi;

1090 1599 182 41 secundariam
1236 1599 97 41 vero
1296 1599 61 41 &
1321 1599 194 41 consectariam
1479 1599 73 41 de
1515 1599 170 41 Trinitate,
1649 1599 97 41 quia
1710 1599 122 41 Pater,
1795 1599 122 41 Filius
1868 1599 36 41 &

1096 1634 143 49 Spiritus
1204 1634 131 49 Sanctus
1299 1634 96 49 sunt
1359 1634 96 49 unus
1419 1634 60 49 &
1443 1634 155 49 indivisus
1550 1634 72 49 Deus

1128 1661 101 45 Quid
1191 1661 113 45 ergo?
1267 1661 88 45 num
1317 1661 151 45 Christus
1431 1661 88 45 est
1481 1661 151 45 Mediator
1595 1661 101 45 apud
1658 1661 126 45 Patrem
1746 1661 139 45 tantum?
1834 1661 63 45 an¬-

1087 1698 81 39 non
1134 1698 81 39 est
1180 1698 139 39 Mediator
1284 1698 92 39 apud
1342 1698 104 39 totam
1411 1698 69 39 S.
1446 1698 162 39 Trinitatem
1573 1698 69 39 ac
1608 1698 127 39 proinde
1700 1698 104 39 etiam
1769 1698 92 39 apud
1827 1698 69 39 se
1850 1698 35 39 &

1088 1736 156 35 Spiritum
1205 1736 156 35 Sanctum?
1323 1736 117 35 RESP.
1401 1736 117 35 Actus
1479 1736 195 35 mediationis
1635 1736 143 35 Christi
1740 1736 117 35 inter
1805 1736 91 35 duas,

1098 1772 111 39 partes
1176 1772 167 39 intervenit,
1310 1772 100 39 nempe
1376 1772 100 39 inter
1443 1772 89 39 Deum
1499 1772 56 39 &
1521 1772 134 39 electos:
1622 1772 56 39 &
1644 1772 67 39 ab
1677 1772 123 39 utraque
1766 1772 100 39 parte
1822 1772 67 39 pro¬-

1099 1799 105 39 aurat
1170 1799 94 39 quae
1228 1799 94 39 opus
1287 1799 94 39 est.
1345 1799 59 39 A
1369 1799 82 39 Deo
1416 1799 117 39 quidem
1498 1799 94 39 sive
1556 1799 82 39 (ut
1603 1799 105 39 vulgo
1674 1799 164 39 loquuntur)
1803 1799 59 39 a
1814 1799 94 39 partet

1085 1832 84 41 Dei
1133 1832 144 41 procurat
1241 1832 72 41 τα
1277 1832 96 41 πεος
1337 1832 108 41 ἡμῶς,
1409 1832 168 41 quaecunque
1542 1832 144 41 nobiscum
1650 1832 84 41 vel
1698 1832 96 41 apud
1758 1832 84 41 nos
1794 1832 96 41 perfi¬-

1087 1867 114 39 cienda
1167 1867 103 39 sunt:
1235 1867 57 39 a
1258 1867 103 39 nobis
1327 1867 92 39 vero
1384 1867 92 39 sive
1441 1867 69 39 ex
1476 1867 114 39 nostra
1556 1867 114 39 parte,
1636 1867 69 39 τα
1670 1867 92 39 πρὼς
1727 1867 103 39 διον,
1785 1867 114 39 quaecun¬-

1084 1899 98 39 que
1140 1899 98 39 cum
1196 1899 112 39 Deo,
1265 1899 98 39 aut
1321 1899 112 39 apud
1391 1899 112 39 Deum
1461 1899 153 39 oportet
1572 1899 167 39 perfici.
1698 1899 98 39 Nam
1754 1899 112 39 quod
1809 1899 84 39 Deum

1076 1933 156 38 attinet,
1193 1933 207 38 communicavit
1361 1933 91 38 per
1413 1933 182 38 Mediatorem
1556 1933 156 38 nobiscum
1673 1933 117 38 omnia
1750 1933 104 38 quae
1815 1933 78 38 ad
1841 1933 65 38 lu¬-

1093 1970 72 33 em
1129 1970 156 33 veritatis
1249 1970 60 33 &
1273 1970 192 33 perfectionem
1429 1970 156 33 justitiae
1548 1970 72 33 ac
1584 1970 132 33 proinde
1680 1970 72 33 ad
1716 1970 108 33 vitam
1776 1970 132 33 aeternam.

1083 2000 172 39 pertinent:
1218 2000 98 39 quod
1279 2000 196 39 significatum
1438 2000 98 39 fuit
1500 2000 86 39 per
1549 2000 98 39 Urim
1610 2000 61 39 &
1634 2000 135 39 Tummim,
1732 2000 74 39 id
1769 2000 98 39 est,
1818 2000 86 39 lumi¬-

1082 2033 71 34 na
1118 2033 60 34 &
1142 2033 203 34 perfectiones,
1308 2033 95 34 quae
1368 2033 71 34 in
1404 2033 155 34 pectorali
1523 2033 143 34 latentia
1630 2033 143 34 Sacerdos
1737 2033 119 34 summus
1809 2033 95 34 gesta¬-

1086 2066 96 40 bat,
1146 2066 72 40 ex
1182 2066 120 40 quibus
1266 2066 96 40 Deus
1326 2066 144 40 responsa
1434 2066 108 40 dabat
1505 2066 168 40 Ecclesiae.
1637 2066 96 40 Quod
1697 2066 96 40 vero
1757 2066 84 40 nos
1793 2066 108 40 attinet

1089 2103 85 39 pro
1138 2103 110 39 nobis
1211 2103 183 39 intercessit
1357 2103 61 39 &
1382 2103 171 39 intercedit
1516 2103 147 39 Christus
1626 2103 98 39 apud
1687 2103 98 39 Deum
1748 2103 85 39 per
1785 2103 122 39 satisfa¬-

1084 2135 128 35 ctionem
1177 2135 186 35 sufficientem
1328 2135 93 35 loco
1386 2135 116 35 nostro
1468 2135 174 35 praestitam,
1607 2135 105 35 cujus
1677 2135 81 35 vis
1723 2135 58 35 &
1746 2135 151 35 efficacia
1851 2135 58 35 est

1079 2167 157 35 aeterna,
1197 2167 65 35 &
1223 2167 131 35 sistit
1315 2167 170 35 Ecclesiam
1446 2167 105 35 sine
1511 2167 105 35 labe
1577 2167 65 35 &
1603 2167 131 35 macula
1694 2167 118 35 coram
1773 2167 92 35 Deo
1825 2167 65 35 &
1839 2167 65 35 Pa¬-

1085 2198 89 36 tre
1136 2198 140 36 nostro,
1238 2198 140 36 ablutam
1339 2198 89 36 suo
1390 2198 165 36 sanguine,
1517 2198 63 36 &
1542 2198 140 36 indutam
1643 2198 114 36 veste
1719 2198 165 36 justitiae
1834 2198 63 36 sus

1078 2232 222 34 sempiternae,
1259 2232 208 34 purgatamque
1426 2232 97 34 per
1481 2232 167 34 Spiritum
1606 2232 167 34 Sanctum,
1731 2232 111 34 quod
1801 2232 83 34 in
1829 2232 69 34 Sum

1086 2266 72 33 mo
1122 2266 156 33 Sacerdote
1242 2266 192 33 significatum
1399 2266 96 33 fuit
1459 2266 72 33 in
1495 2266 132 33 amiculi
1591 2266 60 33 &
1615 2266 168 33 pectoralis
1748 2266 108 33 sacri
1808 2266 96 33 gesta¬-

1083 2294 136 42 tione,
1179 2294 109 42 quia
1247 2294 150 42 inerant
1356 2294 150 42 amiculo
1464 2294 136 42 gemmae
1560 2294 95 42 cum
1614 2294 177 42 nominibus
1737 2294 163 42 singularum

1085 2333 135 46 tribuum
1183 2333 122 46 populi
1268 2333 196 46 Israelitici,
1427 2333 98 46 quam
1488 2333 159 46 Ecclesiam
1611 2333 122 46 typice
1696 2333 147 46 Sacerdos
1794 2333 110 46 Summus.

1076 2360 160 41 sistebat
1196 2360 120 41 coram
1262 2360 107 41 Domino

1108 2391 136 53 Proprie
1206 2391 123 53 quidem
1293 2391 86 53 est
1342 2391 148 53 Mediator
1453 2391 99 53 arud
1515 2391 136 53 Patrem,
1614 2391 161 53 analogite
1737 2391 99 53 vero
1799 2391 99 53 apud
1849 2391 49 53 se

1085 2427 125 47 ipsum:
1173 2427 188 47 quemadmodum
1324 2427 63 47 &
1349 2427 113 47 actus
1424 2427 163 47 justitiae
1550 2427 88 47 est
1600 2427 138 47 proprie
1700 2427 75 47 ad
1738 2427 151 47 alterum,
1838 2427 63 47 cum

1093 2466 89 33 quis
1148 2466 89 33 suum
1204 2466 66 33 ei
1237 2466 133 33 tribuit,
1336 2466 144 33 analogice
1447 2466 89 33 vero
1503 2466 77 33 est
1547 2466 100 33 etiam
1613 2466 66 33 ad
1646 2466 133 33 seipsum,
1746 2466 89 33 quum
1801 2466 89 33 quis
1846 2466 55 33 sui

1080 2505 87 48 lum
1129 2505 99 48 sibi
1191 2505 149 48 tribuit.
1303 2505 149 48 Christus
1414 2505 161 48 perfectus
1538 2505 87 48 est
1588 2505 149 48 Mediator
1699 2505 149 48 perfecte
1798 2505 112 48 utroque

1058 2527 109 40 modo.

1113 2556 87 50 Est
1162 2556 100 50 enim
1225 2556 150 50 Christus
1337 2556 150 50 Mediator
1450 2556 112 50 etiam
1524 2556 100 50 apud
1587 2556 150 50 seipsum,
1699 2556 75 50 ut
1737 2556 100 50 Deus
1799 2556 87 50 est
1837 2556 62 50 os¬-

1086 2588 126 48 fensus
1174 2588 75 48 in
1212 2588 138 48 natura,
1313 2588 63 48 &
1338 2588 101 48 apud
1401 2588 151 48 Spiritum
1514 2588 151 48 Sanctum.
1627 2588 151 48 Cyrillus
1740 2588 101 48 tomo
1791 2588 113 48 tertio,

1076 2629 108 38 libro
1148 2629 72 38 de
1184 2629 108 38 recta
1257 2629 96 38 fide
1317 2629 72 38 ad
1353 2629 145 38 Reginam,
1461 2629 108 38 folio
1534 2629 157 38 centesimo
1654 2629 145 38 vicesimo
1762 2629 108 38 nono,
1823 2629 84 38 Edit.

1076 2665 184 33 Basileens.
1220 2665 158 33 Catandr.
1338 2665 105 33 Anno
1404 2665 118 33 1528.
1483 2665 184 33 Sicrificij
1627 2665 118 33 modum
1706 2665 92 33 non
1759 2665 118 33 sicut
1824 2665 79 33 unus

1093 2697 115 33 quidam
1173 2697 69 33 ex
1207 2697 103 33 nobis
1276 2697 184 33 Sacerdotibus
1425 2697 115 33 adfert
1506 2697 172 33 serviliter,
1643 2697 103 33 nihil
1712 2697 92 33 ipse
1769 2697 69 33 in
1804 2697 80 33 hoc
1838 2697 69 33 com¬-

1081 2730 85 36 mune
1134 2730 117 36 habens,
1219 2730 64 36 ut
1251 2730 95 36 illud
1314 2730 148 36 suscipiat:
1431 2730 74 36 sed
1473 2730 85 36 sibi
1526 2730 85 36 ipsi
1579 2730 148 36 conciliat,
1696 2730 53 36 &
1717 2730 74 36 per
1759 2730 117 36 seipsum
1844 2730 53 36 &
1855 2730 42 36 in

1073 2765 118 34 seipso
1156 2765 118 34 Patri.
1239 2765 71 34 Et
1274 2765 142 34 thesauri
1380 2765 106 34 libro
1451 2765 130 34 decimo,
1546 2765 94 34 cap.
1605 2765 94 34 nono
1664 2765 94 34 ait:
1723 2765 142 34 Quicquid
1829 2765 59 34 a
1841 2765 59 34 Pa¬-

1080 2798 86 53 tre
1129 2798 74 53 ut
1166 2798 99 53 homo
1228 2798 123 53 petit,
1314 2798 74 53 id
1351 2798 123 53 quoque
1437 2798 62 53 a
1462 2798 123 53 seipso
1548 2798 74 53 ut
1585 2798 99 53 Deo,
1647 2798 62 53 &
1672 2798 136 53 Spiritu
1770 2798 123 53 Sancto
1844 2798 62 53 pe¬

1066 2826 74 40 tit.

1116 2853 112 42 Neque
1190 2853 99 42 vero
1252 2853 87 42 est
1302 2853 161 42 absurdum,
1426 2853 149 42 offensum
1537 2853 99 42 esse
1599 2853 112 42 etiam
1674 2853 99 42 apud
1736 2853 74 42 se
1773 2853 149 42 Mediato¬

1080 2896 79 36 rem
1125 2896 68 36 in
1159 2896 101 36 causa
1226 2896 90 36 sua,
1283 2896 68 36 si
1316 2896 146 36 remittens
1429 2896 135 36 gratiore
1530 2896 68 36 de
1564 2896 90 36 jure
1621 2896 79 36 suo
1666 2896 56 36 &
1688 2896 113 36 posita
1767 2896 79 36 aut
1801 2896 90 36 dissi¬-

1080 2927 122 37 mulata
1165 2927 146 37 offensa,
1274 2927 182 37 offendentes
1420 2927 97 37 sibi
1481 2927 97 37 ipsi
1542 2927 170 37 reconcilet
1675 2927 61 37 &
1700 2927 109 37 aliis
1772 2927 109 37 simul
1833 2927 61 37 of¬-

1079 2958 128 44 fensis:
1173 2958 70 44 ut
1208 2958 70 44 si
1242 2958 82 44 rex
1289 2958 128 44 aliquis
1382 2958 58 44 &
1406 2958 117 44 Filius
1487 2958 93 44 ejus
1545 2958 58 44 a
1569 2958 140 44 subditis
1674 2958 163 44 rebellibus
1790 2958 105 44 offensi

1081 2994 134 39 fuerint,
1181 2994 89 39 quid
1237 2994 67 39 ni
1270 2994 111 39 filius
1348 2994 100 39 Regis
1415 2994 67 39 ex
1448 2994 122 39 communi
1537 2994 111 39 patris
1615 2994 56 39 &
1637 2994 78 39 suo
1682 2994 134 39 consilio
1782 2994 111 39 possit
1849 2994 45 39 in

1065 3029 71 39 se
1101 3029 153 39 suscipere
1218 3029 118 39 partes
1300 3029 176 39 Mediatoris,
1441 3029 71 39 ut
1477 3029 141 39 subditos
1583 3029 82 39 non
1630 3029 118 39 tantum
1712 3029 106 39 patri
1782 3029 82 39 suo
1818 3029 82 39 Regi,

1072 3061 79 37 sed
1117 3061 101 37 etiam
1184 3061 101 37 sibi,
1251 3061 79 37 qui
1296 3061 79 37 non
1341 3061 101 37 minus
1408 3061 135 37 ofsensus
1509 3061 56 37 a
1532 3061 135 37 subditis
1633 3061 112 37 fuerat
1711 3061 90 37 quam
1768 3061 112 37 pater,
1835 3061 56 37 res

1042 3093 179 38 RXconciliet?
1187 3093 78 38 Hoc
1232 3093 101 38 certe
1299 3093 101 38 fieri
1367 3093 112 38 solere
1445 3093 168 38 experientia
1579 3093 112 38 docet:
1658 3093 56 38 &
1680 3093 67 38 in
1714 3093 78 38 hac
1759 3093 90 38 ipsa
1803 3093 90 38 causa.

1068 3128 72 40 de
1104 3128 84 40 qua
1152 3128 84 40 jam
1200 3128 132 40 agimus,
1297 3128 120 40 factum
1381 3128 144 40 Christus
1489 3128 96 40 ipse
1549 3128 108 40 docet
1621 3128 144 40 Matthaei
1718 3128 168 40 vigesimopri¬-

1065 3161 87 48 mo,
1114 3161 112 48 vers.
1189 3161 75 48 33
1227 3161 62 48 &
1252 3161 200 48 sequentibus,
1414 3161 125 48 maxime
1501 3161 87 48 ubi
1551 3161 137 48 dicitur
1651 3161 112 48 vers.
1726 3161 87 48 37.
1763 3161 125 48 Postrem.
