2063 3433
200 156 174 64 Salvatoris.
340 156 139 64 Christus
444 156 93 64 enim
502 156 128 64 dicitur
595 156 151 64 Salvator,
711 156 93 64 quia
769 156 81 64 nos
815 156 116 64 salvos
897 156 104 64 fecit
955 156 81 64 meri¬-

195 196 71 50 ro
231 196 95 50 suo,
290 196 166 50 efficacia,
420 196 201 50 annunciatione
586 196 130 50 salutis
680 196 59 50 &
704 196 154 50 vocatione
822 196 71 50 ad
858 196 83 50 eam
905 196 59 50 &
917 196 83 50 exem¬-

206 234 89 53 plo:
261 234 133 53 Apostoli
361 234 89 53 vero
417 234 56 53 &
439 234 89 53 alii
495 234 100 53 servi
561 234 89 53 Jesu
617 234 133 53 Christi,
717 234 133 53 dicuntur
817 234 167 53 Salvatores,
939 234 67 53 tan¬-

209 261 94 60 quam
268 261 141 60 ministri
374 261 59 60 &
397 261 153 60 praecones
514 261 164 60 Evangelii,
643 261 94 60 quod
702 261 82 60 est
749 261 141 60 potentia
854 261 82 60 Dei
901 261 70 60 ad
925 261 82 60 salu¬-

196 296 80 56 tem
241 296 114 56 cuivis
321 296 148 56 credenti,
435 296 91 56 item
492 296 91 56 quia
549 296 126 56 exemplo
641 296 80 56 suo
686 296 194 56 lucrifecerunt
835 296 91 56 alios.

237 323 129 56 Deinde,
331 323 141 56 assumtio
437 323 129 56 negatur
531 323 70 56 eo
566 323 106 56 sensu
636 323 129 56 accepta
730 323 82 56 quo
777 323 59 56 a
801 323 141 56 Papistis
894 323 106 56 accipi¬-

208 366 93 47 tur.
267 366 140 47 Papistae
372 366 93 47 enim
430 366 152 47 Apostolos
547 366 117 47 vocant
628 366 175 47 Salvatores,
768 366 117 47 quorum
850 366 128 47 meritis
943 366 58 47 &
955 366 58 47 in¬-

198 399 175 51 tercessione
338 399 152 51 salvemur:
455 399 105 51 Neque
525 399 93 51 vero
584 399 82 51 hoc
630 399 105 51 sensu
700 399 128 51 accepta
794 399 140 51 assumtio
899 399 70 51 ex
922 399 82 51 alle¬-

204 429 107 58 gatis
276 429 107 58 iocis
347 429 131 58 probari
443 429 131 58 potest.
538 429 72 58 Ut
574 429 95 58 enim
633 429 143 58 Christus
741 429 72 58 ad
776 429 83 58 sui
824 429 179 58 communionem
955 429 60 58 nos

200 462 170 49 admittit:
331 462 91 49 ita
383 462 118 49 etiam
461 462 144 49 Paulum,
566 462 170 49 Barnabam,
696 462 170 49 Timotheum
827 462 65 49 &
853 462 118 49 alios
919 462 78 49 prae

204 495 118 54 cones
283 495 170 54 Evangelii
413 495 79 54 in
453 495 197 54 communionem
610 495 144 54 salutis
715 495 157 54 admisit.
833 495 92 54 Ita
885 495 118 54 autem
951 495 52 54 ad

199 527 122 50 mittit
284 527 85 50 nos
333 527 73 50 ad
369 527 85 50 sui
418 527 195 50 communionem,
577 527 73 50 ut
613 527 134 50 fructum
711 527 110 50 eorum
784 527 97 50 quae
845 527 97 50 ipso
906 527 110 50 fecit
966 527 37 50 &

194 560 173 58 praestitit,
333 560 184 58 percipiamus,
482 560 81 58 non
528 560 69 58 ut
563 560 138 58 officium
666 560 92 58 quod
724 560 92 58 ipsi
781 560 92 58 soli
839 560 138 58 proprium
931 560 69 58 est.

202 598 122 44 nobis
284 598 190 44 arrogemus.
433 598 95 44 Nos
488 598 82 44 in
529 598 204 44 communionem
692 598 190 44 sacerdotii
841 598 68 44 &
868 598 122 44 regni
936 598 82 44 ejus

203 629 169 47 veninius,
333 629 104 47 quod
398 629 78 47 ad
437 629 143 47 fructum
541 629 65 47 &
567 629 156 47 effectum
684 629 156 47 attinet,
801 629 91 47 non
853 629 104 47 quod
918 629 78 47 ad
944 629 65 47 mu¬-

195 661 84 50 nus
243 661 60 50 &
267 661 157 50 officium,
388 661 84 50 quo
436 661 109 50 solus
508 661 96 50 ipse
569 661 157 50 fuugitur.
689 661 84 50 Nec
738 661 96 50 enim
798 661 169 50 sacerdotes
919 661 96 50 sumus,

194 694 70 46 ut
229 694 82 46 vel
276 694 117 46 corpus
357 694 140 46 Christi,
462 694 82 46 vel
509 694 82 46 nos
556 694 105 46 ipsos
625 694 151 46 offeramus
742 694 82 46 pro
789 694 163 46 redemtione
905 694 105 46 generis

198 728 143 44 humani:
302 728 117 44 neque
380 728 117 44 Reges
459 728 130 44 sumus,
550 728 78 44 ut
589 728 130 44 populo
680 728 91 44 Dei
732 728 182 44 imperemus.
876 728 91 44 Sic
915 728 104 44 membra

194 763 164 43 ndhaerent
321 763 139 43 capiti,
422 763 76 43 ut
460 763 76 43 ab
497 763 76 43 eo
535 763 177 43 percipiant
674 763 139 43 sensum,
775 763 126 43 motum,
864 763 139 43 vigorem
952 763 63 43 om¬-

212 805 110 43 nem,
281 805 151 43 tanquam
391 805 151 43 effecta
501 805 69 43 &
528 805 151 43 fructus
638 805 165 43 capitis:
762 805 110 43 ipsa
830 805 124 43 tamen
899 805 110 43 membra

200 828 163 60 propterea
326 828 88 60 nec
376 828 113 60 sunt,
451 828 88 60 nec
501 828 100 60 dici
564 828 138 60 possunt
664 828 125 60 caput,
752 828 88 60 nec
802 828 138 60 officio
890 828 125 60 capitis,

208 870 170 40 quantumvis
341 870 182 40 praestantia
487 870 109 40 sint,
560 870 170 40 funguntur.
693 870 170 40 Quapropter
827 870 134 40 etiamsi
912 870 97 40 Paulus

215 904 68 35 de
249 904 68 35 se
283 904 102 35 dicat
351 904 91 35 quae
408 904 113 35 Actor.
487 904 113 35 13147.
566 904 57 35 &
589 904 91 35 Rom.
646 904 79 35 11.
691 904 68 35 v.
725 904 68 35 14
759 904 148 35 leguntur:
873 904 102 35 tamen
930 904 79 35 titu¬-

199 930 85 43 lum
247 930 181 43 Salvatoris,
392 930 97 43 ideo
453 930 97 43 sibi
513 930 85 43 non
561 930 266 43 arrogatineatitulum
791 930 181 43 Salvatoris,
923 930 85 43 Timo¬-

198 972 99 39 theo
260 972 87 39 aut
309 972 161 39 Barnabae,
433 972 87 39 aut
483 972 99 39 alii
545 972 136 39 praeter
644 972 149 39 Christum
756 972 149 39 tribuit.
868 972 112 39 Salus
930 972 74 39 enim

201 1005 128 37 aeterna
294 1005 81 37 nec
341 1005 58 37 a
364 1005 116 37 Paulo,
445 1005 81 37 nec
492 1005 58 37 a
515 1005 151 37 Timotheo,
631 1005 81 37 nec
678 1005 58 37 a
701 1005 128 37 Barnaba
794 1005 81 37 aut
840 1005 105 37 aliis
898 1005 105 37 Aposto¬-

203 1029 79 50 tis
248 1029 79 50 vel
293 1029 102 50 aliis
361 1029 181 50 Evangelistis
507 1029 147 50 pendebat,
620 1029 79 50 sed
665 1029 68 50 ab
699 1029 158 50 Evangelio,
823 1029 90 50 quod
880 1029 102 50 illis
936 1029 68 50 com¬-

194 1065 143 46 missum
294 1065 115 46 erat
366 1065 229 46 annunciandum
552 1065 129 46 mundo
638 1065 186 46 vniverso.
782 1065 201 46 Evangelium
925 1065 86 46 enim

196 1098 81 41 est
243 1098 139 41 potentia
347 1098 81 41 Dei
393 1098 69 41 ad
427 1098 127 41 salutem
520 1098 115 41 cuivis
600 1098 150 41 credenti,
716 1098 69 41 ut
751 1098 115 41 Paulus
831 1098 150 41 Apostolus
935 1098 81 41 docet

209 1132 134 45 Roman.
302 1132 67 45 1
329 1132 188 45 versic.16.
477 1132 107 45 Quis
544 1132 121 45 autem
624 1132 94 45 dat
678 1132 94 45 vim
731 1132 67 45 &
758 1132 188 45 efficaciam
892 1132 121 45 praedi¬-

214 1170 122 37 ationi
299 1170 171 37 Evangelii,
434 1170 73 37 ut
471 1170 73 37 eo
507 1170 196 37 convertantur
666 1170 147 37 homines,
777 1170 61 37 &
801 1170 110 37 salvi
874 1170 122 37 fiant?
948 1170 61 37 Num

205 1206 112 38 Paulus
283 1206 56 38 &
305 1206 89 38 alii
361 1206 145 38 Apostoli?
473 1206 123 38 Minime,
562 1206 78 38 sed
607 1206 89 38 Deus
663 1206 101 38 ipse,
730 1206 101 38 sicut
797 1206 112 38 Paulus
875 1206 89 38 ait,
920 1206 89 38 prior¬-

210 1233 63 42 ad
242 1233 148 42 Corinthios
358 1233 63 42 3.
390 1233 95 42 vers.
453 1233 63 42 5,
485 1233 63 42 6,
517 1233 63 42 7.
549 1233 85 42 Quis
601 1233 106 42 igitur
675 1233 74 42 est
718 1233 116 42 Paulus,
802 1233 85 42 quis
855 1233 95 42 autem
908 1233 95 42 Apollo.

199 1265 89 44 nisi
254 1265 133 44 ministri
354 1265 78 44 per
399 1265 89 44 quos
454 1265 178 44 credidistis,
599 1265 56 44 &
621 1265 67 44 ut
654 1265 111 44 cuique
732 1265 122 44 Dominus
821 1265 111 44 dedit?
899 1265 78 44 Ego
932 1265 78 44 plan¬-

211 1302 92 40 tavi,
272 1302 113 40 Apollos
354 1302 123 40 rigavit,
446 1302 72 40 sed
487 1302 82 40 Deus
538 1302 92 40 dedit
600 1302 133 40 crescendi
702 1302 82 40 vim.
753 1302 102 40 Itaque
825 1302 92 40 neque
886 1302 61 40 is
917 1302 72 40 qui
947 1302 72 40 plan¬-

202 1333 91 43 tat,
258 1333 79 43 est
304 1333 136 43 aliquid;
406 1333 102 43 neque
474 1333 79 43 qui
520 1333 114 43 rigat:
599 1333 79 43 sed
644 1333 91 43 Deus
701 1333 79 43 qui
747 1333 79 43 dat
792 1333 148 43 crescendi
905 1333 91 43 vim.
951 1333 68 43 Ergo

201 1369 139 40 Paulus,
303 1369 165 40 Barnabas,
429 1369 165 40 Timotheus
556 1369 63 40 &
581 1369 139 40 Apostoh
683 1369 127 40 salvos
771 1369 127 40 facere
860 1369 139 40 homines
949 1369 63 40 di¬-

208 1398 155 46 cebantur,
327 1398 60 46 &
351 1398 167 46 Salvatores
482 1398 60 46 a
506 1398 143 46 Propheta
614 1398 119 46 Obadia
697 1398 179 46 nominantur,
840 1398 143 46 respectu
947 1398 83 46 Ev¬

205 1434 140 41 angelii,
311 1434 94 41 quod
369 1434 199 41 praedicabant,
533 1434 70 41 ac
568 1434 129 41 proinde
661 1434 70 41 ut
696 1434 140 41 ministri
802 1434 129 41 Christi
895 1434 129 41 vocando
977 1434 35 41 &

203 1476 170 33 adducendo
334 1476 144 33 homines
438 1476 91 33 per
490 1476 235 33 praedicationem
686 1476 170 33 Evangelii
817 1476 78 33 ad
856 1476 144 33 salutem
948 1476 65 33 per

213 1500 158 37 Christum
331 1500 145 37 partam,
436 1500 92 37 non
489 1500 118 37 autem
568 1500 145 37 salutem
673 1500 184 37 comparando
818 1500 92 37 seu
857 1500 158 37 impetrando

218 1532 57 42 a
240 1532 79 42 Deo
286 1532 113 42 Patre,
365 1532 57 42 &
388 1532 170 42 efficaciter
524 1532 102 42 illis
592 1532 170 42 conferendo,
727 1532 91 42 quod
784 1532 136 42 proprium
886 1532 79 42 est
920 1532 102 42 officii

213 1565 135 42 Christi
311 1565 135 42 solius.
409 1565 147 42 Apostoli
519 1565 123 42 igitur
605 1565 61 42 &
630 1565 159 42 praecones
752 1565 159 42 Evangelii
875 1565 98 42 sunt
924 1565 86 42 organ

212 1598 180 38 vocationis
354 1598 141 38 hominum
456 1598 77 38 ad
495 1598 154 38 salutem.
611 1598 77 38 Ac
649 1598 129 38 sancta
739 1598 129 38 quidem
829 1598 129 38 organa
919 1598 90 38 sua
958 1598 64 38 sic

217 1634 130 39 honorat
311 1634 141 39 Dominus,
417 1634 71 39 ut
453 1634 106 39 illis
523 1634 118 39 quodam
606 1634 94 39 modo
665 1634 177 39 effectionem
806 1634 130 39 tribuat
900 1634 82 39 rei
936 1634 82 39 illi¬-

225 1666 78 36 as,
269 1666 89 36 quam
325 1666 89 36 ipse
380 1666 122 36 proprie
469 1666 133 36 efficit,
569 1666 56 36 &
591 1666 89 36 ideo
647 1666 167 36 cooperatios
780 1666 89 36 suos
835 1666 111 36 vocat:
913 1666 78 36 sed
946 1666 67 36 vni¬-

223 1699 83 39 cam
271 1699 143 39 virtutem
378 1699 95 39 suam
438 1699 72 39 in
473 1699 107 39 illis
545 1699 95 39 vult
605 1699 143 39 agnosci:
712 1699 72 39 ut
748 1699 95 39 quum
807 1699 131 39 dicitur
891 1699 131 39 gloriosus

224 1732 87 42 Deus
279 1732 65 42 in
311 1732 120 42 sanctis
399 1732 98 42 suis,
464 1732 65 42 ad
497 1732 98 42 ipsum
562 1732 87 42 unum
617 1732 87 42 laus
671 1732 55 42 &
693 1732 109 42 gloria
769 1732 120 42 salutis
856 1732 120 42 nostrae
933 1732 76 42 refe¬-

209 1763 122 41 ratur.
294 1763 97 41 Unde
355 1763 110 41 etiam
428 1763 97 41 nemo
489 1763 158 41 Apostolos
611 1763 158 41 vocaverit
733 1763 171 41 Salvatores
867 1763 134 41 nostros
964 1763 85 41 hoc

217 1797 119 52 sensu,
301 1797 83 52 qui
348 1797 155 52 meritorum
467 1797 119 52 suorum
551 1797 203 52 intercessione
718 1797 60 52 &
742 1797 155 52 efficacia
861 1797 83 52 sua
909 1797 83 52 nos
944 1797 72 52 sal¬

204 1836 84 37 vent.

236 1841 131 60 Deinde,
331 1841 107 60 dato,
403 1841 83 60 sed
450 1841 83 60 non
498 1841 143 60 concesto
605 1841 179 60 assumtionem
748 1841 107 60 veram
820 1841 107 60 esse,
891 1841 107 60 tamen
950 1841 60 60 nul

217 1898 69 38 la
252 1898 104 38 esset
321 1898 127 38 connexi
413 1898 196 38 consequentia:
575 1898 92 38 quia
633 1898 69 38 ut
667 1898 127 38 publica
759 1898 150 38 Evangelii
863 1898 150 38 praedicatio

213 1940 169 30 mulieribus
346 1940 145 30 commissa
454 1940 85 30 non
503 1940 109 30 fuit,
575 1940 109 30 atque
648 1940 85 30 ita
696 1940 85 30 nec
744 1940 133 30 Mariae:
841 1940 85 30 ita
877 1940 145 30 argumentum

210 1965 74 37 ab
247 1965 161 37 Apostolis
371 1965 62 37 &
395 1965 198 37 Evangelistis
556 1965 124 37 ductum
643 1965 74 37 ad
680 1965 124 37 Mariam
767 1965 124 37 nullum
841 1965 74 37 est.

243 1990 159 47 REPLICANT
365 1990 147 47 Papistae
475 1990 98 47 duo:
536 1990 110 47 Prius
609 1990 98 47 est,
670 1990 147 47 Christum
780 1990 110 47 solum
841 1990 171 47 originaliter

218 2029 89 53 esse
274 2029 167 53 Salvatorem:
408 2029 145 53 Posterius
519 2029 89 53 est,
575 2029 112 53 Mariam
653 2029 134 53 Virginem
753 2029 112 53 multos
831 2029 134 53 potuisse
921 2029 89 53 priva¬-

214 2063 81 37 tim
261 2063 81 37 sua
307 2063 139 37 doctrina
411 2063 58 37 &
434 2063 104 37 vitae
504 2063 127 37 exemplo
596 2063 69 37 ad
631 2063 127 37 salutem
712 2063 127 37 adducere.

244 2093 119 46 RESPON
327 2093 95 46 Quod
387 2093 71 46 ad
422 2093 107 46 prius
493 2093 142 46 attinet:
600 2093 142 46 Christus
707 2093 83 46 sic
755 2093 131 46 origine
850 2093 83 46 est
885 2093 119 46 Salvator

211 2129 68 40 ut
245 2129 102 40 etiam
313 2129 79 40 sit
358 2129 148 40 perfector
472 2129 204 40 consummatorque
642 2129 136 40 salutis,
744 2129 102 40 sicut
812 2129 113 40 Paulus
892 2129 102 40 dicit
948 2129 57 40 Co¬-

218 2164 94 34 loss.
280 2164 63 34 2.
312 2164 73 34 10.
353 2164 94 34 Estis
416 2164 63 34 in
447 2164 63 34 eo
479 2164 146 34 consummati
593 2164 73 34 qui
635 2164 73 34 est
677 2164 94 34 caput
740 2164 94 34 omnis
802 2164 115 34 imperii
886 2164 63 34 ac
907 2164 104 34 potesta¬-

209 2198 94 34 tis:
268 2198 176 34 quemadmodum
409 2198 59 34 &
433 2198 106 34 fidei
503 2198 165 34 salvificae
633 2198 82 34 dux
680 2198 59 34 &
703 2198 176 34 consummator
844 2198 94 34 est,
903 2198 71 34 ut
927 2198 82 34 dicit

212 2232 80 41 tur
257 2232 102 41 Hebr.
325 2232 80 41 12.
371 2232 68 41 v.
405 2232 68 41 2.
439 2232 91 41 Ipse
496 2232 114 41 igitur
576 2232 91 41 unus
633 2232 80 41 est
678 2232 137 41 Redemtor
781 2232 68 41 ac
815 2232 148 41 Salvator.
929 2232 91 41 Quod
974 2232 46 41 ad

201 2264 149 38 posterius
315 2264 137 38 attinet,
418 2264 69 38 ex
452 2264 69 38 eo
486 2264 80 38 non
532 2264 149 38 sequitur,
647 2264 114 38 Mariam
727 2264 114 38 matrem
807 2264 126 38 Christi
898 2264 103 38 recte
955 2264 46 38 di

208 2297 70 34 ci
243 2297 187 34 Salvatricem,
395 2297 93 34 quia
453 2297 152 34 potuerunt
570 2297 58 34 &
593 2297 105 34 aliae
663 2297 93 34 piae
721 2297 140 34 mulieres
826 2297 117 34 multos
896 2297 117 34 privatim

202 2330 80 38 sua
247 2330 137 38 doctrina
350 2330 57 38 &
373 2330 103 38 vitae
442 2330 126 38 exemplo
534 2330 69 38 ad
568 2330 126 38 salutem
660 2330 149 38 adducere,
774 2330 69 38 an
809 2330 92 38 ideo
855 2330 160 38 salvatrices.

208 2360 148 43 dicentur?
321 2360 102 43 Nonne
390 2360 114 43 Paulus
469 2360 68 43 ad
503 2360 125 43 quosvis
594 2360 125 43 fideles
685 2360 102 43 dicit
754 2360 68 43 1.
788 2360 137 43 Corinth.
890 2360 68 43 7.
913 2360 91 43 versic

217 2397 76 44 16.
260 2397 86 44 Unde
314 2397 86 44 enim
368 2397 86 44 seis
422 2397 119 44 mulier,
509 2397 65 44 si
541 2397 97 44 virum
606 2397 108 44 salvum
681 2397 119 44 facies?
768 2397 76 44 aut
811 2397 86 44 unde
865 2397 86 44 scis
919 2397 86 44 vir,
973 2397 65 44 si

213 2423 141 43 multerem
319 2423 118 43 salvam
390 2423 106 43 facies;

242 2461 198 41 TREPLICANT:
400 2461 119 41 Maria
479 2461 119 41 omnes
558 2461 119 41 alias
638 2461 158 41 mulieres
756 2461 198 41 antecellit.
901 2461 106 41 RESPON

210 2487 78 58 Non
254 2487 134 58 sufficit
355 2487 89 58 haec
410 2487 201 58 praecellentia,
578 2487 67 58 ut
611 2487 134 58 officium
711 2487 56 58 &
734 2487 100 58 nomen
800 2487 123 58 Christo
890 2487 89 58 soli
934 2487 67 58 com¬-

207 2532 128 37 petens,
301 2532 70 37 ei
336 2532 128 37 commune
429 2532 93 37 esse
476 2532 105 37 possit.

249 2556 127 50 NSTANT.
342 2556 81 50 Qui
388 2556 104 50 alios
457 2556 127 50 salvat,
549 2556 81 50 est
595 2556 104 50 eorum
664 2556 150 50 Salvator:
779 2556 104 50 Servi
848 2556 127 50 Christi
928 2556 81 50 alios

201 2590 139 40 salvant:
306 2590 93 40 Ergo
364 2590 93 40 sunt
422 2590 105 40 eorum
480 2590 151 40 Salvatores.

232 2621 141 45 RESPON.
335 2621 77 45 Ex
374 2621 180 45 coniugatis
515 2621 154 45 ambiguis
631 2621 141 45 vitlosa
733 2621 90 45 est
785 2621 218 45 argumentatio.
952 2621 64 45 Nam

195 2655 130 42 salvare
290 2655 130 42 dicitur
384 2655 71 42 in
419 2655 153 42 Scriptura
537 2655 118 42 multis
620 2655 118 42 modis,
702 2655 71 42 ut
738 2655 59 42 &
761 2655 153 42 Salvator.
879 2655 83 42 Nam
915 2655 94 42 salva¬-

198 2697 70 35 re
233 2697 81 35 non
280 2697 116 35 tantum
361 2697 93 35 est,
419 2697 81 35 sua
466 2697 198 35 satisfactione
628 2697 58 35 &
652 2697 116 35 merito
733 2697 128 35 cripere
826 2697 58 35 e
849 2697 105 35 morte
907 2697 105 35 aeterna

201 2724 61 38 &
225 2724 110 38 vitam
299 2724 147 38 aeternam
409 2724 61 38 a
433 2724 86 38 Deo
482 2724 208 38 impetraressed
654 2724 110 38 etiam
727 2724 86 38 per
776 2724 220 38 praedicationem
948 2724 61 38 Ev¬-

205 2764 134 34 angelii
302 2764 73 34 ad
338 2764 134 34 salutis
435 2764 61 34 a
460 2764 134 34 Christo
557 2764 170 34 comparatae
690 2764 182 34 communionem
836 2764 134 34 vocare,
933 2764 61 34 q
945 2764 61 34 1ve

200 2794 102 47 sensu
268 2794 114 47 Paulus
347 2794 80 47 hoc
393 2794 102 47 verbo
461 2794 114 47 utitur
541 2794 114 47 Roman.
620 2794 80 47 11.
666 2794 125 47 versic.
757 2794 80 47 14.
802 2794 68 47 1.
836 2794 125 47 Timoth.
927 2794 68 47 4.
950 2794 57 47 16.

195 2828 66 45 Et
228 2828 111 45 sancta
306 2828 155 45 severitate
428 2828 155 45 absterrere
550 2828 66 45 ab
583 2828 133 45 interitu
683 2828 166 45 sempiterno,
816 2828 100 45 sicut
882 2828 100 45 Iudas
949 2828 66 45 in
971 2828 44 45 e¬-

205 2864 118 42 pistola
291 2864 75 42 sua
334 2864 140 42 Catholica
442 2864 118 42 versic.
528 2864 75 42 25,
571 2864 86 42 ait;
625 2864 97 42 Illos
690 2864 86 42 vero
744 2864 129 42 salvate,
841 2864 65 42 de
873 2864 86 42 igne
916 2864 97 42 rapien¬-

197 2899 90 39 tes.
253 2899 135 39 Salvator
354 2899 112 39 itidem
432 2899 146 39 δμεογυμως
544 2899 135 39 dicitur:
645 2899 78 39 vel
690 2899 123 39 proprie
780 2899 67 39 de
813 2899 90 39 Deo,
869 2899 67 39 ut
903 2899 56 39 &
926 2899 67 39 de
948 2899 56 39 Do¬-

203 2928 89 37 mino
259 2928 89 37 Jesu
314 2928 134 37 Christo:
414 2928 78 37 vel
459 2928 134 37 figurate
559 2928 67 37 de
593 2928 156 37 hominibus,
715 2928 111 37 iisque
793 2928 78 37 vel
838 2928 100 37 typis
905 2928 134 37 Salvato¬

191 2965 85 38 ris
239 2965 133 38 Christi
336 2965 169 38 exhibendi,
469 2965 85 38 qui
518 2965 61 38 a
542 2965 85 38 Deo
590 2965 145 38 excitati
699 2965 145 38 fuerunt,
808 2965 73 38 ut
845 2965 133 38 populum
941 2965 85 38 Dei
978 2965 36 38 a

205 2995 139 41 periculis
312 2995 75 41 vel
355 2995 128 41 hostibus
451 2995 160 41 liberatent,
579 2995 107 41 veluti
654 2995 107 41 Genes.
729 2995 75 41 41.
772 2995 118 41 versic.
857 2995 75 41 45.
900 2995 107 41 Iudic.
964 2995 43 41 3.

217 3028 109 40 pesic.
293 3028 76 40 19.
337 3028 65 40 2.
369 3028 87 40 Reg.
424 3028 76 40 13.
467 3028 65 40 v.
500 3028 65 40 5.
532 3028 109 40 Nehem.
609 3028 65 40 9.
641 3028 98 40 vers.
706 3028 76 40 27.
750 3028 76 40 vel
793 3028 163 40 administris
913 3028 87 40 saluti

1041 3200 83 50 Nam
1088 3200 83 50 qui
1136 3200 118 50 potest
1218 3200 94 50 ille
1277 3200 94 50 vere
1336 3200 94 50 disi
1396 3200 154 50 Mediator,
1514 3200 83 50 qui
1561 3200 94 50 ipse
1620 3200 142 50 Mediator
1726 3200 106 50 eget,
1785 3200 83 50 velus

217 3065 115 38 pstrae
297 3065 138 38 aeternae
400 3065 80 38 per
446 3065 149 38 doctrinam
561 3065 149 38 Evangelii
676 3065 69 38 de
710 3065 126 38 Christo
802 3065 80 38 jam
848 3065 149 38 exhibito,
963 3065 69 38 ut

219 3097 119 37 badiae
302 3097 83 37 vel
350 3097 119 37 Abdiae
433 3097 154 37 versiculo
552 3097 131 37 ultimo:
647 3097 71 37 Et
682 3097 166 37 adscendent
813 3097 166 37 Salvatores
932 3097 71 37 (seu

211 3134 167 39 revatores)
342 3134 71 39 in
378 3134 119 39 montem
461 3134 143 39 Tzionis,
568 3134 71 39 ad
604 3134 155 39 iudicandu
723 3134 59 39 n
746 3134 119 39 montem
830 3134 119 39 Esavit
913 3134 59 39 &
925 3134 83 39 erit,

184 3166 74 38 ad
221 3166 74 38 va
257 3166 135 38 regnum.
355 3166 147 38 Christus
466 3166 86 38 est
515 3166 159 38 Salvator,
637 3166 135 38 salutem
735 3166 110 38 nobis
809 3166 135 38 merendo
907 3166 61 38 &
919 3166 86 38 effi¬-

184 3197 134 37 coriter
281 3197 182 37 conferendo:
427 3197 146 37 Apostoli
536 3197 134 37 fuerunt
633 3197 182 37 Salvatores,
779 3197 134 37 salutem
876 3197 61 37 a
888 3197 109 37 Christo

1039 141 137 62 partam
1135 141 205 62 annunciando
1299 141 96 62 per
1353 141 177 62 Evangelii
1490 141 259 62 praedicationem.
1708 141 123 62 Marla
1776 141 96 62 autem

1040 197 125 38 neutro
1128 197 100 38 modo
1191 197 163 38 salvatrix
1316 197 100 38 dici
1378 197 138 38 potest:
1478 197 88 38 nam
1528 197 100 38 illa
1591 197 138 38 salutem
1691 197 150 38 aeternam
1791 197 75 38 nobi

1046 229 91 37 nec
1098 229 143 37 meruit,
1202 229 91 37 nec
1254 229 156 37 conferre
1370 229 143 37 potest;
1474 229 65 37 &
1500 229 130 37 munere
1591 229 143 37 docendi
1694 229 182 37 Euangelium
1824 229 52 37 in

1047 260 138 38 Ecclesia
1150 260 115 38 functa
1231 260 81 38 non
1265 260 69 38 est.

1088 289 109 56 Manet
1161 289 121 56 igitur
1246 289 109 56 fixum
1319 289 170 56 firmumque,
1452 289 109 56 solum
1525 289 146 56 Christum
1634 289 97 56 esse
1695 289 121 56 Jesum,
1780 289 73 56 id
1804 289 73 56 est,

1046 330 180 49 Salvatorem
1188 330 142 49 nostrum
1291 330 77 49 eo
1329 330 103 49 modo
1394 330 90 49 quo
1445 330 180 49 explicatum
1574 330 77 49 est,

1167 387 120 65 Haec
1242 387 90 65 de
1287 387 135 65 primo
1377 387 120 65 fine
1452 387 225 65 Mediationis
1616 387 150 65 Christi.

1090 454 96 43 Finis
1154 454 117 43 ultimus
1239 454 74 43 est
1281 454 106 43 gloria
1356 454 74 43 Dei
1398 454 117 43 Patris,
1483 454 64 43 ut
1515 454 117 43 docetur
1600 454 85 43 Joh.
1653 454 74 43 17.
1696 454 64 43 1.
1727 454 96 43 Iesus
1791 454 106 43 dixit:

1051 489 97 46 Pater
1116 489 141 46 glorifica
1224 489 108 46 Filium
1300 489 97 46 tuum,
1365 489 65 46 ut
1397 489 54 46 &
1419 489 65 46 te
1451 489 108 46 Filius
1527 489 87 46 taus
1581 489 162 46 glorificet.
1711 489 65 46 Et
1743 489 97 46 vers.
1808 489 65 46 4.
1830 489 43 46 E¬-

1053 532 67 41 go
1086 532 67 41 te
1120 532 168 41 glorificavi
1254 532 67 41 in
1288 532 112 41 terra:
1366 532 90 41 opus
1422 532 157 41 consummavi
1545 532 90 41 quod
1601 532 123 41 dedisti
1691 532 90 41 mihi
1747 532 67 41 ut
1769 532 101 41 facerem

1184 566 511 70 CAPTTIIII

1075 637 90 69 In
1120 637 105 69 quo
1180 637 165 69 docetur
1300 637 75 69 &
1330 637 210 69 defenditur
1496 637 120 69 quod
1571 637 135 69 solus
1661 637 180 69 Christus
1781 637 75 69 sit

1224 691 220 57 Mediator
1388 691 183 57 noster
1517 691 146 57 apud
1590 691 128 57 Deum.

1100 761 110 44 ORRO
1169 761 124 44 solus
1252 761 124 44 Iesus
1334 761 165 44 Christus
1458 761 96 44 est
1513 761 165 44 Mediator
1637 761 96 44 Dei
1692 761 69 44 &
1720 761 165 44 hominum;
1830 761 55 44 ut

1101 804 161 46 sequentia
1225 804 87 46 cum
1274 804 112 46 dicta
1349 804 186 46 Scripturae,
1498 804 87 46 tum
1547 804 99 46 alia
1609 804 161 46 argumenta
1733 804 99 46 bona
1783 804 99 46 conse¬-

1112 833 116 42 quentia
1197 833 53 42 e
1218 833 105 42 sacris
1291 833 116 42 literis
1376 833 116 42 petita,
1449 833 116 42 evincunt.

1094 850 100 55 Dicta
1160 850 155 55 Scripturae
1282 850 89 55 sunt
1338 850 100 55 haec,
1404 850 111 55 Iohan.
1481 850 78 55 14.
1526 850 100 55 vers.
1592 850 66 55 6.
1625 850 78 55 Ego
1670 850 78 55 sum
1714 850 89 55 via,
1769 850 122 55 veritas
1847 850 33 55 &

1056 895 106 42 vitai
1127 895 94 42 nemo
1185 895 106 42 venit
1256 895 70 42 ad
1291 895 117 42 Patrem
1373 895 94 42 nisi
1431 895 82 42 per
1478 895 82 42 me.
1525 895 70 42 1.
1560 895 129 42 Timoth.
1654 895 70 42 2.
1689 895 70 42 v.
1725 895 70 42 5.
1760 895 94 42 Unus
1807 895 70 42 enim

1056 934 111 37 Deus,
1130 934 98 37 unus
1191 934 111 37 etiam
1265 934 148 37 mediator
1376 934 86 37 Dei
1425 934 62 37 &
1450 934 148 37 hominum,
1560 934 98 37 homo
1622 934 148 37 Christus
1721 934 98 37 Iesus.

1089 961 164 41 Argumenta
1215 961 101 41 alia
1278 961 101 41 haec
1341 961 113 41 sunt:
1417 961 138 41 PRIMUM.
1517 961 88 41 Pet
1567 961 113 41 cuius
1643 961 126 41 solius
1731 961 113 41 nomen
1794 961 88 41 salu¬-

1062 1001 92 34 tem
1114 1001 158 34 aeternam
1233 1001 210 34 consequimur,
1403 1001 79 34 is
1443 1001 118 34 solus
1521 1001 92 34 est
1574 1001 158 34 Mediator
1692 1001 92 34 Dei
1745 1001 66 34 &
1758 1001 118 34 hominum

1061 1030 113 38 Atqui
1137 1030 88 38 per
1187 1030 126 38 solius
1275 1030 100 38 Iesu
1338 1030 138 38 Christi
1438 1030 113 38 nomen
1513 1030 138 38 salutem
1614 1030 151 38 aeternam
1714 1030 176 38 consequimur:

1056 1065 70 37 ut
1091 1065 104 37 patet
1161 1065 70 37 ex
1196 1065 116 37 Actor.
1277 1065 81 37 cap
1323 1065 70 37 4.
1358 1065 70 37 v.
1393 1065 81 37 10,
1439 1065 81 37 11,
1485 1065 81 37 12.
1532 1065 104 37 Notum
1601 1065 81 37 sit
1648 1065 128 37 omnibus
1740 1065 116 37 vobis,
1821 1065 58 37 &
1833 1065 58 37 to¬-

1067 1099 56 41 i
1089 1099 113 41 populo
1168 1099 113 41 Israel
1247 1099 79 41 per
1292 1099 101 41 nomen
1360 1099 90 41 Iesu
1416 1099 124 41 Christi
1506 1099 146 41 Nazareni,
1619 1099 90 41 quem
1675 1099 79 41 vos
1709 1099 180 41 crucifixistis,

1050 1131 96 43 quem
1110 1131 96 43 Deus
1170 1131 156 43 excitavit
1290 1131 60 43 a
1314 1131 144 43 mortuis,
1422 1131 84 43 per
1470 1131 84 43 hoc
1517 1131 120 43 inquam
1601 1131 108 43 istum
1673 1131 132 43 adstare
1769 1131 72 43 in
1793 1131 96 43 vestro

1063 1167 140 35 conspectu
1171 1167 107 35 sannm.
1246 1167 75 35 Hic
1289 1167 75 35 est
1332 1167 97 35 lapis
1396 1167 97 35 ille,
1460 1167 75 35 qui
1503 1167 75 35 pro
1546 1167 107 35 nihilo
1621 1167 118 35 habitus
1707 1167 54 35 a
1729 1167 97 35 vobis
1782 1167 97 35 aedifi.

1057 1196 147 39 cantibus,
1170 1196 79 39 qui
1215 1196 113 39 factus
1294 1196 79 39 est
1340 1196 102 39 caput
1408 1196 125 39 anguli:
1498 1196 68 39 Et
1532 1196 79 39 non
1577 1196 79 39 est
1623 1196 68 39 in
1657 1196 91 39 alio
1713 1196 125 39 quoquam
1792 1196 91 39 salus;

1054 1232 78 42 nec
1098 1232 89 42 enim
1154 1232 100 42 aliud
1221 1232 100 42 nomen
1288 1232 78 42 est
1333 1232 78 42 sub
1378 1232 100 42 caelo
1445 1232 89 42 quod
1500 1232 100 42 datum
1567 1232 78 42 sit
1612 1232 100 42 inter
1679 1232 134 42 homines,
1780 1232 78 42 per
1813 1232 67 42 quod

1059 1263 140 42 oporteat
1164 1263 82 42 nos
1211 1263 140 42 servari.
1316 1263 93 42 Ergo
1374 1263 105 42 solus
1444 1263 105 42 Iesus
1513 1263 140 42 Christus
1618 1263 82 42 est
1665 1263 140 42 Mediator
1770 1263 82 42 Dei
1816 1263 58 42 &
1828 1263 58 42 ho¬

1040 1301 117 35 minum.

1089 1332 180 39 SECUNDUM.
1227 1332 180 39 Quicunque
1366 1332 180 39 definitus
1504 1332 97 39 est
1559 1332 69 39 a
1587 1332 97 39 Deo
1642 1332 124 39 judex
1725 1332 152 39 vivorum
1822 1332 55 39 ad

1056 1366 175 33 mortuorum,
1193 1366 87 33 cui
1243 1366 112 33 etiam
1318 1366 112 33 omnes
1392 1366 162 33 Prophetae
1517 1366 187 33 testimonium
1667 1366 112 33 dant,
1742 1366 162 33 remissio¬

1055 1402 88 38 nem
1106 1402 176 38 peccatorum
1244 1402 176 38 accepturum
1382 1402 88 38 per
1433 1402 113 38 nomen
1508 1402 101 38 eius
1571 1402 138 38 quemvis
1671 1402 88 38 qui
1722 1402 189 38 crediderit:

1053 1433 73 41 in
1089 1433 97 41 eum,
1150 1433 73 41 is
1186 1433 85 41 est
1234 1433 145 41 Mediator
1343 1433 85 41 Dei
1392 1433 61 41 &
1416 1433 145 41 hominum:
1525 1433 85 41 Sed
1573 1433 109 41 solus
1646 1433 109 41 Iesus
1719 1433 145 41 Christus
1815 1433 61 41 de¬-

1053 1466 142 40 finitus
1157 1466 91 40 est
1208 1466 65 40 a
1234 1466 91 40 Deo
1286 1466 116 40 index
1364 1466 142 40 vivorum
1467 1466 78 40 ac
1506 1466 181 40 mortuorum,
1648 1466 103 40 huic
1713 1466 116 40 etiam
1778 1466 103 40 omnes.

1052 1503 172 36 Prophetae
1184 1503 199 36 testimonium
1343 1503 119 36 dant,
1423 1503 199 36 remissionem
1582 1503 185 36 peccatorum
1714 1503 159 36 accepturum

1067 1534 81 39 per
1113 1534 104 39 nomen
1182 1534 92 39 eius
1239 1534 127 39 quemvis
1331 1534 81 39 qui
1377 1534 161 39 crediderit
1504 1534 69 39 in
1538 1534 92 39 eum,
1596 1534 115 39 Actor.
1676 1534 81 39 10.
1722 1534 104 39 vers.
1791 1534 81 39 42,
1826 1534 58 39 43.

1056 1566 83 41 Huc
1104 1566 107 41 etiam
1175 1566 143 41 pertinet
1283 1566 95 41 quod
1342 1566 131 41 dicitur
1438 1566 119 41 Actor.
1521 1566 83 41 17.
1569 1566 107 41 vers.
1640 1566 83 41 31.
1688 1566 72 41 Eb
1724 1566 95 41 quod
1772 1566 107 41 statuit

1063 1600 93 42 diem
1122 1600 81 42 quo
1168 1600 105 42 iuste
1238 1600 175 42 iudicaturus
1378 1600 81 42 est
1424 1600 105 42 orbem
1494 1600 151 42 terrarum,
1610 1600 81 42 per
1657 1600 81 42 eum
1703 1600 105 42 virum
1773 1600 93 42 quem
1820 1600 58 42 de¬-

1057 1632 117 42 finiit,
1143 1632 85 42 fide
1196 1632 96 42 palam
1260 1632 96 42 facta
1324 1632 128 42 omnibus,
1420 1632 85 42 illo
1473 1632 53 42 a
1494 1632 117 42 mortuis
1580 1632 139 42 excitato.
1686 1632 96 42 Ergo,
1740 1632 53 42 &c.

1101 1662 153 43 TERTIUM.
1216 1662 115 43 Solus
1293 1662 179 43 unigenitus
1433 1662 89 43 Dei
1484 1662 140 43 Filius,
1586 1662 89 43 est
1637 1662 153 43 Mediator
1752 1662 89 43 Dei
1803 1662 64 43 &
1815 1662 64 43 ho¬-

1063 1701 119 50 minum:
1146 1701 71 50 At
1182 1701 107 50 solus
1253 1701 107 50 Iesus
1325 1701 143 50 Christus
1432 1701 83 50 est
1479 1701 167 50 unigenitus
1610 1701 83 50 Dei
1658 1701 131 50 Filius:
1753 1701 107 50 Ergo,
1813 1701 59 50 &c.

1093 1739 136 34 Maiorem
1192 1739 211 34 propositionem
1365 1739 136 34 probant
1464 1739 161 34 sequentes
1576 1739 136 34 rationes.

1093 1765 69 39 I.
1128 1765 92 39 Quia
1186 1765 92 39 quum
1243 1765 115 39 Adamus
1324 1765 81 39 qui
1370 1765 150 39 creatione
1485 1765 115 39 filius
1566 1765 81 39 Dei
1612 1765 104 39 erat,
1681 1765 69 39 ut
1716 1765 69 39 ex
1750 1765 92 39 Luc.
1808 1765 69 39 3.
1831 1765 46 39 v.

1054 1804 94 37 ult.
1113 1804 129 37 liquet,
1207 1804 59 37 a
1230 1804 82 37 Deo
1277 1804 141 37 Creatore
1382 1804 59 37 &
1406 1804 105 37 Patre
1476 1804 82 37 suo
1523 1804 82 37 per
1570 1804 222 37 transgressionem
1745 1804 129 37 praecept.

1062 1830 169 46 defecisset,
1197 1830 56 46 &
1220 1830 68 46 in
1254 1830 68 46 se
1287 1830 102 46 totam
1355 1830 181 46 posteritatem
1502 1830 90 46 suam
1558 1830 56 46 a
1581 1830 79 46 Deo
1626 1830 169 46 alienasset;
1761 1830 79 46 non
1795 1830 79 46 pote¬-

1054 1868 82 33 rat
1101 1868 117 33 iterum
1183 1868 105 33 uniri
1253 1868 82 33 cum
1299 1868 93 33 Deo,
1358 1868 58 33 &
1381 1868 117 33 rursum
1463 1868 117 33 filius
1545 1868 82 33 Dei
1591 1868 117 33 fieri,
1673 1868 93 33 nisi
1731 1868 82 33 per
1766 1868 117 33 proprium

1063 1899 77 39 Dei
1107 1899 122 39 Filium,
1196 1899 77 39 hoc
1240 1899 89 39 est,
1295 1899 77 39 qui
1340 1899 122 39 aeterna
1428 1899 155 39 nativitate
1550 1899 111 39 Filius
1627 1899 77 39 Dei
1672 1899 89 39 est,
1727 1899 55 39 &
1749 1899 77 39 qui
1782 1899 89 39 absqui

1059 1939 97 35 ulla
1120 1939 158 35 mutatione
1242 1939 97 35 suae
1302 1939 146 35 personae
1412 1939 146 35 divinae,
1522 1939 97 35 quam
1583 1939 97 35 quia
1643 1939 110 35 nobis
1704 1939 183 35 immutabilita¬-

1056 1973 83 33 tem
1104 1973 131 33 afferre
1199 1973 131 33 debuit,
1294 1973 179 33 immutabilem
1437 1973 119 33 manere
1521 1973 131 33 necesse
1616 1973 107 33 erat,
1687 1973 107 33 simul
1759 1973 119 33 filius
1830 1973 60 33 ho¬-

1053 2002 110 36 minis
1126 2002 73 36 in
1163 2002 110 36 eadem
1236 2002 135 36 persona
1334 2002 122 36 esset.
1420 2002 135 36 Servari
1518 2002 61 36 &
1542 2002 147 36 haeredes
1652 2002 147 36 caelorum
1763 2002 110 36 fieri
1824 2002 61 36 non

1064 2031 160 37 poteramus,
1189 2031 91 37 nisi
1246 2031 103 37 filii
1315 2031 80 37 Dei
1360 2031 148 37 fieremus:
1475 2031 68 37 id
1509 2031 103 37 autem
1577 2031 91 37 nisi
1634 2031 80 37 per
1680 2031 114 37 Filium
1760 2031 80 37 Dei
1794 2031 80 37 obti¬-

1058 2063 103 48 nere
1123 2063 91 48 non
1174 2063 181 48 valebamus,
1317 2063 116 48 cuius
1394 2063 142 48 fratres
1498 2063 65 48 &
1524 2063 181 48 cohaeredes
1666 2063 116 48 facti
1744 2063 129 48 sumus.
1821 2063 65 48 Quo

1063 2104 138 30 pertinet
1166 2104 92 30 quod
1224 2104 127 30 dicitur
1316 2104 115 30 Iohan.
1396 2104 69 30 1.
1431 2104 104 30 vers.
1500 2104 81 30 12.
1546 2104 138 30 Quotquot
1649 2104 81 30 eum
1695 2104 173 30 exceperunt,
1822 2104 58 30 de¬-

1064 2131 74 37 dit
1107 2131 74 37 eis
1149 2131 74 37 hoc
1191 2131 74 37 ius
1233 2131 63 37 ut
1265 2131 95 37 filii
1328 2131 74 37 Dei
1370 2131 84 37 sint
1423 2131 106 37 facti,
1497 2131 95 37 nempe
1560 2131 74 37 iis
1603 2131 74 37 qui
1645 2131 116 37 credunt
1729 2131 63 37 in
1761 2131 95 37 nomen
1814 2131 63 37 eius

1066 2167 81 47 Hoc
1113 2167 162 47 argumentum
1240 2167 162 47 insigniter
1368 2167 128 47 tractat
1461 2167 116 47 Paulus
1542 2167 104 47 Hebr.
1611 2167 70 47 2.
1646 2167 70 47 v.
1681 2167 81 47 10.
1727 2167 58 47 &
1750 2167 93 47 seq.
1797 2167 81 47 usque

1067 2196 68 38 ad
1089 2196 79 38 finem

1089 2225 83 43 II.
1137 2225 95 43 Quia
1196 2225 95 43 ipse
1256 2225 83 43 est
1304 2225 155 43 sapientia
1423 2225 95 43 illa
1483 2225 143 43 aeterna,
1590 2225 83 43 per
1638 2225 95 43 quam
1697 2225 107 43 totus
1769 2225 119 43 mundus
1840 2225 36 43 &

1055 2260 75 39 in
1093 2260 75 39 eo
1131 2260 100 39 homo
1193 2260 138 39 creatus
1293 2260 100 39 est:
1356 2260 150 39 decuerat
1469 2260 100 39 ergo
1531 2260 125 39 eundem
1619 2260 113 39 fieri
1694 2260 138 39 hominem
1794 2260 75 39 ad
1819 2260 63 39 ho¬-

1053 2300 108 33 minem
1125 2300 179 33 recreandum.
1268 2300 96 33 Unde
1328 2300 120 33 Paulus
1412 2300 108 33 dicit
1483 2300 120 33 Ephes.
1567 2300 72 33 2.
1603 2300 108 33 vers.
1675 2300 84 33 10.
1723 2300 120 33 Ipsius
1794 2300 84 33 sumus

1067 2335 96 40 ipus,
1131 2335 117 40 conditi
1217 2335 64 40 in
1249 2335 117 40 Christo
1334 2335 85 40 Iesu
1387 2335 64 40 ad
1419 2335 96 40 opera
1484 2335 96 40 bona.
1548 2335 85 40 Gal.
1601 2335 64 40 6.
1633 2335 64 40 v.
1665 2335 75 40 15.
1708 2335 64 40 In
1740 2335 117 40 Christo
1814 2335 75 40 Iesus

1053 2370 107 31 neque
1124 2370 178 31 circumcisio
1267 2370 143 31 quicquam
1374 2370 119 31 valet,
1458 2370 107 31 neque
1529 2370 178 31 praeputium,
1672 2370 83 31 sed
1719 2370 95 31 nova
1767 2370 119 31 creatio;

1054 2403 64 39 2.
1086 2403 86 39 Cor.
1140 2403 64 39 5.
1172 2403 96 39 vers.
1236 2403 75 39 17.
1279 2403 64 39 Si
1311 2403 86 39 quis
1365 2403 107 39 igitur
1440 2403 75 39 est
1482 2403 64 39 in
1514 2403 128 39 Christo,
1611 2403 86 39 nova
1664 2403 128 39 creatura
1761 2403 86 39 est:
1803 2403 86 39 vetera

1056 2431 197 43 praeterierunt,
1220 2431 88 43 ecce
1275 2431 88 43 nova
1330 2431 99 43 facta
1396 2431 88 43 sunt
1439 2431 88 43 omnia.

1092 2463 92 42 III.
1150 2463 92 42 Quia
1208 2463 92 42 ipse
1266 2463 104 42 solus
1335 2463 81 42 est
1381 2463 196 42 substantialis
1543 2463 104 42 imago
1612 2463 127 42 Patris:
1704 2463 115 42 debuit
1785 2463 92 42 ergo
1831 2463 58 42 ho¬-

1050 2498 69 48 mo
1085 2498 104 48 fieri
1155 2498 69 48 ut
1189 2498 81 48 per
1235 2498 81 48 cum
1282 2498 104 48 imago
1351 2498 81 48 Dei
1397 2498 69 48 in
1432 2498 104 48 nobis
1501 2498 208 48 instauraretur,
1675 2498 127 48 Coloss.
1767 2498 69 48 1.
1790 2498 93 48 versi.

1054 2534 87 43 culo
1098 2534 54 43 15.

1092 2557 81 49 IV.
1139 2557 92 49 Quia
1196 2557 92 49 ipse
1254 2557 81 49 est
1300 2557 81 49 per
1346 2557 92 49 quem
1404 2557 69 49 se
1439 2557 104 49 Pater
1508 2557 58 49 a
1531 2557 127 49 condito
1623 2557 92 49 orbe
1681 2557 162 49 patefecit;
1796 2557 81 49 decu¬-

1053 2598 71 40 it
1089 2598 119 40 igitur
1172 2598 107 40 ipsum
1243 2598 107 40 fieri
1315 2598 143 40 hominem,
1422 2598 71 40 ut
1458 2598 71 40 in
1493 2598 107 40 carne
1565 2598 202 40 manifestatus,
1731 2598 107 40 nobis
1803 2598 71 40 in
1827 2598 59 40 ea¬-

1057 2632 86 36 dem
1106 2632 122 36 Patrem
1191 2632 208 36 manifestaret.
1363 2632 86 36 Quo
1412 2632 147 36 pertinet
1522 2632 110 36 illud
1595 2632 147 36 Iohannis
1706 2632 159 36 Baptistae
1816 2632 61 36 lo¬-

1069 2670 88 52 nan.
1124 2670 66 52 1.
1157 2670 66 52 v.
1190 2670 77 52 18.
1233 2670 88 52 Deum
1288 2670 88 52 nemo
1343 2670 99 52 vidit
1409 2670 121 52 unquam:
1496 2670 153 52 unigenitus
1617 2670 88 52 ille
1672 2670 121 52 Filius,
1759 2670 77 52 qui
1803 2670 77 52 est
1836 2670 44 52 in

1055 2697 79 47 sinu
1105 2697 109 47 Patris,
1184 2697 79 47 idle
1234 2697 89 47 nobis
1293 2697 129 47 exposuit.

1088 2728 75 44 V.
1126 2728 100 44 Quia
1189 2728 75 44 in
1226 2728 100 44 ipso
1289 2728 100 44 erat
1352 2728 100 44 vita
1414 2728 63 44 &
1439 2728 88 44 lux
1490 2728 138 44 nostra.
1590 2728 125 44 Decuit
1677 2728 100 44 ergo
1740 2728 113 44 ipsum
1803 2728 75 44 fier

1058 2763 151 44 hominem,
1171 2763 75 44 ut
1209 2763 113 44 nobis
1284 2763 113 44 vitam
1360 2763 63 44 &
1385 2763 113 44 lucem
1460 2763 88 44 per
1510 2763 151 44 peccatum
1623 2763 138 44 amissam
1711 2763 176 44 recuperaret.

1063 2799 100 43 atque
1118 2799 145 43 restitueret

1088 2829 89 35 VI.
1139 2829 102 35 Quia
1203 2829 102 35 ipse
1267 2829 89 35 est
1318 2829 128 35 Filius
1407 2829 115 35 ille,
1484 2829 153 35 dilectus
1599 2829 102 35 ille
1663 2829 77 35 in
1701 2829 89 35 quo
1752 2829 115 35 Pater
1816 2829 64 35 ae¬-

1056 2871 157 44 quiescit:
1177 2871 121 44 decuit
1261 2871 97 44 ergo
1322 2871 109 44 ipsum
1394 2871 109 44 fieri
1467 2871 145 44 hominem,
1576 2871 73 44 ut
1612 2871 73 44 in
1648 2871 97 44 ipso
1709 2871 145 44 fieremus
1805 2871 73 44 dile

1052 2902 42 32 ct.

1094 2927 104 42 VII.
1159 2927 104 42 Quia
1224 2927 104 42 ipse
1289 2927 91 42 est
1341 2927 117 42 media
1419 2927 143 42 persona
1522 2927 78 42 in
1561 2927 78 42 S.
1600 2927 78 42 S.
1639 2927 143 42 Triade,
1743 2927 78 42 ac
1769 2927 117 42 proinde

1056 2968 101 51 apta
1119 2968 76 51 ad
1157 2968 177 51 Mediatoris
1296 2968 151 51 officium
1410 2968 214 51 suscipiendum.
1586 2968 126 51 Decuit
1675 2968 101 51 ergo
1738 2968 114 51 ipsum
1801 2968 88 51 fieri

1026 2999 159 39 hominem:

1093 3029 84 52 QUA
1141 3029 108 52 RTUM:
1213 3029 156 52 Quicunque
1333 3029 120 52 potest
1417 3029 168 52 Mediatoris
1548 3029 144 52 officium
1656 3029 168 52 praestare,
1788 3029 72 52 is
1812 3029 60 52 est

1055 3063 152 43 Mediator
1169 3063 89 43 Dei
1220 3063 63 43 &
1245 3063 152 43 hominum:
1359 3063 114 43 Atqui
1435 3063 114 43 solus
1512 3063 114 43 lesus
1588 3063 152 43 Christus
1702 3063 127 43 potest
1778 3063 101 43 Media¬-

1058 3104 103 43 poris
1126 3104 137 43 officium
1229 3104 160 43 praestare.
1354 3104 91 43 Ergo
1400 3104 57 43 &c.

1079 3125 161 44 QUINTUM:
1200 3125 94 44 Qui
1253 3125 94 44 pro
1307 3125 148 44 omnibus
1415 3125 202 44 intercedit,
1576 3125 94 44 sic
1630 3125 81 44 ut
1671 3125 94 44 pro
1725 3125 108 44 ipso
1778 3125 108 44 nullus

1054 3171 96 41 apud
1114 3171 96 41 Deum
1175 3171 181 41 intercedat;
1319 3171 72 41 is
1355 3171 84 41 est
1404 3171 96 41 vere
1464 3171 121 41 unicus
1548 3171 145 41 Mediator
1657 3171 121 41 noster
1741 3171 96 41 apud
1790 3171 84 41 Deum;
