2063 3432
257 157 82 63 lud
304 157 140 63 loquitur
409 157 70 63 de
444 157 152 63 hominibus
561 157 70 63 in
596 157 105 63 terra
666 157 175 63 viventibus,
807 157 82 63 ait
854 157 105 63 enim.
924 157 140 63 Quaesivi
1029 157 70 63 DE
1052 157 47 63 At

268 197 79 54 IS,
313 197 101 54 nempe
380 197 169 54 Israelitis,
515 197 169 54 Principibus
650 197 79 54 aut
695 197 191 54 Sacerdotibus,
853 197 68 54 ut
887 197 135 54 explicat
977 197 68 54 The¬-

259 233 158 46 odoretus,
380 233 146 46 quaesivi
490 233 122 46 virum,
575 233 122 46 qualis
660 233 97 46 olim
721 233 97 46 fuit
782 233 134 46 Abraham
879 233 109 46 orans
952 233 85 46 pro
988 233 61 46 So¬-

249 264 151 51 domitis:
363 264 63 51 &
388 264 126 51 Moses,
476 264 88 51 qui
527 264 76 51 se
564 264 189 51 interposuit
715 264 113 51 inter
791 264 101 51 iram
854 264 101 51 meam
917 264 63 51 &
930 264 113 51 populum

249 296 194 55 Israeliticum,
408 296 114 55 qualis
488 296 91 55 fuit
545 296 125 55 Samuel.
636 296 114 55 Deinde
716 296 103 55 addit
785 296 103 55 Deus,
853 296 68 55 se
887 296 80 55 non
922 296 125 55 invenisse

252 333 118 47 ullum;
335 333 94 47 quod
394 333 118 47 aperte
477 333 153 47 ostendit,
595 333 94 47 Deum
654 333 71 47 de
689 333 165 47 viventibus
819 333 71 47 in
854 333 106 47 terra
925 333 118 47 loqui,
996 333 59 47 non

260 367 64 51 de
292 367 118 51 sanctis
378 367 139 51 defunctis
485 367 64 51 in
518 367 96 51 coelo
582 367 75 51 jam
614 367 150 51 versantibus.

291 388 113 60 SEXTO
367 388 163 60 proferunt
493 388 113 60 locum
568 388 138 60 Sachar.
669 388 75 60 1.
706 388 113 60 vers.
782 388 75 60 2.
820 388 163 60 Respondit
933 388 113 60 Angelus

256 431 120 52 Domini
340 431 60 52 &
364 431 120 52 dixit;
448 431 120 52 Domine
531 431 168 52 exercituum
663 431 144 52 usquequo
771 431 72 52 tu
807 431 84 52 non
854 431 180 52 misereberis
986 431 60 52 Ie¬-

259 462 126 48 rusalem
350 462 57 48 &
373 462 114 48 urbium
453 462 103 48 Iuda,
522 462 114 48 quibus
602 462 114 48 iratus
682 462 80 48 es?
728 462 92 48 iste
785 462 80 48 jam
831 462 195 48 septuagesimus
979 462 69 48 est.

253 496 96 48 Hinc
313 496 168 48 colligunt,
445 496 132 48 sanctos
541 496 132 48 Angelos
637 496 84 48 pro
686 496 108 48 nobis
758 496 192 48 intercedere:
914 496 72 48 ac
938 496 108 48 proinde

255 538 110 46 etiam
328 538 135 46 sanctos
414 538 147 46 demortuos.

271 552 119 52 RESP.
350 552 105 52 Plus
416 552 184 52 colligitur
561 552 105 52 quam
626 552 145 52 patitur
732 552 198 52 antecedens,
890 552 105 52 quod
956 552 79 52 de
982 552 66 52 une

247 599 119 42 tantum
330 599 107 42 eoque
402 599 143 42 increato
508 599 119 42 Angelo
592 599 154 42 loquitur,
710 599 83 42 qui
758 599 83 42 est
806 599 143 42 Christus
901 599 154 42 intercessor

249 628 156 48 Ecclesiae
369 628 96 48 apud
429 628 132 48 Patrem.
525 628 84 48 Nam
573 628 84 48 hic
621 628 132 48 Angelus
716 628 84 48 est
764 628 84 48 vir
812 628 144 48 insidens
920 628 96 48 equo
968 628 84 48 rufo¬-

246 672 55 38 &
268 672 99 38 stans
334 672 99 38 inter
401 672 121 38 myrtos,
489 672 66 38 id
522 672 88 38 est,
577 672 99 38 inter
643 672 133 38 fideles,
743 672 77 38 qui
787 672 88 38 sunt
842 672 133 38 Ecclesia
942 672 88 38 Dei,
986 672 66 38 quae

250 707 112 38 vivit,
328 707 112 38 viret,
406 707 123 38 floret,
496 707 123 38 fructum
585 707 89 38 edit
641 707 56 38 &
663 707 101 38 odora
730 707 78 38 est
775 707 67 38 in
808 707 134 38 Christo:
909 707 78 38 Hic
942 707 101 38 Angelus

243 731 83 41 est
291 731 83 41 qui
338 731 154 41 Prophetae
456 731 119 41 verbum
539 731 95 41 suum
599 731 178 41 inspiravit;
741 731 83 41 Hic
788 731 130 41 Angelus
883 731 95 41 est,
942 731 83 41 cui
978 731 71 41 aiii

259 763 114 44 Angeli
338 763 137 44 rationes
441 763 126 44 officii
532 763 80 44 sui
578 763 183 44 reddiderunt,
726 763 68 44 ad
761 763 80 44 eum
806 763 171 44 perferentes
932 763 114 44 responsa

260 803 94 46 sua.
319 803 117 46 Deinde
401 803 129 46 etiamsi
495 803 129 46 daremus
589 803 164 46 antecedens
717 803 106 46 loqui
788 803 70 46 de
823 803 117 46 Angelo
905 803 129 46 creato,
987 803 47 46 ta

244 836 86 41 men
293 836 86 41 non
342 836 136 41 valeret
441 836 210 41 consequentia,
614 836 99 41 quam
675 836 148 41 Papistae
786 836 123 41 texunt
872 836 74 41 ab
909 836 136 41 Angelis
996 836 49 41 ac

243 873 140 36 sanctos
345 873 178 36 demortuos,
484 873 140 36 Angelis
586 873 102 36 enim
650 873 63 36 a
675 873 89 36 Deo
726 873 165 36 demandata
853 873 89 36 est
903 873 102 36 cura
967 873 63 36 &
980 873 63 36 de¬-

243 905 111 42 fensio
321 905 145 42 Ecclesiae
432 905 67 42 in
466 905 78 42 hac
510 905 100 42 vita.
577 905 111 42 Itaque
655 905 56 42 &
677 905 67 42 in
711 905 100 42 terra
778 905 145 42 versantes
889 905 111 42 vident
967 905 56 42 &
978 905 56 42 cog

254 930 125 44 noscunt
344 930 125 44 nostras
435 930 147 44 miserias,
548 930 91 44 quas
605 930 79 44 non
650 930 113 44 vident
730 930 113 44 sancti
809 930 147 44 demortui,
922 930 113 44 quibus
990 930 57 44 of¬-

243 972 125 40 ficium
330 972 175 40 defendendi
467 972 162 40 Ecclesiam
592 972 87 40 non
642 972 87 40 est
692 972 62 40 a
717 972 87 40 Deo
767 972 175 40 commissum.
905 972 125 40 Tertio
980 972 62 40 non

244 1004 106 40 omnis
315 1004 82 40 qui
362 1004 82 40 pro
409 1004 106 40 nobis
479 1004 106 40 orat,
550 1004 117 40 illico
632 1004 164 40 invocandus
761 1004 94 40 est:
820 1004 82 40 nam
867 1004 117 40 oratio
949 1004 82 40 pro
984 1004 59 40 no¬-

251 1038 77 43 bis
295 1038 77 43 non
339 1038 77 43 est
382 1038 98 43 causa
448 1038 164 43 sufficiens,
579 1038 120 43 propter
667 1038 88 43 quam
722 1038 66 43 is
754 1038 77 43 qui
798 1038 77 43 pro
842 1038 98 43 nobis
908 1038 98 43 orat,
962 1038 77 43 invo¬-

248 1071 100 43 candus
308 1071 60 43 sit.

269 1093 127 51 SEPTIM
358 1093 63 51 o
383 1093 152 51 adferunt
498 1093 114 51 locum
574 1093 76 51 ex
612 1093 101 51 Bar.
675 1093 76 51 3.
713 1093 140 51 versic.
815 1093 76 51 4.
853 1093 101 51 Audi
903 1093 140 51 orationem

244 1139 158 40 mortuoram
365 1139 134 40 Israel.
463 1139 97 40 Ergo
523 1139 122 40 mortui
608 1139 122 40 sancti
694 1139 109 40 orant
766 1139 85 40 pro
803 1139 85 40 nobis

279 1157 107 53 RESP.
351 1157 107 53 Primp
422 1157 131 53 petitio
517 1157 83 53 est
565 1157 167 53 principii,
696 1157 95 53 quia
755 1157 179 53 confirmatio
898 1157 131 53 petitur
994 1157 71 53 ex
1017 1157 60 53 li¬-

242 1202 86 40 bro
291 1202 172 40 Apocrypho,
426 1202 74 40 ex
463 1202 86 40 quo
512 1202 74 40 in
548 1202 159 40 Theologia
671 1202 110 40 nihil
745 1202 123 40 potest
830 1202 147 40 probari.
929 1202 110 40 Secunde

244 1239 134 38 etiamsi
341 1239 109 38 liber
414 1239 97 38 ille
474 1239 206 38 admitteretur,
644 1239 109 38 tamen
717 1239 85 38 pro
766 1239 146 38 opinione
875 1239 158 38 Papanorum
984 1239 61 38 non

246 1270 143 43 faceret.
354 1270 84 43 Nam
401 1270 72 43 in
437 1270 96 43 loci
497 1270 119 43 citati
580 1270 179 43 allegatione
724 1270 131 43 peccant
819 1270 167 43 homonymia,
951 1270 96 43 quae
998 1270 60 43 est

246 1302 74 45 in
283 1302 99 45 voce
345 1302 173 45 mortuorum:
480 1302 148 45 siquidem
592 1302 124 45 mortui
678 1302 87 45 hic
728 1302 87 45 non
777 1302 222 45 intelliguntur,
950 1302 99 45 quorum

247 1341 114 37 animae
326 1341 57 37 a
349 1341 159 37 corporibus
474 1341 148 37 separatae
588 1341 102 37 sunt,
656 1341 68 37 ut
690 1341 137 37 Papistae
793 1341 125 37 volunt:
884 1341 80 37 sed
929 1341 80 37 qui
963 1341 80 37 adhu¬-

237 1368 76 39 in
275 1368 178 39 corporibus
415 1368 165 39 viventes,
542 1368 127 39 mortui
630 1368 114 39 erant
707 1368 76 39 in
745 1368 152 39 peccatis
859 1368 203 39 squemadmodum
1011 1368 38 39 &

245 1401 111 41 Paulus
322 1401 133 41 loquitur
422 1401 111 41 Ephes.
500 1401 66 41 2.
533 1401 100 41 vers.
599 1401 66 41 1.
632 1401 66 41 Et
666 1401 77 41 vos
710 1401 77 41 una
754 1401 66 41 vi
787 1401 155 41 vificavit,
909 1401 89 41 quum
953 1401 100 41 essetis

239 1441 114 38 mortui
319 1441 69 38 in
353 1441 137 38 lapsibus
456 1441 57 38 &
479 1441 149 38 peccatis,
593 1441 57 38 &
616 1441 69 38 v.
651 1441 69 38 5.
685 1441 103 38 Etiam
754 1441 92 38 nos,
811 1441 92 38 quum
868 1441 80 38 per
914 1441 114 38 lapsus
983 1441 57 38 mor

240 1468 83 39 tui
287 1468 141 39 essemus,
393 1468 83 39 una
441 1468 177 39 vivificavit
582 1468 83 39 cum
629 1468 141 39 Christo.
735 1468 83 39 Qui
783 1468 106 39 autem
853 1468 71 39 in
889 1468 141 39 peccatis
983 1468 59 39 mor

239 1503 80 38 tui
284 1503 102 38 sunt,
352 1503 68 38 ii
386 1503 148 38 versantur
500 1503 68 38 in
534 1503 102 38 media
602 1503 114 38 morte.
682 1503 91 38 Hanc
738 1503 91 38 esse
795 1503 91 38 isto
852 1503 91 38 loco
909 1503 102 38 veram
966 1503 80 38 voci¬-

246 1538 167 47 mortuorum
375 1538 257 47 significationem,
593 1538 180 47 sequentium
734 1538 154 47 verborum
850 1538 154 47 exegesis
952 1538 103 47 docet:

247 1568 71 42 in
283 1568 165 42 continenti
412 1568 94 42 enim
471 1568 141 42 additur,
576 1568 71 42 κι
612 1568 82 42 μῶν
659 1568 82 42 τον
706 1568 188 42 ἀμαρζανόντον
858 1568 129 42 ενανμον
952 1568 82 42 oς,
999 1568 82 42 hoc

246 1609 93 33 est,
304 1609 58 33 &
328 1609 139 33 filiorum
432 1609 104 33 eorum
501 1609 81 33 qui
548 1609 127 33 peccant
640 1609 104 33 coram
710 1609 81 33 te.
756 1609 127 33 Vulgata
849 1609 104 33 autem
919 1609 116 33 versio
988 1609 58 33 La¬-

256 1637 92 37 tina
313 1637 126 37 vitiose
404 1637 115 37 habet,
485 1637 57 37 &
508 1637 137 37 filiorum
611 1637 126 37 ipsorum
702 1637 80 37 qui
748 1637 172 37 peccaverunt
886 1637 92 37 ante
943 1637 80 37 te,
977 1637 69 37 quum

246 1665 71 42 in
282 1665 119 42 Graeco
365 1665 83 42 sit
413 1665 178 42 Participium
555 1665 167 42 Praesentis
686 1665 143 42 temporis
793 1665 202 42 ἀμαρζανόντον,
960 1665 71 42 ac
984 1665 71 42 pro¬-

237 1704 93 33 inde
296 1704 198 33 intelligendum
458 1704 70 33 de
493 1704 116 33 filiis
575 1704 116 33 Israel
656 1704 81 33 tum
703 1704 175 33 viventibus,
843 1704 81 33 non
889 1704 105 33 autem
947 1704 105 33 praete¬-

248 1732 97 39 riti
309 1732 146 39 temporis
418 1732 195 39 ἡμαρτηκσταν,
576 1732 85 39 qui
625 1732 195 39 peccaverunt.
783 1732 97 39 Quod
844 1732 73 39 si
881 1732 97 39 quis
929 1732 122 39 praefra¬-

242 1767 91 37 cte
294 1767 117 37 neget
372 1767 117 37 vocem
451 1767 170 37 mortuorum
581 1767 91 37 hac
633 1767 235 37 significatione
829 1767 209 37 accipiendam,
986 1767 65 37 tum

244 1805 153 37 praestabit
364 1805 66 37 ex
397 1805 98 37 vers.
462 1805 76 37 11.
506 1805 98 37 hujus
572 1805 120 37 capitis
659 1805 186 37 interpretari,
812 1805 175 37 coinquinatos
954 1805 76 37 cum
986 1805 55 37 mor

250 1828 97 42 tuis,
315 1828 141 42 reputatos
423 1828 76 42 cum
467 1828 76 42 iis
510 1828 76 42 qui
553 1828 65 42 in
586 1828 141 42 sepulcrum
694 1828 76 42 εiς
737 1828 76 42 ἀδυ
780 1828 184 42 descenderunt.
932 1828 65 42 q.
964 1828 65 42 d.
997 1828 65 42 Ex

250 1869 97 37 audi
310 1869 85 37 jam
359 1869 157 37 orationem
480 1869 194 37 Israelitatum
637 1869 170 37 versantium
771 1869 73 37 in
807 1869 109 37 media
880 1869 109 37 morte
952 1869 85 37 aut
989 1869 48 37 il

241 1904 112 38 portis
319 1904 123 38 mortis,
409 1904 145 38 viventium
520 1904 67 38 in
554 1904 168 38 afflictione
688 1904 56 38 &
711 1904 123 38 miseria
800 1904 112 38 tanta,
878 1904 67 38 ut
912 1904 112 38 instar
979 1904 67 38 mor¬-

245 1940 126 30 tuorum
334 1940 176 30 habeantur.
472 1940 139 30 Homines
573 1940 101 30 enim
636 1940 76 30 in
674 1940 113 30 magna
749 1940 176 30 calamitate
888 1940 126 30 positi
963 1940 76 30 mor¬-

240 1966 94 37 tuis
299 1966 177 37 comparantur
441 1966 59 37 &
464 1966 83 37 pro
511 1966 130 37 mortuis
606 1966 153 37 habentur,
724 1966 106 37 sicut
794 1966 153 37 Ezechiel.
912 1966 83 37 37.
959 1966 83 37 per
995 1966 47 37 a¬-

242 2004 91 39 rida
298 2004 147 39 mortuorum
411 2004 91 39 ossa
468 2004 181 39 intelligitur
615 2004 125 39 populus
706 2004 181 39 Israeliticus
853 2004 68 39 in
887 2004 170 39 captivitat,

243 2031 165 37 Babylonica
373 2031 106 37 velut
444 2031 71 37 in
479 2031 141 37 sepulcro
585 2031 153 37 detentus.
703 2031 94 37 Quod
762 2031 71 37 si
797 2031 94 37 quis
856 2031 165 37 contendat,
974 2031 71 37 per¬-

243 2066 130 38 mortuos
338 2066 201 38 intelligendos
503 2066 130 38 sanctos
597 2066 94 38 vita
656 2066 130 38 functos
751 2066 83 38 pro
798 2066 106 38 nobis
857 2066 177 38 intercedentes

243 2108 104 33 annon
313 2108 139 33 absurdum
417 2108 104 33 erit,
487 2108 104 33 illos
557 2108 104 33 ipsos
626 2108 81 33 pro
673 2108 116 33 quibus
754 2108 116 33 sancti
835 2108 139 33 demortui
928 2108 116 33 interce¬-

252 2131 106 36 dunt,
323 2131 106 36 orare
393 2131 71 36 ut
429 2131 94 36 Deus
487 2131 212 36 intercedentium
664 2131 129 36 illorum
758 2131 153 36 orationem
875 2131 153 36 exaudiat,
981 2131 59 36 hoc

250 2170 90 35 est,
306 2170 168 35 intercedere
440 2170 78 35 pro
485 2170 90 35 suis
541 2170 224 35 intercessoribus?
731 2170 78 35 Non
776 2170 101 35 minus
843 2170 134 35 stolidum
943 2170 90 35 est,
988 2170 45 35 o¬-

251 2200 97 33 rare
312 2200 85 33 pro
360 2200 97 33 suis
421 2200 243 33 intercessoribus,
627 2200 97 33 quam
687 2200 146 33 salutare
797 2200 121 33 beatam
881 2200 146 33 Virginem
978 2200 61 33 Ma¬-

249 2233 104 37 riam,
319 2233 58 37 &
342 2233 127 37 dicere,
434 2233 81 37 Ave
480 2233 115 37 Maria,
561 2233 81 37 hoc
607 2233 92 37 est,
665 2233 104 37 orare
734 2233 81 37 pro
780 2233 115 37 Maria;
861 2233 81 37 qui
907 2233 92 37 enim
953 2233 81 37 salu¬-

251 2264 81 40 tat
298 2264 139 40 aliquem,
402 2264 69 40 ei
436 2264 58 40 a
459 2264 81 40 Deo
506 2264 104 40 omnia
575 2264 92 40 bona
633 2264 150 40 precatur;
748 2264 92 40 quum
806 2264 150 40 salutatio
921 2264 104 40 nihil
979 2264 58 40 sit

244 2298 113 38 aliud,
323 2298 91 38 quam
380 2298 159 38 imprecatio
505 2298 91 38 boni
561 2298 148 38 alicujus.
675 2298 125 38 Denique
766 2298 102 38 dato,
834 2298 79 38 sed
879 2298 79 38 non
913 2298 125 38 concessos

249 2329 211 38 intelligendos
422 2329 87 38 hic
472 2329 136 38 sanctos
571 2329 174 38 demortuos,
707 2329 87 38 tum
757 2329 87 38 cum
806 2329 136 38 Nicolao
906 2329 124 38 Lyrano
980 2329 62 38 di¬-

248 2367 124 38 cemus,
334 2367 148 38 sermonem
446 2367 87 38 hic
495 2367 99 38 esse
557 2367 74 38 de
594 2367 186 38 orationibus
742 2367 210 38 Patriarcharum
916 2367 62 38 &
928 2367 99 38 Prophe

252 2400 109 35 tarum,
329 2400 88 35 quas
383 2400 88 35 illi
438 2400 77 35 cum
482 2400 98 35 adhuc
548 2400 66 35 in
580 2400 77 35 his
624 2400 109 35 terris
701 2400 142 35 viverent,
810 2400 77 35 pro
854 2400 109 35 felici
931 2400 98 35 statu
985 2400 55 35 po¬-

245 2430 176 44 steritatis
384 2430 189 44 conceperunt
535 2430 63 44 &
560 2430 164 44 fuderunt:
686 2430 101 44 tunc
749 2430 113 44 autem
825 2430 101 44 quum
888 2430 126 44 Baruch
963 2430 76 44 illa

243 2465 170 43 scriberet,
376 2465 121 43 mortui
461 2465 121 43 erant.
546 2465 85 43 Non
594 2465 206 43 intelligendas
764 2465 109 43 autem
837 2465 158 43 orationes
946 2465 97 43 eorum.

243 2501 95 43 quae
302 2501 59 43 a
326 2501 130 43 mortuis
420 2501 118 43 fiant,
503 2501 83 43 vel
550 2501 118 43 opinio
633 2501 165 43 Papistarum
763 2501 71 43 de
799 2501 106 43 limbo
870 2501 118 43 Patrum
940 2501 95 43 osten¬-

253 2528 91 50 dit:
310 2528 80 50 nam
355 2528 80 50 qui
401 2528 68 50 in
435 2528 103 50 limbo
504 2528 114 50 erant,
584 2528 80 50 non
629 2528 137 50 poterant
732 2528 80 50 pro
778 2528 103 50 aliis
846 2528 183 50 intercedere,
983 2528 57 50 nec

258 2558 60 40 ab
288 2558 89 40 aliis
338 2558 99 40 invocar¬-

282 2594 205 47 OCTAVOcitant
449 2594 115 47 locum
525 2594 77 47 ex
564 2594 77 47 2.
602 2594 141 47 Machab.
704 2594 102 47 cap.
768 2594 90 47 15.
820 2594 77 47 in
858 2594 90 47 quo
896 2594 154 47 scribitur:

251 2622 109 51 Judas
323 2622 169 51 Machabaeus
457 2622 133 51 vidisse
553 2622 73 51 in
590 2622 133 51 visione
686 2622 97 51 duos
747 2622 169 51 defunctos,
880 2622 109 51 Qniam
940 2622 97 51 Sacer¬-

240 2666 116 42 dotem
318 2666 65 42 &
343 2666 155 42 Jeremiam
459 2666 181 42 Prophetam,
601 2666 142 42 orantes
705 2666 90 42 pro
756 2666 142 42 populo:
859 2666 65 42 &
885 2666 155 42 additur,
988 2666 52 42 O¬-

242 2695 103 44 niam
307 2695 142 44 dixisse
410 2695 77 44 ad
449 2695 116 44 Judam
526 2695 181 44 Machabaeum
668 2695 77 44 de
707 2695 155 44 Jeremia;
823 2695 90 44 Hic
874 2695 90 44 est
926 2695 90 44 qui
965 2695 77 44 mul¬-

239 2732 88 43 tum
290 2732 100 43 orat
352 2732 88 43 pro
402 2732 138 43 populo.
502 2732 100 43 Hinc
565 2732 163 43 colligunt
690 2732 138 43 sanctos
790 2732 163 43 defunctos
915 2732 88 43 pro
952 2732 88 43 nobis

228 2757 152 46 intercedere.

276 2795 105 41 RISP.
346 2795 105 41 Primo
417 2795 129 41 petitio
510 2795 82 41 est
557 2795 164 41 principii,
685 2795 94 41 quia
744 2795 70 41 ex
779 2795 94 41 lib.
837 2795 152 41 Apocrypho
943 2795 94 41 nullum

238 2822 109 53 dogma
311 2822 218 53 Ecclesiasticum
492 2822 73 53 de
529 2822 97 53 fide
589 2822 85 53 vel
638 2822 109 53 cultu
711 2822 85 53 Dei
759 2822 133 53 exstrui
856 2822 133 53 potest.
941 2822 97 53 Deinde

244 2859 101 46 licet
311 2859 180 46 admitteretur
458 2859 101 46 liber
526 2859 101 46 ille,
593 2859 101 46 tamen
661 2859 68 46 ex
695 2859 68 46 eo
729 2859 113 46 opinio
807 2859 158 46 Papistarum
932 2859 79 46 non
965 2859 68 46 pro¬-

245 2891 135 55 baretur:
346 2891 90 55 quia
402 2891 101 55 locus
470 2891 124 55 citatus
560 2891 113 55 narrat
639 2891 146 55 visionem,
751 2891 79 55 non
796 2891 90 55 aute
853 2891 79 55 rem
898 2891 124 55 gestam.
988 2891 79 55 Ex¬

240 2931 93 45 tali
298 2931 105 45 autem
368 2931 128 45 visione
461 2931 81 45 tam
507 2931 128 45 probari
600 2931 116 45 potest
682 2931 128 45 sanctos
775 2931 81 45 pro
821 2931 105 45 nobis
891 2931 116 45 orare,
960 2931 70 45 quam

238 2964 124 53 gladios
328 2964 56 53 a
351 2964 124 53 sanctis
441 2964 68 53 in
475 2964 102 53 coelo
543 2964 135 53 gestari:
644 2964 124 53 legitur
734 2964 90 53 enim
791 2964 124 53 ibidem,
881 2964 135 53 Jeremiam
972 2964 56 53 de¬-

230 2991 114 45 disse
306 2991 139 45 gladium
408 2991 127 45 aureum
497 2991 114 45 Judae
560 2991 152 45 Machabaeo¬-

304 3036 93 55 Sic
357 3036 173 55 vindicata
490 3036 107 55 sunt
557 3036 107 55 loca
623 3036 107 55 quae
690 3036 80 55 ex
730 3036 133 55 Veteri
810 3036 146 55 Testamen¬-

530 3079 87 56 to
560 3079 174 56 producunt.

253 3138 81 51 Ex
294 3138 108 51 Novo
362 3138 190 51 Testamento
511 3138 176 51 proferunt
646 3138 108 51 PRIM
714 3138 68 51 o
741 3138 122 51 locum
822 3138 81 51 ex
863 3138 108 51 Joh.
930 3138 81 51 5.
957 3138 68 51 45.

221 3173 77 53 Ne
260 3173 128 53 putate
349 3173 77 53 me
388 3173 192 53 accusaturum
542 3173 90 53 vos
593 3173 103 53 apud
657 3173 141 53 Patrem:
759 3173 90 53 est
811 3173 90 53 qui
862 3173 141 53 accuset
964 3173 90 53 vos
1003 3173 64 53 Mo¬-

218 3205 86 53 ses,
272 3205 65 53 in
304 3205 75 53 quo
347 3205 75 53 vos
391 3205 140 53 speratis.
498 3205 86 53 Hinc
552 3205 129 53 inferunt
649 3205 162 53 adversarii,
778 3205 118 53 sanctos
864 3205 65 53 in
897 3205 97 53 coelo
951 3205 75 53 esset

1076 167 133 48 nostros
1173 167 158 48 patronos,
1294 167 85 48 qui
1343 167 85 48 nos
1391 167 85 48 aut
1440 167 146 48 accusent
1549 167 85 48 aut
1598 167 146 48 tueantur
1707 167 85 48 pro
1755 167 133 48 meritis
1840 167 61 48 no¬

1078 200 64 42 stris

1119 221 126 54 RESP.
1203 221 126 54 Primo
1288 221 98 54 est
1344 221 183 54 homonymia
1484 221 84 54 in
1527 221 126 54 Mosis
1611 221 155 54 nomine,
1723 221 98 54 quo
1765 221 141 54 Christus

1089 268 85 41 non
1137 268 170 41 intellexit
1271 268 109 41 ipsam
1344 268 146 41 personam
1453 268 122 41 Mosis,
1538 268 85 41 sed
1587 268 182 41 μετονυμιϰώς
1733 268 158 41 doctrinam
1842 268 61 41 sed

1091 300 136 35 scripta
1189 300 111 35 ejus,
1263 300 185 35 quemadmodum
1411 300 86 35 est
1460 300 99 35 Luc.
1522 300 86 35 16.
1571 300 86 35 29.
1621 300 123 35 Hahent
1707 300 111 35 Mosex
1781 300 62 35 &
1793 300 111 35 Prophe¬-

1089 338 94 37 tas,
1148 338 71 37 id
1183 338 94 37 est,
1242 338 129 37 scripta
1336 338 106 37 Mosis
1407 338 59 37 &
1430 338 188 37 Prophetarum.
1583 338 118 37 Sensus
1666 338 118 37 igitur
1748 338 129 37 Christi
1830 338 71 37 est:

1088 371 88 39 Vos
1139 371 188 39 persuadetis
1289 371 113 39 vobis
1365 371 63 39 &
1390 371 188 39 confiditis,
1540 371 75 39 si
1578 371 163 39 doctrinam
1704 371 113 39 Mosis
1766 371 151 39 sequamini,

1088 400 87 42 vos
1137 400 100 42 fore
1200 400 87 42 Deo
1250 400 137 42 gratos,
1350 400 75 42 ac
1387 400 137 42 proinde
1487 400 75 42 me
1525 400 175 42 rejicitis,
1662 400 137 42 tanquam
1750 400 162 42 adversarium

1090 435 149 38 doctrinae
1204 435 115 38 Mosis.
1284 435 80 38 Sed
1330 435 137 38 fallitis
1433 435 80 38 vos
1479 435 115 38 ipsos;
1559 435 92 38 ipsa
1617 435 103 38 Mosis
1685 435 137 38 doctrina
1788 435 80 38 vos
1823 435 80 38 accu¬-

1098 469 87 42 sat
1147 469 62 42 &
1172 469 161 42 condemnat
1296 469 74 42 in
1333 469 87 42 eo,
1383 469 99 42 quod
1445 469 74 42 me
1482 469 186 42 repudiatis:
1630 469 87 42 Nam
1680 469 112 42 Moses
1754 469 74 42 de
1791 469 74 42 me
1816 469 87 42 scri¬-

1098 502 104 36 psit,
1168 502 58 36 &
1191 502 92 36 ejus
1248 502 138 36 doctrina
1352 502 162 36 paedagogus
1479 502 81 36 est
1525 502 69 36 ad
1560 502 81 36 me,
1606 502 104 36 neque
1675 502 104 36 alium
1744 502 104 36 habet
1802 502 104 36 scopum.

1095 543 99 40 quam
1157 543 74 40 ut
1194 543 136 40 homines
1293 543 74 40 ad
1330 543 74 40 me
1367 543 124 40 ducat:
1454 543 99 40 Quum
1516 543 124 40 igitur
1602 543 87 40 non
1652 543 136 40 sinatis
1751 543 87 40 vos
1801 543 74 40 ab
1825 543 87 40 ipso¬-

1097 577 78 31 ad
1136 577 78 31 me
1175 577 117 31 duci,
1253 577 104 31 ipse
1318 577 117 31 Moses
1396 577 91 31 vos
1448 577 143 31 accusat
1552 577 65 31 &
1578 577 169 31 condemnat
1708 577 221 31 inobedientiae
1877 577 39 31 &

1098 605 186 39 pervicaciae.
1249 605 116 39 Deinde
1330 605 104 39 dato,
1400 605 81 39 sed
1446 605 81 39 non
1493 605 151 39 concesso,
1609 605 104 39 Mosis
1678 605 139 39 personam
1782 605 58 39 a
1794 605 116 39 Christo¬-

1092 639 169 45 intelligi:
1225 639 109 45 tamen
1298 639 85 45 non
1346 639 133 45 valebit
1443 639 206 45 consequentia;
1612 639 109 45 Moses
1685 639 85 45 vos
1734 639 145 45 accusat:
1830 639 73 45 Ergo

1094 675 109 40 Moses
1167 675 85 40 est
1215 675 145 40 patronus
1324 675 61 40 &
1348 675 194 40 intercessor.
1506 675 85 40 Sed
1554 675 170 40 contrarium
1688 675 121 40 potius
1773 675 158 40 sequetur.

1089 702 108 45 Moses
1161 702 84 45 vos
1209 702 144 45 accusat:
1317 702 96 45 Ergo
1377 702 84 45 non
1425 702 84 45 est
1473 702 144 45 patronus
1582 702 60 45 &
1606 702 180 45 intercessor
1750 702 132 45 vester:
1834 702 72 45 quia

1094 741 128 52 patroni
1187 741 81 52 non
1234 741 81 52 est
1280 741 139 52 accusare
1385 741 151 52 clientem,
1501 741 81 52 sed
1536 741 139 52 defenderes

1124 763 135 47 SECUNDO
1222 763 147 47 allegant
1332 763 73 47 ex
1369 763 135 47 Apocal.
1466 763 73 47 5.
1503 763 73 47 v.
1540 763 73 47 8.
1577 763 135 47 Quumque
1674 763 171 47 accepisset
1797 763 110 47 librum.

1103 805 121 36 quatuor
1191 805 88 36 illa
1246 805 132 36 animalia
1345 805 55 36 &
1367 805 121 36 viginti
1455 805 121 36 quatuor
1544 805 88 36 illi
1599 805 132 36 Seniores
1698 805 165 36 prociderunt
1819 805 88 36 coram.

1089 835 104 44 Agno,
1159 835 138 44 habentes
1262 835 127 44 singuli
1354 835 138 44 citharas
1458 835 58 44 &
1481 835 127 44 phialas
1573 835 115 44 aureas
1653 835 115 44 plenas
1734 835 161 44 suffituum,
1849 835 69 44 quae

1097 874 95 44 sunt
1157 874 119 44 preces
1240 874 167 44 sanctorum.
1371 874 95 44 Ergo
1431 874 119 44 sancti
1515 874 119 44 mortui
1598 874 107 44 orant
1670 874 84 44 pro
1705 874 84 44 nobis

1122 904 111 42 RESP.
1196 904 111 42 Primo
1269 904 99 42 plus
1331 904 185 42 colligitur,
1479 904 99 42 quam
1540 904 111 42 ferat
1614 904 185 42 antecedens;
1762 904 123 42 Sancti
1836 904 74 42 pre¬-

1090 941 87 38 ces
1139 941 174 38 obtulerunt
1276 941 99 38 Deo:
1338 941 99 38 Ergo
1400 941 124 38 preces
1486 941 87 38 pro
1536 941 161 38 hominibus
1660 941 74 38 in
1697 941 112 38 terra
1759 941 149 38 viventibus

1099 973 180 41 obtulerunt.
1243 973 120 41 Deinde
1327 973 96 41 dato
1387 973 84 41 eos
1435 973 84 41 pro
1483 973 156 41 hominibus
1603 973 72 41 in
1639 973 108 41 terra
1711 973 168 41 viventibus
1831 973 72 41 pre¬-

1093 1003 84 42 ces
1141 1003 169 42 obtulisse,
1274 1003 84 42 non
1322 1003 109 42 tamen
1394 1003 133 42 valebit
1491 1003 193 42 consequentia
1648 1003 72 42 ab
1684 1003 72 42 eo
1720 1003 96 42 quod
1768 1003 145 42 indefinite

1094 1051 187 30 enunciatur,
1243 1051 75 30 ad
1281 1051 125 30 certam
1368 1051 62 30 &
1393 1051 162 30 definitam
1517 1051 150 30 speciem:
1630 1051 125 30 Sancti
1717 1051 175 30 obtulerunt
1842 1051 62 30 Deo

1099 1079 136 36 preces:
1197 1079 99 36 Ergo
1259 1079 123 36 mortui
1345 1079 123 36 sancti
1432 1079 173 36 obtulerunt
1568 1079 86 36 Deo
1617 1079 136 36 preces.
1716 1079 86 36 Nam
1765 1079 86 36 non
1814 1079 86 36 est
1851 1079 62 36 ne¬-

1102 1106 105 42 tesse
1172 1106 70 42 in
1207 1106 93 42 loco
1266 1106 140 42 Johannis
1371 1106 128 42 mortuos
1464 1106 128 42 sanctos
1558 1106 164 42 intelligi,
1686 1106 82 42 sed
1733 1106 117 42 potius
1803 1106 117 42 viventes

1088 1143 75 42 in
1126 1143 138 42 terris;
1227 1143 100 42 quum
1289 1143 151 42 Johannes
1402 1143 151 42 visionem
1516 1143 138 42 narret,
1616 1143 88 42 non
1666 1143 88 42 tem
1704 1143 113 42 gestam,

1119 1172 153 54 Replicant
1237 1172 118 54 Sancti
1320 1172 94 54 illi
1379 1172 71 54 in
1414 1172 106 54 coelo
1485 1172 94 54 visi
1544 1172 106 54 sunt:
1615 1172 94 54 Ergo
1674 1172 118 54 sancti
1757 1172 118 54 mortui
1839 1172 59 54 &
1851 1172 59 54 non

1096 1206 129 49 viventes
1193 1206 65 49 in
1225 1206 108 49 terris
1301 1206 86 49 sunt
1344 1206 161 49 intelligendi.

1127 1237 127 42 RESP.
1212 1237 198 42 Antecedens
1367 1237 99 42 est
1424 1237 170 42 ambiguum
1551 1237 155 42 propter
1664 1237 198 42 homonymiam
1805 1237 99 42 vocis

1100 1273 132 39 coelum.
1196 1273 84 39 Nam
1244 1273 96 39 etsi
1303 1273 108 39 saepe
1375 1273 84 39 per
1423 1273 120 39 coelum
1507 1273 191 39 intelligatur
1662 1273 143 39 supremum
1770 1273 108 39 illud
1829 1273 84 39 habi¬-

1092 1313 133 35 taculum
1188 1313 96 35 Dei,
1249 1313 72 35 in
1285 1313 84 35 quo
1333 1313 96 35 Deus
1393 1313 60 35 a
1418 1313 121 35 beatis
1502 1313 133 35 Angelis
1598 1313 60 35 &
1623 1313 133 35 sanctis
1719 1313 157 35 hominibus
1828 1313 72 35 vide

1098 1343 93 35 tur:
1156 1343 104 35 tamen
1226 1343 70 35 in
1261 1343 162 35 visionibus
1388 1343 139 35 Johannis
1492 1343 104 35 etiam
1562 1343 162 35 significat
1689 1343 151 35 Ecclesiam
1805 1343 70 35 in
1828 1343 70 35 ter¬-

1089 1378 74 39 ra
1126 1378 123 39 quidem
1212 1378 184 39 militantem,
1359 1378 86 39 sed
1408 1378 111 39 ortum
1482 1378 61 39 e
1507 1378 111 39 coelo
1580 1378 61 39 &
1605 1378 221 39 conversationem
1789 1378 74 39 in
1814 1378 86 39 coelo

1093 1411 146 38 habentem,
1205 1411 101 38 velut
1272 1411 112 38 capit.
1350 1411 78 38 12.
1395 1411 101 38 Apoc.
1462 1411 67 38 v.
1496 1411 67 38 7.
1529 1411 112 38 Factum
1608 1411 78 38 est
1653 1411 134 38 praelium
1753 1411 67 38 in
1787 1411 112 38 coelo:
1854 1411 56 38 Mi¬-

1098 1443 108 44 chael
1170 1443 60 44 &
1194 1443 120 44 Angeli
1278 1443 96 44 ejus
1339 1443 156 44 praeliati
1459 1443 96 44 sunt
1519 1443 84 44 cum
1567 1443 144 44 dracone,
1675 1443 60 44 &
1699 1443 108 44 draco
1772 1443 144 44 pugnavit
1868 1443 36 44 &

1106 1478 111 35 ingeli
1184 1478 100 35 ejus.
1251 1478 78 35 Sed
1295 1478 78 35 non
1340 1478 200 35 praevaluerunt,
1506 1478 100 35 neque
1573 1478 100 35 locus
1640 1478 100 35 eorum
1707 1478 122 35 amplius
1785 1478 122 35 inventus.

1092 1509 81 40 est
1139 1509 69 40 in
1173 1509 116 40 coelo.
1254 1509 139 40 Praelium
1358 1509 116 40 factum
1439 1509 69 40 in
1474 1509 92 40 illo
1532 1509 127 40 supremo
1624 1509 104 40 coelo
1693 1509 81 40 est
1728 1509 185 40 absurdissimum:

1095 1543 72 44 sed
1136 1543 62 44 in
1167 1543 124 44 Ecclesia
1260 1543 62 44 in
1291 1543 93 44 terra
1353 1543 124 44 praelium
1446 1543 52 44 a
1467 1543 114 44 Satana,
1550 1543 134 44 excitari,
1653 1543 93 44 alias
1715 1543 155 44 spirituale,
1829 1543 72 44 alia;

1089 1586 172 35 corporale,
1224 1586 110 35 alias
1297 1586 147 35 utrumque
1408 1586 123 35 simul,
1494 1586 86 35 est
1543 1586 110 35 extra
1616 1586 221 35 controversiam.
1801 1586 98 35 Quum
1850 1586 61 35 er¬-

1091 1613 73 44 go
1127 1613 147 44 Johannes
1237 1613 147 44 visionem
1347 1613 134 44 narret,
1445 1613 147 44 veritati
1555 1613 85 44 est
1604 1613 110 44 magis
1677 1613 208 44 consentaneum,
1836 1613 73 44 quod

1090 1644 83 44 per
1138 1644 143 44 visionem
1245 1644 179 44 Propheticam
1388 1644 72 44 in
1424 1644 143 44 Ecclesia
1531 1644 131 44 orantes
1627 1644 131 44 sanctos
1722 1644 131 44 viderit
1818 1644 72 44 in
1841 1644 72 44 ter¬-

1102 1676 68 39 ra
1136 1676 102 39 adhuc
1204 1676 147 39 viventes,
1317 1676 102 39 sicut
1385 1676 125 39 ipsimet
1476 1676 79 39 mox
1521 1676 68 39 v.
1555 1676 79 39 10.
1601 1676 125 39 dicunt,
1691 1676 57 39 &
1714 1676 159 39 regnabimus
1828 1676 79 39 super

1089 1710 131 38 terram.
1185 1710 96 38 Quin
1244 1710 131 38 etiamsi
1340 1710 143 38 daremus,
1447 1710 131 38 sanctos
1543 1710 107 38 illos
1614 1710 72 38 in
1650 1710 131 38 supremo
1746 1710 96 38 illo
1794 1710 107 38 habita.

1095 1743 98 38 culo
1156 1743 86 38 Dei
1205 1743 147 38 suffitus
1315 1743 122 38 precum
1401 1743 171 38 obtulisse:
1536 1743 110 38 tamen
1609 1743 147 38 Papistae
1719 1743 86 38 non
1756 1743 147 38 obtinerent

1101 1784 100 34 quod
1163 1784 137 34 volunt.
1263 1784 87 34 Per
1313 1784 125 34 preces
1400 1784 100 34 enim
1462 1784 175 34 intelligit
1599 1784 150 34 Johannes
1712 1784 125 34 hymnum
1799 1784 62 34 &
1811 1784 100 34 laudes

1089 1809 144 41 divinas,
1197 1809 120 41 quibro
1281 1809 108 41 Agnum
1354 1809 84 41 Dei
1402 1809 180 41 extulerunt,
1546 1809 84 41 non
1594 1809 108 41 autem
1666 1809 217 41 intercessionem
1835 1809 72 41 pro¬-

1097 1844 153 38 hominibus
1215 1844 71 38 in
1250 1844 106 38 terra
1321 1844 176 38 viventibus,
1462 1844 71 38 ut
1497 1844 71 38 ex
1532 1844 176 38 sequentibus
1673 1844 129 38 liquet.
1767 1844 118 38 Illico
1838 1844 71 38 enim

1090 1873 133 41 exponit
1186 1873 145 41 Johannes
1295 1873 121 41 quales
1379 1873 133 41 fuerint
1476 1873 121 41 preces
1560 1873 109 41 illae
1633 1873 157 41 sanctorum
1753 1873 145 41 nimirum,
1850 1873 60 41 Ce¬-

1099 1909 134 42 inerunt
1196 1909 146 42 canticum
1305 1909 122 42 novum,
1391 1909 158 42 dicentes,
1512 1909 122 42 Dignus
1597 1909 73 42 es
1634 1909 85 42 qui
1682 1909 146 42 accipias
1792 1909 122 42 librum
1865 1909 36 42 &

1093 1941 126 43 aperias
1184 1941 91 43 ejus
1241 1941 137 43 sigilla,
1344 1941 126 43 quoniam
1435 1941 137 43 mactatus
1538 1941 68 43 es
1572 1941 57 43 &
1595 1941 148 43 redemisti
1709 1941 80 43 nos
1755 1941 80 43 Deo
1800 1941 80 43 per
1835 1941 68 43 san¬-

1082 1980 125 46 guinem
1170 1980 100 46 tuum
1233 1980 75 46 ex
1270 1980 100 46 omni
1333 1980 113 46 tribu
1408 1980 63 46 &
1433 1980 125 46 lingua
1521 1980 63 46 &
1546 1980 125 46 populo
1633 1980 63 46 &
1659 1980 150 46 natione:
1771 1980 75 46 Et
1796 1980 113 46 fecisti

1093 2016 84 39 nos
1141 2016 84 39 Deo
1189 2016 120 39 nestro
1273 2016 108 39 Reges
1344 2016 60 39 &
1368 2016 180 39 Sacerdotes:
1512 2016 60 39 &
1536 2016 168 39 regnabimus
1667 2016 108 39 super
1727 2016 108 39 terram.

1119 2045 210 39 TERTIOcitant
1290 2045 118 39 locum
1368 2045 79 39 ex
1408 2045 118 39 Apoc.
1487 2045 79 39 6.
1526 2045 79 39 v.
1565 2045 79 39 9,
1605 2045 92 39 10.
1657 2045 79 39 in
1697 2045 92 39 quo
1749 2045 184 39 commemorat

1086 2071 152 46 Johannes,
1203 2071 70 46 se
1239 2071 129 46 vidisse
1332 2071 82 46 sub
1379 2071 117 46 altari
1461 2071 117 46 animas
1543 2071 105 46 eorum
1613 2071 82 46 qui
1660 2071 129 46 mactati
1754 2071 129 46 fuerant
1836 2071 70 46 pro¬-

1089 2115 98 31 pter
1150 2115 122 31 verbum
1235 2115 98 31 Dei,
1296 2115 61 31 &
1321 2115 134 31 propter
1418 2115 183 31 testimonium
1565 2115 98 31 quod
1626 2115 171 31 tuebantur.
1760 2115 159 31 Clamabant

1088 2142 113 37 autem
1164 2142 100 37 voce
1226 2142 113 37 magna
1302 2142 163 37 dicentes,
1427 2142 151 37 Vsquequo
1540 2142 138 37 Domine,
1641 2142 88 37 qui
1691 2142 138 37 sanctus
1791 2142 75 37 es
1829 2142 63 37 &
1841 2142 63 37 ve¬-

1086 2176 96 35 rax,
1146 2176 84 35 non
1194 2176 132 35 judicas
1291 2176 72 35 ac
1327 2176 157 35 sanguinem
1447 2176 132 35 nostrum
1544 2176 157 35 vindicas,
1664 2176 84 35 eum
1712 2176 108 35 nempe
1773 2176 132 35 reposcen¬-

1097 2206 64 49 lo
1129 2206 64 49 ab
1161 2206 74 49 iis
1204 2206 74 49 qui
1246 2206 127 49 habitant
1341 2206 64 49 in
1363 2206 74 49 terra

1123 2238 103 46 RESP.
1191 2238 103 46 Primo
1260 2238 80 46 est
1305 2238 126 46 petitio
1397 2238 160 46 principii,
1523 2238 91 46 quia
1580 2238 69 46 ex
1614 2238 149 46 allegoria
1729 2238 57 46 &
1751 2238 126 46 visione
1831 2238 69 46 con¬-

1079 2271 156 45 firmatur
1196 2271 117 45 dogma
1274 2271 247 45 Ecclesiasticum,
1482 2271 104 45 unde
1546 2271 182 45 confirmari
1689 2271 91 45 non
1741 2271 143 45 potest.
1832 2271 65 45 Nam

1087 2314 65 29 ex
1120 2314 87 29 solo
1174 2314 131 29 literali
1272 2314 98 29 sensu
1338 2314 87 29 peti
1392 2314 109 29 debere
1468 2314 142 29 argumenta
1577 2314 152 29 efficacia,
1697 2314 54 29 &
1719 2314 98 29 fidei
1784 2314 120 29 dogmata
1860 2314 44 29 ex

1084 2347 133 33 mysticis
1184 2347 133 33 sensibus
1284 2347 78 33 non
1328 2347 100 33 posse
1395 2347 166 33 efficaciter
1528 2347 166 33 confirmari,
1661 2347 122 33 fatetur
1739 2347 155 33 Bellarminus.

1094 2386 110 38 psemet
1171 2386 88 38 lib.
1226 2386 66 38 3.
1259 2386 66 38 de
1292 2386 99 38 Verbo
1358 2386 88 38 Dei,
1413 2386 88 38 cap.
1468 2386 66 38 3.
1502 2386 99 38 sect.
1568 2386 66 38 8.
1601 2386 77 38 Jam
1645 2386 110 38 certum
1722 2386 88 38 est,
1777 2386 66 38 in
1799 2386 99 38 adducto

1077 2412 102 40 loco
1141 2412 153 40 visionem
1256 2412 166 40 recitari,
1384 2412 89 40 non
1435 2412 115 40 autem
1512 2412 89 40 tem
1563 2412 141 40 gestam:
1665 2412 89 40 non
1716 2412 102 40 enim
1780 2412 128 40 sancti
1857 2412 51 40 in

1083 2451 108 34 coelo
1155 2451 144 34 clamant,
1263 2451 84 34 non
1312 2451 168 34 turbantur,
1444 2451 84 34 non
1492 2451 180 34 expostulant
1636 2451 84 34 cum
1684 2451 84 34 Deo
1733 2451 72 34 ut
1769 2451 120 34 litera
1841 2451 60 34 so¬-

1086 2479 100 34 nat.
1149 2479 113 34 Aliud
1224 2479 100 34 ergo
1287 2479 213 34 significatur,
1462 2479 113 34 nempe
1538 2479 125 34 causam
1625 2479 138 34 propter
1726 2479 100 34 quam
1776 2479 125 34 Martyres

1077 2514 173 40 sanguinem
1210 2514 173 40 fuderunt,
1343 2514 160 40 ipsumque
1463 2514 107 40 adeo
1530 2514 173 40 sanguinem
1663 2514 160 40 Martyrum
1770 2514 133 40 clamare.

1090 2546 74 41 ad
1127 2546 98 41 Deum
1188 2546 86 41 pro
1237 2546 160 41 vindicta,
1360 2546 135 41 exigere
1458 2546 61 41 &
1483 2546 160 41 postulare
1606 2546 172 41 vindictam,
1741 2546 111 41 sicut
1803 2546 98 41 Gen.4.

1087 2579 68 39 v.
1121 2579 80 39 10.
1166 2579 125 39 dicitur
1257 2579 68 39 de
1291 2579 102 39 Abele
1359 2579 159 39 interfecto
1484 2579 57 39 a
1507 2579 125 39 Cajino:
1598 2579 80 39 Vox
1644 2579 148 39 sanguinum
1757 2579 125 39 fratris
1837 2579 68 39 tui¬-

1086 2614 73 38 me
1122 2614 73 38 ab
1159 2614 97 38 ipsa
1219 2614 97 38 humo
1280 2614 157 38 inclamat,
1401 2614 73 38 id
1437 2614 97 38 est,
1498 2614 157 38 vindictam
1619 2614 133 38 poscit:
1715 2614 85 38 Deo
1764 2614 109 38 autem
1824 2614 73 38 Mar¬-

1094 2652 91 38 vres
1150 2652 102 38 curae
1219 2652 91 38 esse
1275 2652 125 38 propter
1366 2652 148 38 Christum,
1480 2652 80 38 qui
1525 2652 80 38 est
1571 2652 114 38 altate
1650 2652 114 38 illud,
1730 2652 80 38 sub
1775 2652 80 38 quo
1809 2652 80 38 Marty

1088 2684 81 39 rum
1135 2684 116 39 animae
1216 2684 162 39 quiescunt:
1343 2684 70 39 ac
1378 2684 104 39 licet
1448 2684 139 39 videatur
1552 2684 151 39 connivere
1668 2684 70 39 in
1691 2684 209 39 persequutionibus

1088 2712 100 44 quas
1151 2712 138 44 tyranni
1252 2712 138 44 movent,
1352 2712 88 44 suo
1402 2712 113 44 tamen
1477 2712 138 44 tempore
1578 2712 125 44 poenam
1666 2712 75 44 de
1703 2712 113 44 illis
1766 2712 138 44 sumturum,

1089 2749 62 38 &
1113 2749 161 38 sanguinem
1237 2749 148 38 Martyrum
1348 2749 148 38 ulturum.
1459 2749 87 38 Sic
1509 2749 173 38 explicatur
1645 2749 87 38 hic
1694 2749 111 38 locus
1768 2749 124 38 tom.4.
1843 2749 49 38 O¬-

1098 2781 105 37 erum
1163 2781 170 37 Augustini
1294 2781 78 37 in
1333 2781 222 37 Quaestionibus
1516 2781 78 37 ex
1555 2781 131 37 Veteri
1647 2781 65 37 &
1673 2781 105 37 Novo
1725 2781 170 37 Testamento,

1091 2819 131 37 quaest.
1186 2819 71 37 68
1222 2819 95 37 pag.
1282 2819 214 37 quinquagentes.
1460 2819 131 37 triges.
1556 2819 107 37 prima
1627 2819 155 37 Editionis
1734 2819 167 37 Frobenianae,

1097 2854 88 38 Anni
1152 2854 100 38 1528.
1219 2854 77 38 Sic
1263 2854 111 38 animae
1340 2854 144 38 occisorum
1451 2854 122 38 clamant
1539 2854 144 38 vindicari
1650 2854 66 38 se
1683 2854 177 38 postulantes,
1827 2854 100 38 sicut

1083 2880 130 40 sanguis
1178 2880 95 40 Abel
1237 2880 142 40 clamavit
1344 2880 71 40 de
1379 2880 119 40 terra:
1462 2880 119 40 Causae
1545 2880 95 40 ergo
1605 2880 95 40 sunt
1664 2880 95 40 quae
1723 2880 130 40 clamare
1806 2880 95 40 dicun¬-

1079 2915 92 41 tur,
1136 2915 81 41 cum
1182 2915 104 41 loqui
1251 2915 81 41 non
1297 2915 138 41 possint.
1401 2915 127 41 Sanguis
1493 2915 92 41 enim
1550 2915 127 41 effusus
1642 2915 92 41 quid
1700 2915 104 41 aliud
1769 2915 92 41 quam
1815 2915 81 41 judi¬-

1084 2953 93 37 cari
1143 2953 70 37 se
1178 2953 151 37 postulat,
1294 2953 128 37 clamans
1387 2953 82 37 non
1434 2953 105 37 voce,
1504 2953 82 37 sed
1550 2953 140 37 ratione?
1655 2953 82 37 Nam
1702 2953 58 37 &
1725 2953 93 37 opus
1783 2953 140 37 opificem

1089 2980 127 39 laudare
1182 2980 127 39 dicitur
1274 2980 81 39 per
1320 2980 81 39 hoc
1367 2980 104 39 ipsum
1436 2980 92 39 quod
1494 2980 139 39 videntem
1598 2980 69 39 se
1632 2980 150 39 oblectat.
1748 2980 81 39 Non
1794 2980 92 39 enim
1840 2980 58 39 tam

1073 3011 164 43 impatientes
1205 3011 88 43 sunt
1259 3011 121 43 sancti,
1347 3011 66 43 ut
1380 3011 121 43 urgeant
1468 3011 77 43 jam
1511 3011 110 43 fieri,
1588 3011 88 43 quod
1643 3011 110 43 sciunt
1720 3011 121 43 tempore
1796 3011 99 43 praefi¬-

1073 3052 85 39 nito
1127 3052 128 39 futurum,
1222 3052 85 39 quod
1275 3052 74 39 nec
1318 3052 149 39 anticipari
1435 3052 117 39 potest,
1520 3052 74 39 nec
1562 3052 138 39 differri.
1669 3052 74 39 Sed
1711 3052 74 39 hoc
1754 3052 96 39 dicto
1807 3052 85 39 osten¬-

1085 3082 105 40 dere
1150 3082 144 40 voluit,
1255 3082 210 40 vindicaturum
1426 3082 105 40 Deum
1491 3082 170 40 sanguinem
1623 3082 170 40 sanctorum
1754 3082 144 40 suorum:
1846 3082 52 40 ne

1072 3117 105 43 quia
1138 3117 92 43 tam
1190 3117 145 43 patiens
1296 3117 105 43 nunc
1361 3117 158 43 videtur,
1480 3117 145 43 inultum
1585 3117 171 43 putaretur
1717 3117 132 43 impium
1796 3117 105 43 bellum

1083 3141 93 57 quod
1141 3141 116 57 contra
1222 3141 127 57 sanctos
1315 3141 139 57 geritur:
1419 3141 69 57 ut
1454 3141 58 57 &
1477 3141 139 57 terrorem
1581 3141 139 57 incutiat
1685 3141 208 57 persequentibus
1847 3141 46 57 De

1081 3181 134 45 sarvos,
1178 3181 61 45 &
1203 3181 195 45 exhortaretur
1361 3181 85 45 pro
1410 3181 73 45 se
1446 3181 171 45 patientes.
1580 3181 110 45 Quare
1653 3181 85 45 hic
1702 3181 110 45 locus
1763 3181 134 45 opinionem

1073 3215 176 53 Papistarum
1212 3215 88 53 non
1250 3215 113 53 probat,
