2063 3480
224 157 127 65 Deinde
313 157 114 65 dato,
389 157 89 65 sed
440 157 89 65 non
490 157 165 65 concesso,
617 157 127 65 animas
705 157 152 65 Martyrum
819 157 127 65 revera
895 157 127 65 precatas

193 192 68 63 ut
227 192 113 63 litera
305 192 113 63 sonat,
384 192 102 63 tamen
452 192 90 63 inde
509 192 124 63 colligi
599 192 79 63 non
644 192 124 63 potest,
734 192 102 63 illas
802 192 135 63 precatas
903 192 79 63 pro
937 192 79 63 homi¬-

205 235 101 44 nibus
272 235 157 44 viventibus
396 235 67 44 in
430 235 112 44 terra,
508 235 79 44 sed
553 235 79 44 pro
598 235 79 44 se,
643 235 101 44 sicut
711 235 101 44 verba
778 235 101 44 eorum
846 235 124 44 habent,
924 235 79 44 Vsque

202 274 81 47 quo
249 274 127 47 Domine,
341 274 81 47 qui
387 274 127 47 sanctus
479 274 69 47 es
514 274 58 47 &
537 274 115 47 verax,
618 274 81 47 non
664 274 127 47 judicus
756 274 69 47 ac
791 274 150 47 sanguinem
906 274 115 47 nostru
975 274 35 47 n

195 310 141 45 vindicas
301 310 70 45 ab
336 310 70 45 us
371 310 82 45 qui
418 310 141 45 habitant
523 310 70 45 in
559 310 117 45 terra?
641 310 164 45 Desiderant
770 310 141 45 judicium
875 310 105 45 illud
934 310 70 45 uni¬-

209 344 139 35 versale,
313 344 81 35 pro
360 344 150 35 hominibus
475 344 104 35 autem
544 344 69 35 in
579 344 104 35 terra
648 344 162 35 viventibus
764 344 92 35 nihil.

245 371 88 53 QUA
296 371 88 53 RTO
346 371 163 53 proferunt
471 371 113 53 locum
546 371 75 53 ex
584 371 138 53 Apocal.
684 371 75 53 8.
722 371 75 53 v.
759 371 75 53 3.
797 371 63 53 &
822 371 75 53 4.
860 371 113 53 Alius
922 371 88 53 Ange¬-

201 396 84 53 lus
249 396 120 53 venit,
333 396 60 53 &
357 396 120 53 stetit
441 396 96 53 ante
501 396 96 53 aram
561 396 120 53 habens
644 396 168 53 thuribulum
776 396 132 53 aureum:
872 396 60 53 &
896 396 96 53 dati
944 396 72 53 sunt

195 445 70 38 ei
230 445 139 38 suffitus
335 445 116 38 multi,
416 445 70 38 ut
451 445 139 38 offerret
555 445 81 38 cum
601 445 139 38 precibus
706 445 151 38 sanctorum
822 445 116 38 omnium
903 445 104 38 super
961 445 58 38 al¬-

210 477 96 45 care
270 477 131 45 aureum,
365 477 96 45 quod
425 477 84 45 est
473 477 96 45 ante
532 477 143 45 thronum.
640 477 155 45 Adscendit
759 477 107 45 autem
831 477 107 45 fumus
891 477 131 45 suffituum

204 510 91 52 cum
256 510 155 52 precibus
372 510 168 52 sanctorum
502 510 65 52 e
528 510 104 52 manu
592 510 129 52 Angeli
683 510 78 52 ad
722 510 181 52 conspectum
864 510 104 52 Dei.
929 510 104 52 Ergo
980 510 78 52 san¬-

199 537 86 48 cti
248 537 123 48 Angeli
334 537 184 48 intercedunt
481 537 86 48 pro
518 537 98 48 nobis.

240 565 106 52 RESP.
311 565 106 52 Primo
382 565 130 52 vitiosa
476 565 83 52 est
523 565 201 52 consequentia,
688 565 94 52 quia
747 565 71 52 ex
783 565 177 52 particulari
913 565 94 52 infer¬-

202 609 83 57 tur
250 609 154 57 conclusio
368 609 166 57 indefinita
499 609 190 57 aequipollens
654 609 166 57 universali
784 609 119 57 contra
867 609 107 57 recte
927 609 83 57 argu¬-

200 640 160 47 mentandi
306 640 107 47 leges.

241 675 148 44 Secundo,
352 675 136 44 etiamsi
451 675 111 44 forma
525 675 99 44 bona
587 675 124 44 esset,
673 675 74 44 in
710 675 136 44 materia
809 675 111 44 tamen
883 675 161 44 peccatur.

207 707 81 56 Nam
254 707 175 56 committitur
394 707 128 56 petitio
487 707 163 56 principii,
615 707 93 56 quia
673 707 70 56 ex
708 707 93 56 loco
766 707 163 56 allegorico
894 707 81 56 seu
929 707 93 56 visio¬-

195 745 72 40 ne
231 745 180 40 confirmatio
375 745 132 40 petitur
471 745 144 40 dogmatis
566 745 192 40 Ecclesiastici:

245 777 125 49 Tertio,
336 777 125 49 Angelus
426 777 80 49 his
472 777 80 49 non
517 777 80 49 est
563 777 125 49 creatus
654 777 148 49 spiritus,
767 777 80 49 sed
813 777 114 49 Filius
892 777 80 49 Dei
926 777 91 49 aeter¬

182 811 92 39 nus.

245 839 81 54 Ex
286 839 203 54 refutatione
449 839 217 54 Papisticorum
625 839 217 54 argumentorum
801 839 149 54 liquet,
896 839 163 54 Scripturam

205 882 84 43 non
253 882 132 43 testari
349 882 96 43 quod
409 882 120 43 sancti
493 882 144 43 defuncti
601 882 84 43 pro
650 882 108 43 nobis
722 882 120 43 orent.
806 882 144 43 Caeterum
914 882 84 43 hoc
950 882 72 43 con¬-

210 917 97 34 cedi
271 917 134 34 potest,
368 917 134 34 sanctos
465 917 158 34 defunctos
586 917 73 34 in
623 917 109 34 coelo
695 917 85 34 jam
744 917 85 34 cum
793 917 134 34 Christo
877 917 134 34 regnantes

201 949 148 42 precari,
311 949 74 42 ut
348 949 148 42 adveniat
459 949 123 42 regnum
545 949 98 42 Dei,
607 949 98 42 item
668 949 135 42 precari
767 949 86 42 pro
816 949 148 42 Ecclesia
915 949 98 42 commu¬-

210 990 116 38 niter
287 990 64 38 &
313 990 77 38 in
352 990 129 38 genere
441 990 167 38 duntaxat,
570 990 103 38 quum
634 990 103 38 sint
699 990 154 38 nobiscum
814 990 129 38 membra
891 990 116 38 ejusdem

208 1013 153 45 Ecclesiae
326 1013 141 45 Christi,
432 1013 129 45 quumque
526 1013 118 45 sancti
608 1013 165 45 charitatem
737 1013 94 45 erga
796 1013 153 45 ecclesiam
902 1013 118 45 militan¬-

213 1052 86 37 tem
262 1052 86 37 non
311 1052 196 37 deposuerint,
470 1052 86 37 sed
519 1052 98 37 ejus
581 1052 221 37 conservationem
765 1052 61 37 &
789 1052 196 37 liberationem
936 1052 74 37 exo¬-

219 1084 119 38 ptent:
302 1084 71 38 in
338 1084 178 38 particulari
480 1084 107 38 autem
552 1084 83 38 pro
599 1084 119 38 nemine
682 1084 119 38 orant,
766 1084 95 38 quia
825 1084 83 38 nec
872 1084 119 38 vident
944 1084 71 38 qua¬-

213 1121 84 34 rum
261 1121 108 34 rerum
333 1121 120 34 inopia
417 1121 144 34 premamur
525 1121 72 34 in
561 1121 192 34 particulari,
716 1121 84 34 nec
764 1121 132 34 gemitus
860 1121 132 34 nostros
944 1121 60 34 au¬-

205 1150 121 39 diunt.
290 1150 85 39 Ita
338 1150 157 39 generales
459 1150 157 39 sauctorum
580 1150 73 39 in
617 1150 109 39 coelo
689 1150 121 39 preces
774 1150 85 39 pro
822 1150 109 39 nobis
883 1150 133 39 concedim?

216 1185 185 37 particulares
367 1185 162 37 constanter
494 1185 139 37 negamus.
598 1185 104 37 Atque
668 1185 104 37 orant
737 1185 116 37 sancti
818 1185 69 37 in
853 1185 104 37 coelo
922 1185 81 37 pro
957 1185 58 37 no¬-

204 1222 90 37 bis
255 1222 77 37 in
294 1222 115 37 terra
371 1222 192 37 viventibus,
524 1222 77 37 ex
563 1222 141 37 communi
665 1222 167 37 membrorum
793 1222 154 37 consensu
909 1222 77 37 in
934 1222 90 37 Chri¬-

202 1253 88 41 sto,
257 1253 77 41 non
301 1253 66 41 ex
333 1253 164 41 particulari
465 1253 77 41 aut
509 1253 142 41 singulari
618 1253 99 41 sensu
684 1253 66 41 in
706 1253 109 41 seipsis.

243 1286 82 44 Sed
290 1286 152 44 praeterea
407 1286 152 44 objicitur
512 1286 82 44 istud

250 1318 146 37 Christus
359 1318 146 37 collegam
469 1318 109 37 habet
542 1318 146 37 Spiritum
651 1318 134 37 Sanctum
748 1318 73 37 in
785 1318 134 37 officio
870 1318 158 37 Mediatorio:

210 1354 100 46 Ergo
272 1354 150 46 Christus
384 1354 112 46 solus
459 1354 87 46 non
509 1354 87 46 est
559 1354 150 46 Mediator
672 1354 87 46 Dei
722 1354 62 46 &
734 1354 125 46 hominum.

242 1389 179 42 Antecedens
383 1389 167 42 probatur:
511 1389 103 42 quia
575 1389 154 42 Spiritus
691 1389 141 42 Sanctus
793 1389 167 42 nominatur
909 1389 115 42 advoca¬-

215 1422 79 41 tus
260 1422 112 41 noster
338 1422 56 41 a
361 1422 123 41 Christo
451 1422 101 41 ipso,
518 1422 90 41 Joh.
574 1422 79 41 14.
619 1422 67 41 v.
653 1422 79 41 16,
697 1422 79 41 17.
742 1422 79 41 Ego
787 1422 101 41 autem
855 1422 112 41 rogabo
922 1422 101 41 Patrem,

207 1455 60 36 &
231 1455 109 36 alium
303 1455 181 36 Paracletum,
448 1455 72 36 id
484 1455 96 36 est,
545 1455 157 36 advocatum
665 1455 109 36 dabit
738 1455 121 36 vobis,
822 1455 72 36 ut
858 1455 121 36 mancat
931 1455 84 36 vobus

208 1487 89 35 cum
259 1487 76 35 in
297 1487 165 35 aeternum:
424 1487 114 35 Nempe
501 1487 153 35 Spiritum
615 1487 114 35 illum
691 1487 165 35 veritatis
819 1487 102 35 quem
882 1487 127 35 mundus
958 1487 64 35 non

208 1521 113 43 potest
287 1521 147 43 recipere,
400 1521 90 43 quia
457 1521 79 43 non
502 1521 102 43 videt
570 1521 90 43 eum,
626 1521 79 43 nec
671 1521 102 43 novit
739 1521 90 43 eum:
796 1521 79 43 vos
841 1521 102 43 autem
898 1521 124 43 cognosci¬-

204 1562 82 32 tis
251 1562 94 32 eum,
310 1562 94 32 quia
369 1562 94 32 apud
428 1562 82 32 vos
475 1562 118 32 manet,
557 1562 59 32 &
581 1562 71 32 in
616 1562 106 32 vobis
687 1562 106 32 erit.
757 1562 71 32 Et
793 1562 94 32 vers
851 1562 82 32 26.
887 1562 141 32 Paracletus

208 1595 100 36 ille,
275 1595 67 36 id
308 1595 89 36 est,
364 1595 134 36 Spiritus
464 1595 123 36 Sanctus
554 1595 89 36 quem
609 1595 112 36 mittet
687 1595 100 36 Pater
754 1595 67 36 in
788 1595 112 36 nomine
866 1595 89 36 meo,
922 1595 89 36 ille
966 1595 56 36 vos

208 1627 124 39 docebit
298 1627 113 39 omnia,
377 1627 56 39 &
399 1627 135 39 suggeret
500 1627 101 39 vobis
568 1627 101 39 omnia
635 1627 90 39 quae
692 1627 90 39 dixi
748 1627 113 39 vobis.
827 1627 68 39 Et
860 1627 113 39 capite
939 1627 79 39 15.
973 1627 56 39 26.

209 1656 97 43 Quum
269 1656 109 43 autem
342 1656 133 43 venerit
439 1656 170 43 paracletus
573 1656 109 43 ille,
645 1656 97 43 quem
706 1656 85 43 ego
754 1656 121 43 mittam
839 1656 109 43 vobis
912 1656 61 43 a
924 1656 97 43 Patre.

204 1693 144 42 (piritus,
315 1693 122 42 inquam,
404 1693 89 42 ille
459 1693 156 42 veritatis,
582 1693 78 42 qui
626 1693 56 42 a
648 1693 100 42 Patre
715 1693 122 42 emanat)
804 1693 89 42 ille
859 1693 156 42 testabitur
971 1693 44 42 de

210 1727 81 39 me.
257 1727 69 39 Et
291 1727 81 39 cap
338 1727 81 39 16.
384 1727 69 39 7.
418 1727 127 39 Expedit
511 1727 104 39 vobis
580 1727 69 39 ut
615 1727 81 39 ego
661 1727 116 39 abeam:
742 1727 92 39 nisi
800 1727 92 39 enim
857 1727 127 39 abiero,
938 1727 81 39 para¬-

211 1755 113 37 cletus
290 1755 90 37 ille
346 1755 79 37 non
392 1755 113 37 veniet
471 1755 68 37 ad
505 1755 90 37 vos.
561 1755 158 37 Intercedit
686 1755 79 37 pro
731 1755 102 37 nobis
799 1755 147 37 gemitibus
901 1755 124 37 inenarta:

203 1787 142 40 bilibus,
310 1787 95 40 Rom.
369 1787 71 40 8.
404 1787 71 40 v.
440 1787 83 40 26,
487 1787 83 40 27.
534 1787 118 40 Itidem
617 1787 106 40 autem
688 1787 59 40 &
712 1787 142 40 Spiritus
818 1787 83 40 una
865 1787 142 40 sublevat
960 1787 59 40 in¬-

208 1821 153 42 firmitates
328 1821 131 42 nostras,
427 1821 87 42 quid
481 1821 87 42 enim
536 1821 131 42 precemur
634 1821 66 42 ut
667 1821 131 42 oportet,
766 1821 77 42 non
809 1821 131 42 novimus:
908 1821 77 42 sed
951 1821 87 42 ipse

202 1854 129 37 Spiritus
299 1854 161 37 interpellat
428 1854 75 37 pro
471 1854 97 37 nobis
535 1854 140 37 suspiriis
643 1854 215 37 inenarrabilibus.
825 1854 75 37 Qui
868 1854 86 37 vero
911 1854 97 37 scruta.

204 1893 83 38 tur
252 1893 119 38 corda,
335 1893 107 38 novit
406 1893 95 38 quis
466 1893 83 38 sit
513 1893 119 38 sensus
597 1893 155 38 Spiritus:
716 1893 95 38 quia
775 1893 143 38 secundum
882 1893 95 38 Deum
930 1893 95 38 inter¬-

216 1918 109 44 pellat
292 1918 76 44 pro
336 1918 131 44 sanctis.
434 1918 65 44 De
466 1918 120 44 Christo
553 1918 87 44 vero
608 1918 120 44 dicitur
695 1918 65 44 I.
727 1918 87 44 Joh.
782 1918 65 44 1.
814 1918 152 44 παρακληον,
934 1918 65 44 id
956 1918 65 44 est,

215 1961 172 40 Advocatum
347 1961 106 40 apud
414 1961 133 40 Patrem
507 1961 159 40 habemus,
626 1961 119 40 Iesum
706 1961 159 40 Christum
812 1961 119 40 justum.

236 1995 120 40 RESP.
316 1995 173 40 Homonymia
449 1995 93 40 est
502 1995 80 40 in
542 1995 107 40 voce
609 1995 133 40 Graeca
702 1995 200 40 παργκλητος,
862 1995 107 40 quae
929 1995 67 40 &
942 1995 67 40 me¬-

209 2022 153 46 diatorem
324 2022 191 46 patronumve,
477 2022 64 46 &
503 2022 204 46 consolatorem
669 2022 191 46 significat:
822 2022 115 46 sicut
898 2022 64 46 &
911 2022 115 46 verbum;

205 2057 135 43 Graecum
303 2057 196 43 ταργιλολεῖν,
462 2057 98 43 unde
523 2057 61 43 &
548 2057 110 43 nomen
621 2057 171 43 paracletus
756 2057 159 43 derivatum
878 2057 98 43 est,
940 2057 61 43 &
952 2057 61 43 pa¬-

205 2094 147 43 trocinari
318 2094 57 43 &
341 2094 147 43 consolari
454 2094 68 43 si
488 2094 147 43 gnificat.
601 2094 79 43 Sic
647 2094 113 43 igitur
726 2094 91 43 alio
783 2094 91 43 modo
840 2094 147 43 Christus,
942 2094 79 43 alios

207 2126 93 44 modo
265 2126 139 44 Spiritus
370 2126 127 44 Sanctus
462 2126 81 44 est
508 2126 174 44 Paracletus.
647 2126 139 44 Christus
752 2126 81 44 est
798 2126 162 44 paracletus
914 2126 104 44 noster,

210 2159 97 46 quia
270 2159 85 46 est
319 2159 145 46 Mediator
428 2159 60 46 &
452 2159 145 46 patronus
561 2159 121 46 noster
645 2159 133 46 placans
742 2159 109 46 nobis
815 2159 60 46 &
839 2159 157 46 propitium
948 2159 60 46 red

210 2188 103 49 dens
275 2188 116 49 Deum:
352 2188 155 49 Spiritus
468 2188 142 49 Sanctus
571 2188 103 49 vero
636 2188 90 49 est
688 2188 181 49 paracletus
830 2188 142 49 noster,
933 2188 103 49 quia
984 2188 65 49 est

216 2223 173 46 consolator
352 2223 149 46 animarum
463 2223 161 46 nostrarum
587 2223 173 46 subvehiens
723 2223 186 46 infirmitati
872 2223 136 46 nostrae
958 2223 62 46 do¬-

214 2258 103 45 cens
279 2258 103 45 nos,
343 2258 168 45 consulens
472 2258 129 45 nobis,
563 2258 65 45 &
589 2258 142 45 formans
692 2258 78 45 in
731 2258 116 45 nobis
808 2258 129 45 preces
899 2258 78 45 ad
925 2258 90 45 Deum;

220 2292 122 45 Nomen
302 2292 149 45 Latinum
410 2292 176 45 advocatus
545 2292 149 45 tanquam
653 2292 189 45 respondens
802 2292 135 45 Graeco
883 2292 135 45 παρακλη¬-

207 2323 92 45 τος,
265 2323 58 45 a
288 2323 139 45 Patribus
392 2323 104 45 etiam
462 2323 139 45 Spiritui
566 2323 116 45 Sancto
646 2323 162 45 tribuitur,
773 2323 69 45 ut
808 2323 58 45 a
831 2323 173 45 Tertulliano
958 2323 58 45 ad¬-

207 2361 122 44 versus
292 2361 73 44 Pi
329 2361 110 44 axean
402 2361 97 44 cap.
462 2361 73 44 9.
499 2361 61 44 a
523 2361 158 44 Novatiano
645 2361 73 44 de
681 2361 158 44 Trinipate
803 2361 97 44 cap.
864 2361 85 44 28.
913 2361 61 44 &
937 2361 85 44 29.
973 2361 49 44 In

213 2396 136 46 vulgata
312 2396 148 46 versione
423 2396 124 46 Latina
509 2396 148 46 perperam
621 2396 124 46 Latine
707 2396 136 46 dicitur
806 2396 185 46 Paraclitus,
942 2396 74 46 quum

209 2427 152 49 dicendum
323 2427 89 49 sit
374 2427 177 49 Paracletus
513 2427 164 49 penultima
639 2427 164 49 producta;
766 2427 152 49 quanquam
867 2427 152 49 autoritate

222 2460 114 49 Patrum
302 2460 126 49 veterum
393 2460 103 49 illud
462 2460 126 49 defendi
553 2460 103 49 posse
622 2460 149 49 videatur:
736 2460 80 49 sed
782 2460 137 49 vetustas
885 2460 126 49 erroris
965 2460 57 49 non

226 2495 103 43 parit
294 2495 114 43 errori
374 2495 183 43 patrocinium,
523 2495 57 43 &
546 2495 103 43 turpe
614 2495 80 43 est
660 2495 137 43 retinere
763 2495 126 43 errorem
854 2495 137 43 veritate
945 2495 69 43 pate

213 2534 116 39 facta.
295 2534 81 39 Sed
341 2534 70 39 ex
376 2534 81 39 quo
423 2534 105 39 opere
492 2534 81 39 seu
539 2534 93 39 actu
597 2534 139 39 Spiritus
702 2534 128 39 Sanctus
795 2534 128 39 dicatur
876 2534 151 39 paracletus,

213 2560 132 46 exponit
309 2560 144 46 Origenes
417 2560 108 46 libro
489 2560 132 46 secundo
585 2560 84 46 ωρι
632 2560 120 46 δζχιν,
716 2560 72 46 de
752 2560 168 46 Principiis
884 2560 120 46 contra
956 2560 72 46 Cel¬-

208 2594 90 48 sum,
264 2594 113 48 capite
343 2594 135 48 septimo:
444 2594 124 48 Oportet
534 2594 90 48 ergo
591 2594 79 48 nos
636 2594 101 48 scire
703 2594 90 48 quia
760 2594 158 48 Paracletus
884 2594 79 48 est
917 2594 113 48 Spiritus

223 2628 126 46 Sanctus
314 2628 115 46 docens
395 2628 115 46 majora
475 2628 92 46 quam
532 2628 92 46 voce
590 2628 103 46 fieri
659 2628 138 46 possunt,
762 2628 57 46 &
785 2628 69 46 ut
819 2628 80 46 ita
865 2628 138 46 dixerim,
957 2628 69 46 quae

208 2666 166 41 ineffabilia
341 2666 100 41 sunt,
407 2666 55 41 &
429 2666 89 41 quae
485 2666 77 41 non
529 2666 100 41 dicet
595 2666 144 41 hominibus
706 2666 111 41 loqui,
783 2666 66 41 id
817 2666 89 41 est,
872 2666 89 41 quae
916 2666 111 41 indicare

208 2695 121 47 humano
292 2695 133 47 sermone
389 2695 84 47 non
437 2695 145 47 pessunt.
546 2695 72 47 Et
582 2695 109 47 paulo
654 2695 109 47 post:
727 2695 169 47 Paracletus
859 2695 96 47 vero
919 2695 96 47 quod
968 2695 60 47 di¬-

214 2729 102 53 citur
282 2729 136 53 Spiritus
384 2729 136 53 Sanctus,
487 2729 57 53 a
509 2729 182 53 consolatione
657 2729 136 53 dicitur:
759 2729 159 53 Paraclesis
885 2729 91 53 enim
930 2729 91 53 Latino

224 2761 153 50 consolatio
344 2761 164 50 appellatur.
475 2761 65 50 Si
508 2761 87 50 quis
562 2761 109 50 namque
638 2761 65 50 de
671 2761 120 50 Spiritu
758 2761 109 50 Sancto
835 2761 164 50 participare
955 2761 76 50 meru¬-

223 2793 95 54 erit,
287 2793 127 54 cognitis
382 2793 63 54 in
413 2793 158 54 effabilibus
540 2793 158 54 sacramentis
666 2793 179 54 consolationem
814 2793 84 54 sine
867 2793 95 54 dubio
930 2793 53 54 &
941 2793 84 54 laeti¬-

228 2829 93 52 tiam
287 2829 117 52 cordis
368 2829 140 52 assumit.
473 2829 93 52 Quum
532 2829 93 52 enim
590 2829 140 52 rationes
695 2829 117 52 omnium
777 2829 93 52 quae
835 2829 105 52 fiunt
905 2829 105 52 quare
964 2829 58 52 vo¬-

232 2861 128 57 qualiter
329 2861 96 57 fiant
393 2861 118 57 Spiritu
478 2861 139 57 indicante
585 2861 160 57 cognoverit,
713 2861 64 57 in
745 2861 96 57 nullo
810 2861 107 57 utique
884 2861 150 57 conturbari
991 2861 43 57 e¬-

223 2895 77 55 jus
267 2895 99 55 anima
333 2895 133 55 poterit,
433 2895 77 55 aut
477 2895 99 55 ullum
543 2895 110 55 sensum
620 2895 121 55 timoris
709 2895 144 55 accipere:
819 2895 77 55 nec
863 2895 66 55 in
897 2895 110 55 aliquo
963 2895 66 55 ter¬-

221 2927 113 51 retur,
300 2927 79 51 cum
345 2927 102 51 verbo
413 2927 79 51 Dei
458 2927 56 51 &
481 2927 158 51 sapientiae
605 2927 90 51 ejus
661 2927 158 51 inhaerens,
785 2927 124 51 dominum
876 2927 102 51 Iesum
944 2927 113 51 dicit.

219 2961 70 53 in
254 2961 140 53 Spiritu.
360 2961 105 53 Verum
430 2961 129 53 quoniam
524 2961 152 53 Paracleti
641 2961 129 53 fecimus
734 2961 164 53 mentionem,
863 2961 59 53 &
887 2961 82 53 pro
922 2961 105 53 viribus

215 2995 128 55 nostris
309 2995 140 55 qualiter
414 2995 70 55 de
449 2995 70 55 eo
484 2995 128 55 sentiri
577 2995 117 55 debeat
659 2995 175 55 exposuimus,
799 2995 128 55 dicitur
892 2995 105 55 autem
950 2995 82 55 etiam

222 3031 130 52 Salvator
319 3031 108 52 noster
395 3031 151 52 Paracletus
514 3031 65 52 in
547 3031 130 52 epistola
644 3031 130 52 Iohannis
741 3031 76 52 cum
784 3031 108 52 dicit,
860 3031 65 52 Si
892 3031 86 52 quis
936 3031 97 52 nostrum

219 3070 183 53 peccaverit,
365 3070 171 53 patacletum
500 3070 134 53 habemus
597 3070 98 53 apud
658 3070 122 53 Patrem
744 3070 134 53 nostrum
842 3070 110 53 Iesum
903 3070 134 53 Christum,

223 3092 53 59 &
245 3092 84 59 ipse
297 3092 74 59 est
339 3092 158 59 propitiatio
466 3092 74 59 pro
508 3092 126 59 peccatis
603 3092 126 59 nostrisi
698 3092 169 59 consideremus
835 3092 63 59 ne
866 3092 95 59 forte
930 3092 95 59 aliud
982 3092 53 59 si¬-

223 3131 131 57 gnificet
322 3131 88 57 haec
376 3131 153 57 appellatio
497 3131 142 57 paracleti
606 3131 66 57 de
639 3131 153 57 Salvatore,
759 3131 99 57 aliud
825 3131 66 57 de
858 3131 120 57 Spiritu
934 3131 99 57 Sanctos

219 3165 127 49 Videtur
312 3165 93 49 enim
370 3165 70 49 de
405 3165 151 49 Saivatere
521 3165 162 49 Paracletus
648 3165 93 49 dici
706 3165 174 49 deprecator.
845 3165 139 49 Virumque
938 3165 81 49 enim!

212 3206 141 54 gnificat
318 3206 70 54 in
353 3206 117 54 Graeco
435 3206 176 54 paracletus,
576 3206 59 54 &
600 3206 188 54 deprecatorem
752 3206 59 54 &
776 3206 200 54 consolatorem.
928 3206 106 54 Propter

214 3232 79 59 eum
259 3232 90 59 ergo
315 3232 79 59 qui
361 3232 170 59 subsequitur
496 3232 147 59 sermonem,
609 3232 79 59 quo
655 3232 90 59 ait,
711 3232 68 59 Et
745 3232 90 59 ipse
802 3232 79 59 est
847 3232 170 59 propitiatio
971 3232 68 59 pro¬

1049 181 135 51 peccatis
1150 181 135 51 nostris,
1251 181 101 51 magis
1318 181 67 51 in
1352 181 146 51 Salvatore
1464 181 101 51 nomen
1531 181 146 51 paracleti
1644 181 79 51 pro
1689 181 168 51 deprecatere
1812 181 45 51 n¬-

1048 220 174 45 telligendum
1188 220 139 45 videtur.
1292 220 163 45 Deprecatur
1420 220 93 45 enim
1478 220 116 45 Patrem
1559 220 81 45 pro
1606 220 139 45 peccatis
1710 220 139 45 nostris.
1803 220 58 45 De.

1054 248 119 49 Spiritu
1141 248 108 49 Sancto
1217 248 152 49 paracletus
1336 248 97 49 debet
1400 248 141 49 intelligi
1509 248 76 49 pro
1552 248 65 49 eo
1584 248 87 49 quod
1639 248 184 49 consolutionem
1779 248 76 49 prae¬-

1055 284 85 46 stat
1109 284 138 46 animabus,
1215 284 106 46 quibus
1289 284 106 46 aperit
1364 284 53 46 &
1385 284 117 46 revelat
1470 284 106 46 sensum
1545 284 138 46 scientiae
1641 284 138 46 spiritalis.

1234 364 311 62 CAPUT
1407 364 242 62 XXIX.

1120 429 82 70 In
1161 429 95 70 quo
1216 429 82 70 de
1256 429 150 70 officio
1365 429 150 70 Christi
1474 429 204 70 Prophetico,
1624 429 163 70 Sacerdota¬-

1351 488 101 66 li
1402 488 84 66 &
1418 488 135 66 Regio.

1126 554 138 42 FPICIUM
1227 554 176 42 Mediatoris
1366 554 138 42 Christi
1466 554 88 42 est
1517 554 151 42 triplex:
1630 554 201 42 Propheticum,
1781 554 63 42 Sa¬-

1071 564 172 76 Dcerdotale
1206 564 61 76 &
1230 564 135 76 Regium.
1328 564 110 76 Deut.
1402 564 86 76 18.
1451 564 86 76 15.
1500 564 160 76 Prophetam
1623 564 61 76 e
1648 564 110 76 medio
1721 564 98 76 tuie
1770 564 74 76 fra¬-

1145 629 94 35 ribus
1207 629 84 35 tuis
1259 629 94 35 sicut
1322 629 73 35 ego
1364 629 84 35 sum,
1416 629 146 35 suscitabit
1531 629 84 35 tibi
1583 629 104 35 Ithova
1656 629 84 35 Deus
1708 629 94 35 tuus,
1771 629 63 35 ei
1792 629 52 35 au¬-

1056 639 135 65 scultate.
1160 639 104 65 Actor.
1232 639 52 65 3
1253 639 94 65 vers.
1316 639 73 65 22.
1357 639 52 65 &
1378 639 62 65 7.
1409 639 73 65 37.
1451 639 104 65 Psalm.
1524 639 83 65 110.
1576 639 94 65 toto.
1638 639 94 65 Zach.
1701 639 62 65 6.
1732 639 62 65 v.
1763 639 73 65 12,
1794 639 42 65 1.

1053 695 97 39 Ecce
1113 695 121 39 virum,
1198 695 109 39 cujus
1270 695 109 39 nomen
1343 695 85 39 est
1391 695 133 39 GERMEN,
1488 695 85 39 qui
1536 695 60 39 e
1560 695 97 39 loco
1621 695 85 39 suo
1669 695 181 39 germinabit,
1802 695 36 39 &

1058 727 164 40 aedificabit
1190 727 121 40 templum
1277 727 131 40 Iehovae.
1376 727 66 40 Is
1409 727 88 40 enim
1463 727 186 40 aedificaturus
1617 727 77 40 est
1661 727 121 40 templum
1737 727 110 40 Iehovae.

1054 758 121 36 idenque
1142 758 176 36 reportaturus
1284 758 132 36 decorem,
1383 758 55 36 &
1405 758 132 36 sessuras
1504 758 66 36 ac
1537 758 165 36 dominaturus
1668 758 66 36 in
1701 758 99 36 solio
1767 758 88 36 suo,
1811 758 44 36 e¬-

1054 794 102 34 risque
1125 794 122 34 Sacerdos
1217 794 61 34 in
1248 794 92 34 solio
1309 794 82 34 suo,
1360 794 51 34 &
1380 794 133 34 consilium
1483 794 92 34 pacis
1544 794 82 34 erit
1595 794 92 34 inter
1656 794 133 34 utrosque.
1758 794 92 34 Hebr.
1809 794 41 34 7.

1053 827 68 37 2,
1087 827 68 37 3.
1121 827 148 37 Exponitur
1235 827 103 37 autem
1303 827 103 37 nomen
1372 827 103 37 ejus,
1440 827 80 37 Rex
1486 827 160 37 justitiae,
1611 827 114 37 deinde
1691 827 91 37 vero
1748 827 103 37 etiam
1805 827 57 37 Rex

1060 860 107 31 Salem,
1135 860 85 31 quod
1188 860 75 31 est
1231 860 75 31 Rex
1274 860 107 31 pacis:
1349 860 85 31 Sine
1402 860 107 31 patre,
1477 860 85 31 sine
1530 860 107 31 matre,
1605 860 85 31 sine
1658 860 117 31 genere:
1744 860 75 31 nec
1776 860 85 31 initi¬-

1057 892 69 34 um
1091 892 127 34 dierum,
1183 892 81 34 nec
1229 892 104 34 vitae
1298 892 104 34 finem
1367 892 127 34 habens:
1459 892 81 34 sed
1505 892 173 34 assimilatus
1643 892 104 34 Filio
1712 892 92 34 Dei,
1758 892 92 34 manet.

1057 927 134 44 Sacerdos
1158 927 67 44 in
1191 927 157 44 perpetuum.
1314 927 67 44 Et
1348 927 90 44 cap.
1404 927 78 44 13.
1449 927 78 44 20.
1494 927 90 44 Deus
1550 927 90 44 vero
1606 927 112 44 pacis,
1684 927 78 44 qui
1729 927 112 44 magnum
1796 927 56 44 il¬-

1062 958 81 45 lum
1109 958 116 45 ovium,
1190 958 81 45 per
1237 958 151 45 sanguinem
1353 958 128 45 federis
1447 958 128 45 aeterni
1540 958 151 45 pastorem,
1656 958 128 45 Dominum
1738 958 116 45 nostrum:

1070 985 100 50 esum,
1136 985 55 50 a
1159 985 122 50 mortuis
1247 985 133 50 reduxit,
1336 985 55 50 &c.

1104 1012 173 57 propheticum
1243 1012 138 57 efficium
1347 1012 138 57 Christi,
1451 1012 81 57 est
1497 1012 104 57 totum
1566 1012 81 57 Dei
1612 1012 115 57 verbum
1693 1012 104 57 nobis
1751 1012 92 57 perfe¬-

1053 1059 85 39 cte
1102 1059 158 39 revelare,
1223 1059 85 39 nos
1272 1059 134 39 docendo
1370 1059 85 39 tum
1418 1059 134 39 nostrum
1516 1059 122 39 malum,
1601 1059 73 39 in
1638 1059 97 39 quod
1699 1059 110 39 culpa
1760 1059 97 39 nostra

1053 1093 167 33 incidimus,
1184 1093 83 33 tum
1232 1093 107 33 bonum
1303 1093 60 33 a
1327 1093 83 33 Deo
1375 1093 107 33 nobis
1447 1093 72 33 ex
1482 1093 119 33 gratia
1566 1093 167 33 obveniens,
1697 1093 107 33 Hebr.
1768 1093 72 33 1.
1792 1093 48 33 v.

1067 1127 63 42 I.
1098 1127 115 42 Ultimis
1182 1127 105 42 diebus
1255 1127 94 42 hisce
1318 1127 126 42 liquutus
1412 1127 73 42 est
1454 1127 94 42 nobis
1516 1127 105 42 (Deus]
1590 1127 63 42 in
1621 1127 105 42 Filio,
1694 1127 73 42 &c.
1736 1127 84 42 Joh.
1788 1127 63 42 1.
1809 1127 42 42 v.

1069 1157 78 36 16,
1114 1157 78 36 17,
1158 1157 78 36 18.
1203 1157 67 36 Ex
1237 1157 168 36 plenitudine
1371 1157 112 36 ipsius
1450 1157 101 36 omnes
1517 1157 157 36 accepimus,
1640 1157 56 36 &
1663 1157 123 36 gratiam
1752 1157 78 36 pro
1786 1157 67 36 gra¬-

1071 1194 97 40 cia:
1132 1194 85 40 Num
1180 1194 85 40 Lex
1229 1194 97 40 illa
1289 1194 85 40 per
1338 1194 109 40 Mosen
1411 1194 97 40 data
1472 1194 97 40 est:
1532 1194 121 40 gratia
1617 1194 61 40 &
1641 1194 134 40 veritas
1739 1194 85 40 per
1775 1194 85 40 Iesum

1078 1225 138 32 Christum
1181 1225 149 32 praestita
1296 1225 92 32 est.
1353 1225 92 32 Deum
1410 1225 92 32 nemo
1468 1225 103 32 vidit
1537 1225 126 32 unquam:
1628 1225 161 32 unigenitus
1755 1225 92 32 ille
1801 1225 57 32 Fi¬-

1064 1258 89 40 lius,
1123 1258 69 40 qui
1163 1258 69 40 est
1203 1258 59 40 in
1232 1258 79 40 sinu
1282 1258 109 40 Patris,
1361 1258 79 40 ille
1411 1258 89 40 nobis
1470 1258 129 40 exposuit.
1569 1258 89 40 Psal.
1628 1258 69 40 65.
1668 1258 59 40 v.
1698 1258 59 40 6.
1727 1258 69 40 Res
1757 1258 99 40 reveren.

1067 1291 70 40 das
1107 1291 60 40 in
1137 1291 120 40 justitia
1228 1291 151 40 proloqueris
1348 1291 100 40 nobis,
1418 1291 50 40 ô
1438 1291 80 40 Deus
1489 1291 110 40 salutis
1569 1291 120 40 nostrae,
1659 1291 110 40 Jesaiae
1740 1291 80 40 cap.
1780 1291 70 40 sexa¬-

1065 1324 198 44 gesimo-primo,
1228 1324 151 44 versiculo
1344 1324 116 44 primo,
1426 1324 140 44 Spiritus
1530 1324 116 44 Domini
1612 1324 116 44 Iehovi
1693 1324 81 44 est
1740 1324 105 44 super
1798 1324 58 44 me:

1068 1359 72 34 eo
1104 1359 97 34 quod
1164 1359 109 34 unxit
1237 1359 121 34 Iehova
1321 1359 72 34 me
1357 1359 72 34 ad
1394 1359 217 34 evangelizandum
1575 1359 169 34 mansuetis,
1707 1359 109 34 misit
1780 1359 72 34 me
1804 1359 48 34 ad

1065 1390 167 39 obligandum
1196 1390 203 39 fractigunimo,
1363 1390 72 39 ad
1399 1390 191 39 proclamandum
1554 1390 143 39 captivis
1661 1390 179 39 libertatem,
1792 1390 60 39 &c.

1083 1418 105 43 ohan.
1153 1418 117 43 capite
1235 1418 129 43 quarto,
1329 1418 152 43 versiculo
1446 1418 140 43 vigesimo
1551 1418 129 43 quinto,
1645 1418 94 43 Scio
1703 1418 129 43 Messiam
1785 1418 70 43 ven¬-

1074 1454 101 44 turum
1141 1454 90 44 (qui
1198 1454 124 44 dicitur
1288 1454 158 44 Christus,)
1412 1454 90 44 quum
1468 1454 124 44 venerit
1558 1454 101 44 ille,
1626 1454 101 44 nobis
1693 1454 169 44 annunciabit
1817 1454 45 44 o¬-

1066 1487 108 43 mnia,
1138 1487 144 43 Johannis
1246 1487 120 43 capite
1330 1487 216 43 decimo-octavo,
1511 1487 156 43 versiculo
1619 1487 240 43 trigesimo-septimo?

1064 1527 97 38 Veni
1125 1527 73 38 in
1161 1527 134 38 mundum,
1259 1527 73 38 ut
1295 1527 85 38 dem
1344 1527 183 38 testimonium
1478 1527 122 38 veritati

1105 1556 155 42 Propterea
1224 1556 131 42 dicitur
1320 1556 143 42 Christus
1427 1556 119 42 summus
1510 1556 155 42 Propheta,
1630 1556 131 42 Deuter.
1725 1556 83 42 18.
1773 1556 83 42 15.
1808 1556 60 42 18.

1080 1588 168 39 Cconsiliarius
1219 1588 79 39 Jes.
1268 1588 59 39 9.
1298 1588 79 39 ver.
1348 1588 59 39 6.
1377 1588 99 39 Actor.
1447 1588 59 39 3.
1477 1588 89 39 vers.
1536 1588 69 39 22.
1576 1588 50 39 &
1595 1588 79 39 cap.
1645 1588 59 39 7.
1675 1588 69 39 37.
1714 1588 139 39 μάτηγηηῆς,
1813 1588 50 39 hoc

1080 1619 74 42 st,
1123 1619 116 42 Doctor,
1207 1619 105 42 Matth.
1281 1619 74 42 23.
1323 1619 74 42 18,
1365 1619 74 42 10.
1407 1619 53 42 &
1428 1619 137 42 Apostolus
1534 1619 116 42 nostrae
1618 1619 169 42 confessionis
1755 1619 95 42 Hebr.
1808 1619 42 42 3.

1073 1665 62 37 1.
1104 1665 52 37 &
1125 1665 94 37 fidus
1187 1665 83 37 ille
1239 1665 104 37 testis
1312 1665 114 37 Apocal.
1395 1665 62 37 I.
1426 1665 83 37 vers
1478 1665 94 37 5item
1540 1665 104 37 testis
1613 1665 135 37 nationum,
1717 1665 145 37 antecessor
1821 1665 31 37 &

1070 1688 138 42 praeceptor
1178 1688 118 42 nationum
1267 1688 79 42 Jes.
1316 1688 69 42 55.
1356 1688 59 42 4.
1385 1688 69 42 Lux
1425 1688 138 42 occlesiae.
1533 1688 79 42 Jes.
1582 1688 69 42 60.
1622 1688 89 42 vers.
1681 1688 59 42 1.
1710 1688 79 42 Luc.
1760 1688 59 42 2.
1789 1688 59 42 v.
1809 1688 49 42 32.

1074 1725 82 37 Lux
1121 1725 93 37 illa
1179 1725 117 37 mundi,
1261 1725 70 37 id
1296 1725 93 37 est,
1354 1725 82 37 qui
1401 1725 152 37 patefecit
1518 1725 58 37 &
1541 1725 175 37 annunciavit
1681 1725 105 37 mundo
1751 1725 105 37 veram
1810 1725 58 37 de¬-

1075 1756 113 42 salute
1154 1756 124 42 aeterna
1244 1756 158 42 doctrinam,
1369 1756 90 42 quae
1425 1756 147 42 confestim
1538 1756 124 42 erassas
1629 1756 136 42 tenebras
1730 1756 158 42 ignoratio¬

1074 1796 85 30 nis
1123 1796 110 30 rerum
1196 1796 159 30 divinarum
1318 1796 73 30 ex
1355 1796 146 30 mentibus
1464 1796 134 30 hominum
1562 1796 159 30 dispulit:
1684 1796 159 30 discrimen
1794 1796 61 30 ve¬-

1068 1822 67 38 ri
1101 1822 79 38 Dei
1146 1822 56 38 &
1169 1822 135 38 falsorum
1270 1822 124 38 deorum,
1360 1822 90 38 veri
1416 1822 112 38 cultus
1495 1822 79 38 Dei
1540 1822 56 38 &
1562 1822 191 38 idololatriae.
1720 1822 101 38 verae
1776 1822 90 38 eccle¬-

1061 1860 91 38 siae
1117 1860 57 38 &
1140 1860 125 38 falsae,
1231 1860 136 38 virtutis
1333 1860 57 38 &
1356 1860 136 38 vitiorum
1458 1860 136 38 detexit:
1560 1860 125 38 humanum
1651 1860 102 38 genus
1719 1860 57 38 a
1742 1860 102 38 regno
1798 1860 57 38 te¬-

1063 1893 138 32 nebrarum
1166 1893 161 32 liberavit:
1293 1893 127 32 fideles
1385 1893 69 32 de
1419 1893 92 32 vero
1477 1893 104 32 cultu
1546 1893 81 32 Dei
1592 1893 58 32 &
1615 1893 127 32 salutis
1707 1893 81 32 via
1753 1893 81 32 tam
1787 1893 69 32 cer¬-

1062 1926 87 36 tos
1111 1926 162 36 reddidit,
1236 1926 75 36 ut
1273 1926 112 36 vitam
1348 1926 62 36 &
1373 1926 87 36 pro
1422 1926 75 36 eo
1460 1926 162 36 sanguinem
1584 1926 174 36 profundere
1721 1926 87 36 non
1758 1926 112 36 dubita¬-

1058 1962 111 34 rint:
1132 1962 136 34 alectos
1231 1962 62 34 &
1256 1962 186 34 efficaciter
1404 1962 136 34 vocatos
1503 1962 198 34 regeneravit,
1664 1962 62 34 &
1689 1962 111 34 corda
1751 1962 111 34 hominum

1057 1989 84 38 ad
1099 1989 155 38 amandum
1212 1989 112 38 Deum
1282 1989 70 38 &
1310 1989 169 38 proximum
1436 1989 225 38 infiammavit.
1619 1989 84 38 Ob
1661 1989 112 38 idem
1717 1989 141 38 officium

1063 2021 122 39 vocatur
1152 2021 100 39 Vrul,
1218 2021 67 39 id
1251 2021 89 39 est,
1307 2021 78 39 lux
1351 2021 55 39 &
1373 2021 144 39 sapientia
1484 2021 89 39 Dei,
1540 2021 67 39 4.
1573 2021 111 39 Esdrae
1650 2021 78 39 41.
1695 2021 111 39 Dactor
1772 2021 78 39 seu
1806 2021 55 39 Dux

1084 2056 167 38 consummator
1217 2056 111 38 fidei,
1295 2056 100 38 Hebr.
1362 2056 78 38 12.
1406 2056 67 38 v.
1429 2056 44 38 2.

1090 2080 91 45 Ejus
1147 2080 114 45 partes
1227 2080 91 45 duae
1284 2080 103 45 sunt:
1353 2080 126 45 externa
1444 2080 149 45 veritatis
1558 2080 126 45 divinae
1650 2080 183 45 promulgatio,
1798 2080 57 45 &
1810 2080 57 45 in¬

1086 2148 133 41 Externa
1182 2148 157 41 veritatis
1303 2148 133 41 divinae
1400 2148 193 41 promulgatio,
1556 2148 84 41 est
1605 2148 109 41 prima
1677 2148 97 41 pars
1725 2148 145 41 Prophetici

1060 2185 132 41 officii
1156 2185 143 41 Christi,
1263 2185 84 41 dum
1311 2185 179 41 praedicavit
1455 2185 167 41 Euangelium
1586 2185 72 41 de
1622 2185 120 41 gratia
1706 2185 108 41 Deie:
1765 2185 96 41 redem.

1097 2250 114 42 Partes
1177 2250 114 42 igitur
1257 2250 114 42 illius
1336 2250 91 42 sunt
1394 2250 103 42 duae:
1462 2250 137 42 doctrina
1565 2250 57 42 &
1588 2250 103 42 rerum
1656 2250 149 42 futurorum
1759 2250 103 42 praedi¬

1055 2280 42 43 cti

1097 2316 148 53 Doctrinae
1210 2316 114 53 partes
1290 2316 91 53 duae
1347 2316 102 53 sunt:
1415 2316 159 53 patefactio
1540 2316 159 53 Evangelij,
1666 2316 57 53 &
1688 2316 91 53 vera
1745 2316 102 53 Legis
1802 2316 57 53 in¬

1051 2353 131 50 terpretatio

1105 2380 158 45 Patefactio
1229 2380 147 45 Evangeli,
1342 2380 79 45 est
1387 2380 102 45 prima
1455 2380 147 45 doctrinae
1568 2380 124 45 Christi
1659 2380 102 45 pars,
1726 2380 79 45 dum
1760 2380 102 45 praedi¬-

1068 2414 108 42 cavit
1140 2414 120 42 regnum
1225 2414 133 42 gratiae
1321 2414 60 42 &
1345 2414 229 42 resipiscentiam:
1538 2414 169 42 arcanumque
1670 2414 157 42 consilium
1791 2414 60 42 &
1803 2414 48 42 o¬-

1062 2447 95 47 mnem
1121 2447 166 47 voluntatem
1252 2447 119 47 Patris
1335 2447 71 47 de
1371 2447 225 47 reconciliatione
1560 2447 119 47 nostri
1643 2447 83 47 cum
1691 2447 107 47 illo,
1750 2447 107 47 patefe¬-

1064 2481 83 45 cit,
1116 2481 83 45 Gen.
1167 2481 62 45 3.
1199 2481 62 45 v.
1230 2481 73 45 15.
1271 2481 93 45 Semen
1334 2481 125 45 mulieris
1427 2481 125 45 conteret
1521 2481 93 45 caput
1583 2481 145 45 serpentis.
1697 2481 83 45 Gen.
1749 2481 73 45 22.
1791 2481 62 45 In
1811 2481 42 45 se

1060 2514 90 48 mine
1116 2514 79 48 tuo
1161 2514 179 48 benedicintur
1307 2514 101 48 omnes
1374 2514 112 48 Gentes
1452 2514 123 48 terrae.
1542 2514 112 48 Matth.
1621 2514 67 48 4.
1654 2514 67 48 v.
1688 2514 79 48 17.
1733 2514 67 48 Ex
1766 2514 67 48 co
1789 2514 67 48 tem¬-

1080 2555 81 34 pore
1131 2555 101 34 coepit
1202 2555 91 34 Iesus
1262 2555 152 34 praedicare,
1384 2555 51 34 &
1404 2555 112 34 dicere,
1486 2555 162 34 resipiscite:
1618 2555 183 34 appropinquavit
1770 2555 81 34 enim
1810 2555 51 34 re¬-

1068 2586 87 48 gnum
1122 2586 141 48 coelorum.
1230 2586 76 48 Joh
1274 2586 65 48 1.
1306 2586 97 48 vers.
1371 2586 76 48 18.
1414 2586 54 48 &
1436 2586 87 48 cap.
1490 2586 76 48 15.
1533 2586 65 48 v.
1566 2586 76 48 15.
1609 2586 76 48 Vos
1652 2586 97 48 autem
1717 2586 87 48 dixi
1761 2586 97 48 amitos.

1075 2614 89 50 quia
1130 2614 100 50 omnia
1197 2614 89 50 quae
1253 2614 111 50 audivi
1331 2614 56 50 a
1353 2614 100 50 Patre
1419 2614 89 50 meo,
1475 2614 89 50 nota
1531 2614 89 50 feci
1586 2614 111 50 vobis.
1664 2614 111 50 Matth.
1742 2614 78 50 11.
1786 2614 67 50 v.
1808 2614 56 50 27.

1077 2658 108 38 Omnia
1149 2658 96 38 mihi
1209 2658 132 38 tradita
1304 2658 96 38 sunt
1364 2658 60 38 a
1388 2658 108 38 Patre
1460 2658 96 38 mio;
1520 2658 60 38 &
1544 2658 96 38 nemo
1604 2658 108 38 novit
1675 2658 120 38 Filium
1759 2658 96 38 nisi
1807 2658 60 38 Pa¬-

1075 2683 87 44 ter,
1129 2683 98 44 neque
1195 2683 109 44 Patrem
1271 2683 130 44 quisquam
1368 2683 98 44 novit
1434 2683 87 44 nisi
1488 2683 119 44 Filius,
1575 2683 54 44 &
1596 2683 141 44 cuicunque
1705 2683 130 44 voluerit
1792 2683 76 44 Fili¬-

1066 2725 70 43 us
1090 2725 127 43 retegere.

1108 2741 86 54 Vera
1162 2741 97 54 Legis
1227 2741 194 54 interpretatio,
1389 2741 76 54 est
1432 2741 108 54 altera
1508 2741 140 54 doctrinae
1616 2741 119 54 Christi
1702 2741 97 54 pars,
1767 2741 76 54 dum
1799 2741 54 54 ve¬-

1079 2776 83 52 tam
1126 2776 106 52 Legis
1197 2776 130 52 divinae
1292 2776 165 52 sententiam
1422 2776 71 52 ex
1457 2776 106 52 mente
1528 2776 118 52 insius
1611 2776 189 52 Legislatoris
1764 2776 83 52 Dei
1800 2776 59 52 ex¬-

1092 2810 103 49 osuit,
1164 2810 62 49 ut
1194 2810 72 49 eam
1235 2810 51 49 a
1256 2810 154 49 corruptelis
1379 2810 154 49 Phariseicis
1502 2810 144 49 assereret,
1615 2810 82 49 Jes.
1667 2810 62 49 1.
1697 2810 62 49 v.
1728 2810 72 49 11,
1769 2810 51 49 &
1780 2810 92 49 sequen¬-

1084 2849 102 50 ibus,
1152 2849 113 50 Matth.
1231 2849 68 50 5.
1265 2849 57 50 v
1287 2849 79 50 20.
1332 2849 57 50 &
1344 2849 158 50 sequentibus.

1110 2874 109 53 Rerum
1183 2874 157 53 futurarum
1304 2874 170 53 praedictio
1437 2874 157 53 tribuenda
1558 2874 85 53 est
1607 2874 133 53 Christo
1703 2874 85 53 tum
1752 2874 73 53 in
1776 2874 97 53 Veteri

1082 2915 157 48 Testamento
1205 2915 78 48 tum
1250 2915 67 48 in
1283 2915 101 48 Novo,
1351 2915 67 48 1.
1384 2915 90 48 Pet.
1440 2915 56 48 1
1463 2915 78 48 11.
1507 2915 56 48 &
1530 2915 67 48 c.
1563 2915 67 48 3.
1597 2915 78 48 19,
1642 2915 78 48 20.
1686 2915 90 48 Apoc
1742 2915 78 48 22.
1776 2915 56 48 16.

1115 2940 132 55 Interna
1211 2940 132 55 cordium
1307 2940 84 55 per
1355 2940 144 55 Epiritum
1463 2940 132 55 Sanctum
1558 2940 192 55 illuminatio,
1714 2940 84 55 est
1762 2940 120 55 altera
1834 2940 36 55 &

1089 2976 150 51 praecipua
1205 2976 92 51 pars
1262 2976 161 51 Prophetici
1389 2976 127 51 officii
1481 2976 138 51 Christi,
1585 2976 81 51 dum
1631 2976 81 51 per
1677 2976 138 51 Spiritum
1769 2976 104 51 Sanctum

1081 3010 102 49 movet
1149 3010 136 49 fideles,
1251 3010 68 49 ut
1285 3010 57 49 &
1308 3010 102 49 mente
1376 3010 136 49 capiant,
1479 3010 57 49 &
1501 3010 102 49 corde
1569 3010 114 49 velint
1649 3010 68 49 ea
1683 3010 91 49 quae
1740 3010 136 49 docentur
1831 3010 34 49 &

1088 3052 93 42 niis
1146 3052 186 42 acquiescant,
1298 3052 93 42 Luc.
1356 3052 70 42 24
1391 3052 70 42 v.
1425 3052 81 42 32,
1472 3052 81 42 45.
1518 3052 93 42 Tunc
1576 3052 128 42 aperuit
1669 3052 105 42 eorum
1739 3052 128 42 mentem,
1821 3052 46 42 ut

1077 3085 180 41 intelligerent
1226 3085 159 41 Scripturas.
1353 3085 85 41 Act.
1405 3085 74 41 16.
1448 3085 63 41 v.
1480 3085 74 41 14.
1522 3085 116 41 Lydiae,
1606 3085 159 41 purpurariae
1733 3085 74 41 cor
1765 3085 106 41 Dominus.

1078 3116 144 54 adaperuit
1189 3116 67 54 ut
1222 3116 155 54 attenforet
1344 3116 78 54 iis
1389 3116 89 54 quae
1444 3116 155 54 dicebantur
1566 3116 55 54 a
1577 3116 89 54 Paulo.

1109 3138 157 59 Officium
1227 3138 196 59 Propheticum
1383 3138 157 59 Christus
1501 3138 91 59 tum
1553 3138 105 59 ante
1619 3138 222 59 incarnationem
1789 3138 78 59 suam

1080 3176 61 51 &
1104 3176 97 51 post
1165 3176 85 51 eam
1214 3176 73 51 in
1250 3176 122 51 terris
1335 3176 134 51 versans
1433 3176 122 51 obiit:
1518 3176 85 51 tum
1567 3176 97 51 post
1627 3176 195 51 adscensionem
1786 3176 97 51 suam
1834 3176 49 51 in

1082 3213 127 56 coelosi
1175 3213 127 56 idemque
1267 3213 104 56 adhuc
1336 3213 92 56 obit
1393 3213 69 56 in
1428 3213 115 56 coelis
1508 3213 115 56 sedens
1589 3213 69 56 ad
1623 3213 150 56 dexterani
1727 3213 69 56 Dei.
