2063 3472
219 164 81 64 per
266 164 127 64 foramen
358 164 174 64 haemorrhoi,
497 164 58 64 &
520 164 104 64 super
590 164 116 64 specum
671 164 127 64 viperae
763 164 104 64 depul
833 164 81 64 sus
879 164 58 64 a
902 164 104 64 lacte
960 164 58 64 ma¬-

225 203 82 51 num
272 203 94 51 suam
331 203 153 51 injiciet.
449 203 71 51 Et
484 203 118 51 capite
566 203 259 51 sexagesimo-quinto,
790 203 153 51 versiculo
896 203 129 51 vigesimo,

206 253 117 45 quinto.

252 256 191 67 Convocatio
402 256 177 67 electorum
538 256 82 67 ex
579 256 150 67 omnibus
688 256 150 67 populis
797 256 68 67 &
824 256 163 67 Gentibus
947 256 68 67 &
961 256 54 67 eo

223 301 74 55 rum
266 301 160 55 coadunatio,
394 301 85 55 quae
447 301 138 55 praedicta
553 301 85 55 fuit
606 301 85 55 Jes.
659 301 74 55 11.
702 301 64 55 v.
734 301 74 55 10,
776 301 74 55 11,
819 301 74 55 12,
861 301 74 55 13.
904 301 85 55 Erit
947 301 74 55 autem

225 342 123 44 tempore
314 342 89 44 illo
370 342 67 44 ut
404 342 67 44 ad
437 342 78 44 eum
482 342 78 44 qui
527 342 56 44 e
549 342 112 44 radice
627 342 123 44 Iischai
717 342 112 44 stabit
795 342 67 44 in
829 342 112 44 signum
896 342 134 44 populorum,

220 380 107 55 gentes
295 380 160 55 consulturae
423 380 128 55 veniant;
519 380 53 55 &
540 380 75 55 sit
583 380 117 55 requies
668 380 85 55 ejus
722 380 139 55 gloriosa,
818 380 53 55 &c.

260 397 128 53 Effecta
354 397 93 53 vero
412 397 93 53 ejus
470 397 140 53 adversus
575 397 117 53 hostes
657 397 105 53 sunt,
727 397 93 53 quod
786 397 82 53 eos
832 397 152 53 comminuit
949 397 58 53 &
961 397 58 53 con

225 436 122 50 terit.
310 436 97 50 Ideo
371 436 61 50 a
395 436 134 50 Daniele
492 436 170 50 comparatur
626 436 122 50 lapidi
711 436 73 50 de
747 436 109 50 monte
820 436 146 50 devoluto
930 436 61 50 &
942 436 85 50 omnia

220 469 146 50 Jobjecta
329 469 194 50 comminuenti:
487 469 61 50 &
512 469 61 50 a
536 469 146 50 Zacharia
645 469 122 50 lapidi
730 469 207 50 onerosissimo,
900 469 97 50 quem
961 469 85 50 qui

225 508 111 50 cunque
302 508 55 50 e
324 508 77 50 suo
369 508 88 50 loco
424 508 122 50 tollere
512 508 133 50 conatur,
612 508 111 50 nervos
689 508 88 50 sibi
745 508 111 50 rumpit
822 508 88 50 ejus
877 508 66 50 ve
899 508 122 50 allisione

221 540 183 48 conteritur.
367 540 134 48 Necesse
464 540 85 48 est
513 540 170 48 evanescere
647 540 61 48 &
671 540 122 48 perire
756 540 134 48 miserum
854 540 122 48 modum,
939 540 110 48 quic.

231 570 93 55 quid
290 570 152 55 unigenito
406 570 105 55 Filio
476 570 82 55 Dei
523 570 82 55 est
569 570 152 55 adversum.
686 570 128 55 Necesse
779 570 82 55 est
826 570 117 55 everti
907 570 58 55 &
919 570 105 55 pessun¬-

220 605 100 45 dari
282 605 112 45 omnia
356 605 124 45 regna,
443 605 100 45 quae
506 605 162 45 contraria
630 605 100 45 sunt
692 605 112 45 regno
767 605 112 45 Filii
841 605 100 45 Dei:
891 605 137 45 quemadmo¬-

229 640 80 44 dum
274 640 149 44 praedicit
389 640 126 44 Jesaias
481 640 115 44 capite
562 640 80 44 60.
608 640 149 44 versicul.
722 640 69 44 12
757 640 92 44 Gens
814 640 92 44 ipsa
872 640 57 44 &
895 640 115 44 regnum
964 640 57 44 quo

229 673 78 44 non
273 673 133 44 servient
373 673 89 44 tibi
429 673 166 44 (alloquitur
562 673 155 44 Ecclesiam)
684 673 144 44 peribunt,
795 673 55 44 &
817 673 144 44 haegentes
917 673 111 44 penitus.

225 709 195 42 desolabuntur.
385 709 69 42 q.
419 709 69 42 d.
454 709 103 42 omnes
523 709 126 42 Gentes,
614 709 103 42 omnes
683 709 115 42 populi
763 709 80 42 aut
809 709 138 42 servient
912 709 103 42 tibi,
970 709 57 42 au¬-

223 746 153 49 divinitus
329 746 129 49 peribunt.

492 774 145 64 Tantum
594 774 87 64 de
623 774 160 64 effectis.

260 837 152 52 Subjectum
377 837 70 52 is
412 837 70 52 8,
448 837 70 52 id
483 837 94 52 est,
541 837 94 52 unde
600 837 140 52 originem
705 837 117 52 habet,
787 837 82 52 est
834 837 129 52 coelum.
928 837 82 52 Non
963 837 70 52 enim

227 878 80 48 est
272 878 68 48 ex
306 878 80 48 hoc
352 878 114 48 mundo,
431 878 68 48 ut
465 878 91 48 ipse
522 878 125 48 Dominus
613 878 148 48 testatur,
727 878 114 48 Johan.
807 878 80 48 18.
852 878 125 48 versic.
943 878 80 48 36.
977 878 57 48 Dei

227 915 117 44 coelo
305 915 130 44 missus
396 915 143 44 Angelus
500 915 130 44 Domini
591 915 195 44 annunciavit
747 915 182 44 Pastoribus
877 915 156 44 Evangelium

232 945 71 49 de
268 945 95 49 nato
327 945 107 49 mundo
398 945 166 49 Servatore,
529 945 83 49 qui
576 945 142 49 Christus
683 945 83 49 est
730 945 142 49 Dominus,
837 945 95 49 Luc.
897 945 71 49 2.
920 945 107 49 versic.

224 977 78 49 10,
269 977 78 49 11.
313 977 78 49 Ita
358 977 56 49 e
380 977 101 49 coelo
447 977 112 49 coepit
525 977 101 49 erigi
592 977 112 49 regnum
671 977 123 49 Christi
760 977 78 49 per
805 977 145 49 Evangelii
905 977 123 49 praedica¬-

225 1010 115 48 tionem
305 1010 80 48 per
351 1010 149 48 exercitus
454 1010 138 48 coelestes.

250 1044 152 46 Subjectum
368 1044 94 46 eνd,
426 1044 70 46 in
461 1044 82 46 quo
508 1044 117 46 regnum
590 1044 129 46 gratiae
684 1044 106 46 erigi
754 1044 129 46 debuit,
848 1044 82 46 est
895 1044 106 46 totus
954 1044 70 46 ter¬-

224 1082 117 44 rarum
302 1082 117 44 orbis
379 1082 194 44 quemadmodum
535 1082 130 44 Daniel
626 1082 104 44 ait,
690 1082 142 44 lapidem
794 1082 91 44 qui
846 1082 194 44 contriverat
988 1082 39 44 i

228 1122 153 39 maginem
339 1122 167 39 effectum
464 1122 111 39 esse
533 1122 139 39 montem
631 1122 139 39 magnum
728 1122 69 39 &
755 1122 125 39 totam
839 1122 139 39 terram
922 1122 111 39 imple¬-

228 1156 108 36 visse
300 1156 96 36 Hinc
360 1156 144 36 Christus
467 1156 156 36 praecepit
587 1156 168 36 Apostolis,
719 1156 72 36 ut
755 1156 108 36 irent
827 1156 72 36 in
862 1156 120 36 mundum
934 1156 96 36 univer

224 1172 100 57 sum,
287 1172 63 57 &
312 1172 200 57 praedicarent
475 1172 175 57 Evangelium
613 1172 100 57 omni
676 1172 175 57 creaturae,
813 1172 75 57 id
851 1172 100 57 est,
914 1172 138 57 omnibus
1001 1172 63 57 ho¬-

229 1220 136 42 minibus,
331 1220 79 42 non
376 1220 113 42 tantum
456 1220 136 42 Judaeis,
558 1220 79 42 nec
603 1220 113 42 tantum
682 1220 68 42 in
716 1220 125 42 Judaea,
807 1220 102 42 Marc.
875 1220 79 42 16.
921 1220 68 42 v.
943 1220 57 42 15.

255 1249 159 39 Subjectum
377 1249 110 39 circa
450 1249 98 39 quod
511 1249 122 39 regnum
597 1249 134 39 Christi
694 1249 159 39 versatur,
816 1249 98 39 sunt
877 1249 122 39 Angeli
963 1249 61 39 &
975 1249 61 39 ho¬-

231 1289 123 42 mines,
317 1289 111 42 atque
391 1289 99 42 adeo
453 1289 111 42 omnes
514 1289 148 42 creaturae:

261 1324 147 41 Adiuncta
371 1324 111 41 regni
445 1324 135 41 Christi
543 1324 160 41 occurrunt
654 1324 98 41 plura:

268 1347 136 48 Primum,
366 1347 86 48 est
416 1347 124 48 tempus
502 1347 86 48 quo
552 1347 124 48 coepit
638 1347 124 48 erigi,
725 1347 136 48 nimirum
824 1347 99 48 post
885 1347 111 48 finem
947 1347 99 48 regni¬-

223 1389 117 38 quarti
305 1389 59 38 a
329 1389 129 38 Daniele
422 1389 164 38 descripti,
551 1389 117 38 statim
633 1389 82 38 cum
680 1389 117 38 initio
762 1389 211 38 annunciationis
926 1389 105 38 Evange¬-

228 1416 93 50 lii
281 1416 80 50 de
321 1416 107 50 nato
387 1416 67 50 &
414 1416 160 50 exhibito
534 1416 160 50 CHRIST0.
654 1416 173 50 Evangelii
787 1416 107 50 enim
840 1416 200 50 praedicatione

222 1448 126 49 regnum
311 1448 88 49 hoc
361 1448 139 49 erectum
463 1448 88 49 est
513 1448 76 49 in
551 1448 114 49 terra
627 1448 63 49 &
652 1448 190 49 constitutum
804 1448 114 49 inter
880 1448 152 49 homines,
993 1448 76 49 ut

222 1491 112 42 paulo
296 1491 100 42 aute
358 1491 137 42 dictum,
458 1491 100 42 unde
520 1491 174 42 Evangelium
657 1491 112 42 regni
732 1491 62 42 a
757 1491 112 42 Marco
831 1491 149 42 vocatur,
943 1491 100 42 cap.
993 1491 50 42 1.

223 1523 90 41 vers.
273 1523 50 41 14.

255 1542 145 48 Secundum
364 1542 157 48 adjunctum
484 1542 109 48 regni
557 1542 145 48 Christi,
665 1542 84 48 est
713 1542 133 48 subitus
810 1542 97 48 ejus
870 1542 157 48 adventus.
979 1542 60 48 In¬-

233 1588 120 40 opinata
321 1588 88 40 enim
375 1588 88 40 fuit
430 1588 88 40 ejus
485 1588 131 40 erectio,
583 1588 142 40 plerisque
693 1588 99 40 nihil
758 1588 66 40 de
791 1588 66 40 eo
824 1588 186 40 cogitantibus,
977 1588 88 40 qui¬

234 1621 124 42 busdam
320 1621 111 42 longa
394 1621 111 42 adhuc
468 1621 99 42 ejus
530 1621 210 42 exspectatione
703 1621 173 42 suspensis.
839 1621 99 42 Ideo
901 1621 173 42 comparatur

239 1654 111 42 sapidi
317 1654 56 42 e
339 1654 100 42 monte
406 1654 111 42 exciso
484 1654 56 42 &
506 1654 111 42 subito
584 1654 145 42 devoluto,
695 1654 89 42 Dan.
751 1654 67 42 2.
784 1654 67 42 v.
806 1654 56 42 41.

279 1685 134 36 Tertium
376 1685 158 36 adjunctum
498 1685 85 36 est
547 1685 97 36 ejus
608 1685 146 36 tenuitas
717 1685 110 36 circa
790 1685 170 36 primordia:
924 1685 97 36 Fuit
973 1685 73 36 enim

237 1719 86 44 sub
286 1719 135 44 initium
384 1719 86 44 per
433 1719 98 44 quam
494 1719 110 44 tenue
567 1719 61 44 &
592 1719 147 44 exiguum.
702 1719 98 44 Hinc
763 1719 122 44 Matth.
849 1719 86 44 13.
898 1719 135 44 versic.
984 1719 61 44 31,

239 1758 90 41 32.
290 1758 64 41 a
316 1758 141 41 Christo
418 1758 179 41 comparatum
559 1758 102 41 fuit
623 1758 115 41 grano
700 1758 154 41 sinapis,
815 1758 102 41 quod
880 1758 141 41 minimum
969 1758 77 41 qui¬-

233 1787 95 39 dem
288 1787 95 39 est
342 1787 136 39 omnium
437 1787 163 39 seminum:
560 1787 109 39 quum
628 1787 122 39 autem
709 1787 204 39 excreverit,
872 1787 150 39 maximum
967 1787 82 39 est,

231 1818 120 41 olerum
315 1818 60 41 &
339 1818 180 41 arborescit,
484 1818 96 41 adeo
544 1818 72 41 ut
580 1818 132 41 veniant
676 1818 144 41 volucres
784 1818 108 41 coeli
857 1818 60 41 &
881 1818 168 41 nidulentur
1001 1818 48 41 in

243 1857 106 41 ramis
314 1857 129 41 ipsius.
408 1857 94 41 Item
467 1857 153 41 fermento,
584 1857 94 41 quod
643 1857 129 41 inditum
737 1857 71 41 in
772 1857 129 41 farinae
866 1857 118 41 modios
937 1857 94 41 aliquo

236 1883 103 43 totam
304 1883 114 43 massam
384 1883 160 43 fermentat,
509 1883 114 43 Matth.
589 1883 80 43 13.
635 1883 103 43 vers.
703 1883 80 43 33.
749 1883 80 43 Ita
794 1883 114 43 regnum
874 1883 125 43 Christi
966 1883 57 43 a
977 1883 57 43 te¬-

232 1918 154 43 nuissimis
351 1918 166 43 principiis
481 1918 166 43 inchoatum,
611 1918 166 43 insperatos
741 1918 118 43 habuit
824 1918 178 43 progressus,
966 1918 59 43 &
978 1918 59 43 to¬-

234 1959 88 43 tum
285 1959 113 43 orbem
360 1959 113 43 brevi
436 1959 201 43 fermentavit,
599 1959 76 43 ut
637 1959 113 43 tanto
713 1959 126 43 melius
801 1959 189 43 admirabilem
939 1959 101 43 poten¬-

237 1987 92 39 tiam
295 1987 81 39 Dei
341 1987 69 39 in
376 1987 104 39 regni
445 1987 127 39 Christi
537 1987 207 39 amplificatione
698 1987 173 39 illustrarent.

267 2013 144 49 Quartum,
375 2013 84 49 est
423 2013 180 49 conservatio
568 2013 96 49 ejus
628 2013 108 49 plane
700 2013 144 49 diversis
808 2013 120 49 mediis
893 2013 96 49 quam
941 2013 96 49 quibus

238 2053 119 46 regna
317 2053 146 46 terrena
423 2053 225 46 conservantur.
609 2053 133 46 Regnum
702 2053 106 46 enim
768 2053 146 46 Christi
861 2053 172 46 conservatur

248 2091 157 35 martyriis,
371 2091 191 35 continuatione
529 2091 124 35 ejusdem
618 2091 112 35 cultus
697 2091 79 35 Dei
742 2091 56 35 &
764 2091 191 35 praedicatione
910 2091 124 35 justitiae

243 2120 144 36 Christi:
351 2120 72 36 At
387 2120 108 36 regna
458 2120 132 36 tertena
554 2120 192 36 conservantur
710 2120 108 36 armis
782 2120 192 36 corporalibus
937 2120 60 36 &
949 2120 84 36 fede¬-

247 2159 108 43 ribus
319 2159 132 43 humanis
415 2159 144 43 adversus
522 2159 132 43 hostes,
618 2159 60 43 &
642 2159 144 43 gravibus
750 2159 168 43 suppliciis
881 2159 144 43 adversus
977 2159 60 43 im¬-

243 2186 159 45 morigeros
365 2186 61 45 &
377 2186 122 45 rebelles

274 2213 146 49 Quintum
380 2213 173 49 adjunctum
513 2213 93 49 est
566 2213 173 49 immunitas
699 2213 80 49 ab
739 2213 173 49 interitu.
872 2213 133 49 Regnum
951 2213 80 49 enim

244 2246 131 43 Christi
340 2246 84 43 non
387 2246 120 43 potest
471 2246 120 43 everti
555 2246 131 43 unquam,
650 2246 84 43 nec
698 2246 72 43 in
734 2246 108 43 alium
806 2246 179 43 valentiorem
937 2246 96 43 trans¬-

241 2287 108 39 ferri.
317 2287 86 39 Alia
371 2287 97 39 regna
436 2287 76 39 vel
479 2287 86 39 mole
533 2287 76 39 sua
576 2287 108 39 ruunt,
652 2287 151 39 intestinis
771 2287 140 39 dissidiis
879 2287 140 39 concussa:
976 2287 54 39 ve¬-

232 2322 75 46 ab
269 2322 87 46 uno
319 2322 124 46 populo
406 2322 75 46 in
443 2322 112 46 alium
517 2322 224 46 transferuntur,
704 2322 99 46 quod
766 2322 149 46 plurimis
878 2322 149 46 exemplis
977 2322 50 46 de

238 2353 129 44 clarare
332 2353 129 44 promtum
414 2353 93 44 esset.

272 2382 126 47 Sextum
360 2382 163 47 adjunctum
486 2382 88 47 est
537 2382 189 47 aeternitas.
687 2382 126 47 Regnum
775 2382 101 47 enim
838 2382 88 47 hoc
889 2382 88 47 est
926 2382 101 47 aeter¬-

233 2422 92 34 num,
290 2422 172 34 quemadmodum
428 2422 80 34 ait
474 2422 126 34 Daniel,
566 2422 92 34 cap.
623 2422 69 34 2.
657 2422 103 34 vers.
726 2422 80 34 44.
772 2422 103 34 Ipsum
841 2422 115 34 stabit
922 2422 69 34 in
945 2422 80 34 secu¬-

231 2456 87 41 la.
280 2456 186 41 Quemadmodum
429 2456 99 41 enim
491 2456 87 41 Rex
541 2456 87 41 est
591 2456 149 41 aeternus
702 2456 74 41 in
740 2456 87 41 se:
789 2456 87 41 ita
839 2456 174 41 communicat
963 2456 62 41 est

232 2490 83 40 iam
279 2490 83 40 cum
327 2490 106 40 regno
397 2490 94 40 suam
456 2490 200 40 aeternitatem.
621 2490 94 40 Ista
680 2490 165 40 aeternitas
810 2490 106 40 regni
881 2490 130 40 Christi
963 2490 59 40 duc

234 2512 90 51 bus
286 2512 116 51 modis
363 2512 90 51 est
415 2512 219 51 consideranda:
595 2512 90 51 Nam
647 2512 65 51 &
673 2512 77 51 ad
712 2512 116 51 totum
789 2512 168 51 Ecclesiae
918 2512 129 51 corpus
996 2512 77 51 per¬-

240 2557 109 39 tinet
312 2557 60 39 &
337 2557 72 39 ad
373 2557 157 39 quodlibet
494 2557 97 39 ejus
554 2557 145 39 membrum.
663 2557 72 39 Si
699 2557 109 39 totum
771 2557 157 39 Ecclesiae
892 2557 121 39 corpus
965 2557 72 39 spe¬-

242 2589 131 41 ctemus,
337 2589 107 41 manet
409 2589 107 41 illud
480 2589 71 41 in
516 2589 155 41 perpetuum
635 2589 59 41 &
658 2589 178 41 conservatur
801 2589 190 41 mirabiliter.
944 2589 95 41 Etiam¬-

232 2621 68 42 si
266 2621 135 42 Ecclesia
367 2621 101 42 saepe
434 2621 169 42 dissipetur,
569 2621 79 42 ita
614 2621 68 42 ut
648 2621 101 42 nulla
716 2621 135 42 appareat
817 2621 79 42 sub
862 2621 113 42 oculis
929 2621 113 42 hominum:

237 2657 112 41 tamen
311 2657 87 41 non
361 2657 124 41 potest
448 2657 124 41 unquam
535 2657 137 41 deleri,
635 2657 87 41 sed
684 2657 149 41 Christus
796 2657 137 41 occulta
896 2657 87 41 sua
933 2657 112 41 virtute

231 2689 81 41 eam
278 2689 127 41 tuetur,
370 2689 81 41 ita
416 2689 69 41 ut
451 2689 69 41 ad
485 2689 104 41 finem
554 2689 104 41 mundi
623 2689 150 41 superstes
739 2689 81 41 sit
785 2689 127 41 futura.
877 2689 81 41 Quo
912 2689 115 41 referen¬-

227 2725 78 31 dum
271 2725 78 31 est
316 2725 89 31 quod
372 2725 123 31 dicitur
461 2725 100 31 Psal.
528 2725 78 31 89.
572 2725 123 31 versic.
661 2725 78 31 36,
706 2725 78 31 37,
750 2725 78 31 38.
795 2725 100 31 Semel
862 2725 111 31 juravi
940 2725 78 31 per
973 2725 67 31 san¬-

225 2755 146 44 ctitatem
334 2755 110 44 meam,
407 2755 134 44 Davidi,
505 2755 85 44 non
553 2755 146 44 mentiar:
663 2755 110 44 Semen
736 2755 97 44 ejus
797 2755 73 44 in
833 2755 134 44 saculum
931 2755 110 44 fore,
991 2755 37 44 &

230 2788 116 40 solium
312 2788 93 40 ejus
370 2788 70 40 ut
404 2788 104 40 selem
474 2788 104 40 coram
544 2788 81 40 me:
590 2788 70 40 Vt
625 2788 93 40 Luna
683 2788 128 40 stabile
776 2788 93 40 fore
834 2788 70 40 in
869 2788 139 40 saculum:
973 2788 58 40 &
985 2788 46 40 ut

225 2826 116 37 testes
307 2826 70 37 in
342 2826 151 37 superiore
458 2826 93 37 nube
516 2826 128 37 fideles
609 2826 116 37 summe.
691 2826 81 37 Sin
737 2826 105 37 etiam
807 2826 151 37 quodlibet
912 2826 116 37 Ecclesia

231 2861 138 36 membrum
332 2861 176 36 intueamur,
470 2861 88 36 est
521 2861 113 36 illud
596 2861 126 36 quoque
684 2861 163 36 aeternum,
810 2861 138 36 renatum
910 2861 75 36 ex
935 2861 101 36 incor¬-

223 2897 150 38 ruptibili
338 2897 127 38 semine,
430 2897 58 38 &
453 2897 150 38 regenitum
568 2897 81 38 Dei
614 2897 127 38 Spiritu
706 2897 69 38 ad
740 2897 92 38 spem
798 2897 104 38 vitae
867 2897 150 38 melioris,
982 2897 81 38 sic

232 2927 68 37 ut
266 2927 91 37 homo
322 2927 125 37 sidelis
413 2927 79 37 non
458 2927 79 37 sit
504 2927 136 37 duntaxa:
606 2927 136 37 mortalis
707 2927 113 37 filius
787 2927 113 37 Adami,
866 2927 79 37 sed
911 2927 113 37 gestet
979 2927 57 37 vi¬-

224 2961 81 43 tam
271 2961 151 43 coelestem
387 2961 58 43 &
411 2961 175 43 sempiternam
550 2961 70 43 in
585 2961 128 43 seipso,
678 2961 93 43 quia
736 2961 140 43 Spiritus
841 2961 81 43 qui
888 2961 70 43 in
923 2961 93 43 ipso
969 2961 70 43 est,

231 2997 80 38 vita
281 2997 80 38 est,
331 2997 90 38 teste
391 2997 100 38 Paulo,
461 2997 80 38 Rom.
511 2997 60 38 8.
541 2997 60 38 v.
561 2997 50 38 10.

265 3019 153 53 Obijicitur
385 3019 109 53 locus,
462 3019 66 53 1.
495 3019 87 53 Cor.
549 3019 76 53 15.
593 3019 76 53 24.
637 3019 109 53 Deinde
713 3019 87 53 erit
768 3019 109 53 finis,
844 3019 87 53 quum
899 3019 153 53 tradiderit

217 3059 126 43 regnum
306 3059 88 43 Deo
356 3059 76 43 ac
381 3059 101 43 Patri.

261 3084 95 48 Hinc
321 3084 155 48 infertur,
440 3084 119 48 regnum
523 3084 131 48 Christi
619 3084 83 48 non
666 3084 95 48 esse
714 3084 131 48 aeternum.

253 3123 118 57 RESP.
332 3123 184 57 Proceditur
476 3123 66 57 a
503 3123 118 57 dicto
582 3123 158 57 secundum
700 3123 105 57 quid
766 3123 79 57 ad
805 3123 132 57 dictum
897 3123 118 57 simpl
963 3123 66 57 ci¬-

222 3161 94 41 ter.
281 3161 142 41 Christus
387 3161 118 41 tradit
470 3161 118 41 regnum
553 3161 83 41 Deo
600 3161 71 41 ac
624 3161 94 41 Patri¬-

268 3195 81 39 am
309 3195 203 39 dissentanea
471 3195 122 39 regni
552 3195 122 39 Chrii
633 3195 189 39 removenda.
782 3195 95 39 Rex
836 3195 149 39 Messias
930 3195 95 39 haber

224 3222 115 45 debet
301 3222 127 45 regnum
390 3222 89 45 non
441 3222 165 45 mundanum,
568 3222 153 45 terrenum
683 3222 64 45 &
708 3222 178 45 corporale,
848 3222 76 45 in
886 3222 89 45 quo
924 3222 115 45 Judaei¬

1054 156 108 55 alias
1126 156 144 55 nationes
1234 156 132 55 dominio
1329 156 156 55 corporali
1449 156 144 55 premant:
1557 156 84 55 sed
1605 156 180 55 spirituale,
1748 156 72 55 ut
1784 156 96 55 haec
1832 156 60 55 ar¬-

1074 194 138 49 gumenta
1162 194 151 49 ostendunt.

1136 213 103 61 Quia
1200 213 77 61 in
1239 213 103 61 Rege
1303 213 129 61 Messia
1393 213 206 61 benedicendae
1561 213 103 61 sunt
1625 213 116 61 omnes
1702 213 129 61 gentes
1779 213 116 61 terrae,

1078 262 98 45 Gen.
1139 262 86 45 12.
1188 262 61 45 &
1213 262 86 45 22.
1262 262 86 45 Non
1311 262 98 45 ergo
1373 262 184 45 opprimendae
1520 262 172 45 servitute,
1656 262 86 45 non
1693 262 184 45 exstirpandae.

1097 300 87 42 II.
1146 300 99 42 Quia
1208 300 87 42 Rex
1257 300 136 42 Messias
1356 300 185 42 praedicitur
1505 300 136 42 futurus
1604 300 136 42 pauper,
1703 300 111 42 Zach.
1777 300 74 42 9.
1814 300 74 42 v.
1839 300 49 42 9.

1099 331 111 47 III.
1169 331 111 47 Quia
1238 331 97 47 Rex
1294 331 153 47 Messias
1405 331 153 47 negatur
1516 331 139 47 bellum
1614 331 181 47 corporale
1739 331 153 47 gesturus,

1066 356 100 54 Zach.
1132 356 66 54 9.
1166 356 66 54 v.
1188 356 55 54 10.

1101 399 90 43 IV.
1153 399 103 43 Quia
1217 399 233 43 contemtissimus
1411 399 142 43 futurus
1514 399 65 43 &
1540 399 142 43 plurima
1644 399 155 43 passurus
1760 399 116 43 erat,
1824 399 65 43 et¬-

1077 432 70 42 am
1112 432 116 42 mortem
1194 432 116 42 ipsam,
1275 432 105 42 sicut
1345 432 186 42 praedicitur,
1496 432 93 42 Jes.
1554 432 81 42 53.
1601 432 93 42 Dan.
1647 432 47 42 9.

1104 461 74 45 V.
1141 461 99 45 Quia
1203 461 99 45 ejus
1264 461 124 45 regnum
1351 461 186 45 praedicitur
1500 461 99 45 fore
1561 461 161 45 aeternum:
1685 461 87 45 non
1735 461 124 45 igitur
1809 461 74 45 cor¬-

1079 500 103 47 porale
1151 500 82 47 esse
1202 500 113 47 potest,
1285 500 72 47 Ps.
1326 500 72 47 89.
1367 500 62 47 v.
1388 500 51 47 37.

1106 518 97 55 VI.
1162 518 111 55 Quia
1231 518 111 55 ejus
1300 518 139 55 regnum
1397 518 125 55 debet
1480 518 152 55 extendi
1591 518 83 55 in
1633 518 125 55 omnes
1716 518 139 55 Gentes
1813 518 69 55 &
1827 518 69 55 na¬-

1064 569 140 41 tiones,
1166 569 152 41 earumque
1280 569 114 41 Reges
1357 569 64 41 &
1382 569 165 41 Principes
1509 569 178 41 quantumvis
1649 569 229 41 potentissimos,
1839 569 89 41 qui

1078 603 95 38 Regi
1137 603 130 38 Christo
1232 603 154 38 subjectos
1350 603 71 38 se
1386 603 177 38 fatebuntur,
1528 603 106 38 eique
1587 603 118 38 servient

1095 629 131 45 Regnum
1187 629 144 45 Christi
1292 629 92 45 non
1344 629 92 45 est
1397 629 92 45 cum
1450 629 144 45 externo
1555 629 144 45 quopiam
1660 629 184 45 majestatis
1791 629 92 45 splen

1078 670 102 37 dore
1142 670 190 37 conjunctum,
1294 670 76 37 ex
1332 670 89 37 quo
1383 670 127 37 possit
1472 670 152 37 agnosci.
1586 670 89 37 Hoc
1637 670 152 37 Christus
1751 670 127 37 docet,
1828 670 63 37 cum

1068 708 88 39 ait
1119 708 101 39 Luc.
1182 708 88 39 17.
1232 708 101 39 vers
1295 708 88 39 20.
1345 708 88 39 Non
1395 708 88 39 est
1446 708 151 39 venturum
1559 708 126 39 regnum
1647 708 88 39 Dei
1697 708 88 39 cum
1735 708 163 39 observatio¬-

1071 740 82 35 ne,
1118 740 70 35 id
1153 740 94 35 est,
1212 740 82 35 cum
1259 740 141 35 apparatu
1364 740 59 35 &
1388 740 106 35 pompa
1458 740 117 35 qualis
1540 740 176 35 conspicitur
1681 740 70 35 in
1716 740 82 35 iis
1763 740 82 35 qui
1798 740 94 35 regnum

1070 772 163 37 terrenum
1193 772 191 37 capessunt.
1343 772 95 37 Hoc
1397 772 163 37 tenendum
1520 772 95 37 non
1574 772 136 37 tantum
1670 772 163 37 adversus
1778 772 123 37 Judaeos

1077 804 151 40 terrenum
1191 804 139 40 Messiae
1292 804 126 40 regnum
1380 804 214 40 exspectantes:
1556 804 88 40 sed
1606 804 113 40 etiam
1682 804 151 40 adversus
1783 804 113 40 Pseudo¬-

1071 842 180 41 christianos
1215 842 84 41 qui
1263 842 180 41 Pharisaismo
1407 842 84 41 seu
1455 842 144 41 Judaismo
1564 842 168 41 fascinati,
1696 842 156 41 Ecclesiam
1804 842 84 41 Chri¬-

1081 877 82 38 sti
1128 877 70 38 ex
1163 877 152 38 splendore
1280 877 140 38 externo,
1385 877 117 38 opibus
1467 877 58 38 &
1490 877 140 38 potentia
1595 877 128 38 terrena
1677 877 140 38 aestimant.

1107 900 93 47 His
1160 900 145 47 addemus
1265 900 145 47 quaedam
1371 900 79 47 ad
1411 900 172 47 generalem
1543 900 106 47 usum
1609 900 172 47 doctrinae
1741 900 79 47 de
1768 900 132 47 Christi¬-

1074 942 128 52 persona
1168 942 58 52 &
1191 942 128 52 officio
1272 942 152 52 pertinentia

1158 974 78 41 Qui
1202 974 100 41 nobis
1269 974 78 41 est
1314 974 111 41 omnia,
1392 974 67 41 in
1425 974 67 41 eo
1459 974 145 41 gloriari,
1570 974 67 41 in
1603 974 67 41 eo
1637 974 134 41 laetari,
1737 974 67 41 eo
1770 974 78 41 nos
1804 974 100 41 solari,

1072 1005 77 40 in
1111 1005 77 40 eo
1149 1005 193 40 acquiescere
1304 1005 64 40 &
1329 1005 129 40 firmam
1419 1005 219 40 constantemque
1599 1005 154 40 fiduciam
1715 1005 180 40 collocare,
1844 1005 51 40 ad

1076 1047 121 42 illum
1156 1047 175 42 confugere
1290 1047 81 42 in
1331 1047 148 42 omnibus
1425 1047 134 42 debemus:

1123 1070 98 44 esus
1184 1070 148 44 Christus
1295 1070 111 44 nobis
1369 1070 86 44 est
1418 1070 123 44 omnia.
1504 1070 86 44 Est
1553 1070 98 44 enim
1615 1070 123 44 noster
1701 1070 111 44 Deus,
1775 1070 86 44 est
1812 1070 86 44 Imma¬-

1073 1115 99 34 nuel,
1139 1115 99 34 Jesa.
1205 1115 66 34 7.
1238 1115 99 34 vers.
1304 1115 77 34 14.
1348 1115 66 34 id
1381 1115 88 34 est,
1436 1115 132 34 nobiscum
1535 1115 88 34 Deus
1590 1115 121 34 fortis:
1678 1115 77 34 est
1722 1115 110 34 Ithiel
1788 1115 110 34 Proverb.

1090 1145 67 35 0.
1123 1145 100 35 vers,
1190 1145 67 35 1.
1223 1145 67 35 id
1256 1145 89 35 est,
1312 1145 100 35 mecum
1378 1145 89 35 Deus
1434 1145 122 35 fortis:
1523 1145 78 35 est
1567 1145 111 35 noster
1645 1145 100 35 Vchal
1711 1145 133 35 Proverb.
1811 1145 78 35 30.
1845 1145 44 35 v.

1087 1181 68 36 1.
1121 1181 68 36 id
1155 1181 90 36 est,
1211 1181 113 36 potens
1290 1181 90 36 ille
1347 1181 79 36 per
1392 1181 90 36 quem
1449 1181 102 36 omnia
1516 1181 147 36 possumus:
1630 1181 79 36 est
1675 1181 90 36 puer
1731 1181 90 36 ille
1788 1181 102 36 natus
1844 1181 57 36 no¬-

1083 1211 73 36 bis
1124 1211 52 36 &
1145 1211 105 36 filius
1219 1211 84 36 ille
1271 1211 94 36 datus
1334 1211 105 36 nobis,
1408 1211 94 36 Jesa.
1471 1211 63 36 9.
1502 1211 63 36 v.
1534 1211 63 36 6.
1565 1211 73 36 est
1607 1211 94 36 nobis
1670 1211 168 36 admirabilis.
1807 1211 94 36 Jesa.
1859 1211 42 36 9.

1086 1246 107 40 vers.
1157 1246 71 40 6.
1193 1246 83 40 tum
1240 1246 131 40 persona
1335 1246 95 40 sua,
1395 1246 95 40 quia
1454 1246 107 40 verus
1525 1246 95 40 Deus
1584 1246 59 40 &
1608 1246 107 40 verus
1679 1246 95 40 homo
1739 1246 71 40 in
1774 1246 83 40 quo
1810 1246 83 40 divi¬-

1072 1282 77 40 na
1111 1282 65 40 &
1137 1282 129 40 humana
1227 1282 129 40 natura
1317 1282 206 40 personaliter
1485 1282 155 40 coaluit;
1601 1282 90 40 tum
1653 1282 155 40 operibus
1756 1282 142 40 universis

1085 1311 113 43 atque
1161 1311 163 43 in-primis
1286 1311 100 43 erga
1349 1311 163 43 Ecclesiam
1474 1311 63 43 &
1500 1311 151 43 singulos
1612 1311 151 43 fideles,
1725 1311 100 43 quum
1788 1311 88 43 sit
1826 1311 75 43 DEUS

1085 1356 73 41 qui
1126 1356 93 41 facit
1188 1356 135 41 mitabilia
1292 1356 104 41 solus,
1365 1356 73 41 Ps.
1406 1356 73 41 72.
1448 1356 62 41 v.
1479 1356 73 41 18.
1521 1356 52 41 &
1541 1356 83 41 136.
1593 1356 62 41 v.
1624 1356 62 41 4.
1645 1356 52 41 &c.

1114 1379 89 40 Ergo
1170 1379 67 40 in
1203 1379 89 40 Iesu
1259 1379 122 40 Christo
1348 1379 145 40 gloriari,
1459 1379 67 40 in
1492 1379 67 40 eo
1526 1379 134 40 laetari,
1626 1379 67 40 eo
1659 1379 78 40 nos
1704 1379 122 40 solari,
1793 1379 67 40 in
1826 1379 67 40 eo
1848 1379 56 40 ac¬-

1092 1420 158 42 quiescere
1214 1420 61 42 &
1238 1420 122 42 firmam
1323 1420 207 42 constantemque
1494 1420 146 42 fiduciam
1603 1420 171 42 collocare,
1737 1420 73 42 ad
1774 1420 110 42 illum
1835 1420 73 42 con¬-

1083 1449 126 49 fugere
1172 1449 76 49 in
1210 1449 139 49 omnibus
1298 1449 126 49 debemus.

1113 1477 91 46 II.
1165 1477 91 46 Qui
1217 1477 131 46 noster
1309 1477 157 46 Mediator
1427 1477 91 46 est
1479 1477 105 46 apud
1544 1477 144 46 Patrem,
1649 1477 78 46 is
1688 1477 157 46 profecto
1805 1477 91 46 non
1845 1477 65 46 est

1070 1516 125 36 noster
1158 1516 163 36 accusator
1283 1516 100 36 apud
1333 1516 113 36 Patrem:

1117 1551 73 47 At
1153 1551 110 47 Iesus
1227 1551 146 47 Christus
1336 1551 85 47 est
1385 1551 146 47 Mediator
1495 1551 122 47 noster
1580 1551 98 47 apud
1629 1551 110 47 Patrem:

1117 1586 97 35 Ergo
1177 1586 109 35 Iesus
1250 1586 145 35 Christus
1358 1586 84 35 non
1407 1586 84 35 est
1455 1586 157 35 accusator
1576 1586 121 35 noster
1660 1586 97 35 apud
1708 1586 109 35 Patrem:

1119 1614 98 44 Haec
1180 1614 172 44 consolatio
1315 1614 86 44 est
1364 1614 110 44 magni
1438 1614 135 44 momenti
1536 1614 147 44 adversus
1646 1614 147 44 terrorem
1757 1614 135 44 judicii
1843 1614 61 44 di¬-

1077 1653 107 40 vini,
1149 1653 96 40 quod
1208 1653 143 40 peccator
1316 1653 84 40 non
1364 1653 119 40 potest
1447 1653 84 40 non
1495 1653 191 40 reformidare,
1650 1653 96 40 nisi
1710 1653 107 40 fides
1782 1653 72 40 in
1805 1653 96 40 CHRI¬.

1090 1684 113 40 STUM
1161 1684 71 40 &
1189 1684 170 40 charitas
1316 1684 113 40 erga
1387 1684 113 40 Deum
1458 1684 198 40 formidinem
1613 1684 170 40 servilem
1740 1684 71 40 &
1754 1684 156 40 infidelem

1084 1725 154 36 excutiat.
1203 1725 178 36 Illustratur
1345 1725 107 36 autem
1416 1725 95 36 haec
1475 1725 166 36 consolatio
1606 1725 71 36 eo
1641 1725 95 36 quod
1701 1725 142 36 dicitur.
1807 1725 95 36 Rom.
1855 1725 47 36 8.

1080 1753 104 39 vers.
1150 1753 81 39 34.
1196 1753 92 39 Quis
1254 1753 81 39 est
1300 1753 81 39 qui
1346 1753 162 39 condemnet?
1473 1753 139 39 Christus
1577 1753 69 39 is
1612 1753 81 39 est
1658 1753 81 39 qui
1705 1753 127 39 mortuus
1797 1753 92 39 est,
1843 1753 58 39 imo

1091 1790 91 46 vero
1148 1790 80 46 qui
1193 1790 103 46 etiam
1262 1790 160 46 suscitatus
1387 1790 91 46 est:
1444 1790 80 46 qui
1490 1790 103 46 etiam
1559 1790 80 46 est
1604 1790 68 46 ad
1638 1790 137 46 dexteram
1741 1790 91 46 Dei:
1798 1790 80 46 qui
1844 1790 80 46 ci¬

1078 1817 77 46 iam
1122 1817 165 46 interpellat
1254 1817 77 46 pro
1287 1817 77 46 nobis

1111 1846 105 46 III.
1177 1846 119 46 Solus
1256 1846 119 46 Iesus
1335 1846 158 46 Christus
1454 1846 92 46 est
1506 1846 79 46 in
1546 1846 105 46 Novo
1612 1846 185 46 Testamento
1757 1846 119 46 simul
1823 1846 79 46 Rex¬-

1086 1885 62 44 &
1110 1885 162 44 Sacerdos:
1235 1885 75 44 1.
1272 1885 100 44 Quia
1335 1885 100 44 ipse
1397 1885 112 44 solus
1472 1885 87 44 per
1522 1885 224 44 Melchisedechum
1709 1885 100 44 fuit
1758 1885 150 44 figuratus,

1077 1918 100 45 Gen.
1139 1918 88 45 14.
1189 1918 88 45 Ps.
1239 1918 88 45 110
1277 1918 88 45 Hebr.

1100 1959 76 36 2.
1138 1959 102 36 Quia
1202 1959 102 36 ipse
1265 1959 114 36 solus
1341 1959 102 36 fuit
1405 1959 165 36 figuratus
1532 1959 89 36 per
1583 1959 203 36 primogenitos
1735 1959 165 36 Patriarcha¬-

1078 1987 94 38 rum,
1137 1987 83 38 qui
1184 1987 106 38 regni
1255 1987 59 38 &
1279 1987 165 38 sacerdotii
1409 1987 130 38 quandam
1503 1987 130 38 speciem
1597 1987 106 38 inter
1668 1987 94 38 suos
1727 1987 165 38 gesserunt,
1857 1987 71 38 ut

1086 2021 169 47 Abrahamus,
1219 2021 133 47 Isaacus
1315 2021 145 47 Jacobus,
1424 2021 60 47 &
1448 2021 97 47 alii
1496 2021 169 47 primogenitia

1112 2048 162 43 SYNESIUS
1233 2048 162 43 epistola
1354 2048 121 43 LVII.
1435 2048 162 43 Quoniam,
1557 2048 148 43 inquit,
1665 2048 94 43 res
1719 2048 135 43 divina
1800 2048 94 43 huma¬-

1084 2092 71 31 no
1120 2092 95 31 more
1179 2092 166 31 curabatur:
1309 2092 154 31 propterea
1427 2092 166 31 conjunctus
1557 2092 106 31 prius
1628 2092 71 31 in
1664 2092 106 31 eadem
1734 2092 130 31 persona
1817 2092 83 31 vitas

1086 2122 120 38 Sacram
1170 2122 60 38 &
1194 2122 180 38 principalem
1339 2122 96 38 Deus
1399 2122 168 38 separavit.
1531 2122 72 38 Et
1567 2122 84 38 ait
1615 2122 132 38 venuste
1712 2122 96 38 idem
1760 2122 132 38 praestan¬-

1084 2155 132 47 tissimus
1183 2155 143 47 scriptor:
1293 2155 77 47 δλι
1336 2155 143 47 πολιτικήν
1446 2155 121 47 αρετον,
1534 2155 132 47 ἰερωσυθη
1633 2155 143 47 συωπιειν,
1742 2155 66 47 τα
1775 2155 121 47 κλωδειν
1852 2155 55 47 ἐσε

1078 2189 62 39 ζ
1102 2189 173 39 ἀτογκλωςα:
1238 2189 161 39 Politicam
1362 2189 173 39 facultatem
1498 2189 173 39 sacerdotio
1634 2189 148 39 jungere,
1733 2189 161 39 conglomeram

1081 2222 80 37 est
1126 2222 69 37 in
1161 2222 92 37 unum
1218 2222 92 37 res,
1275 2222 92 37 quae
1333 2222 115 37 natura
1413 2222 80 37 sua
1459 2222 137 37 conjungi
1562 2222 103 37 nullo
1630 2222 92 37 modo
1688 2222 126 37 queant.
1779 2222 80 37 Sed
1814 2222 80 37 rati¬-

1077 2257 98 34 ones
1138 2257 86 34 cur
1187 2257 74 34 in
1224 2257 148 34 Ecclesia
1335 2257 86 34 sua
1384 2257 135 34 Dominus
1482 2257 86 34 eam
1532 2257 209 34 distinctionem
1704 2257 135 34 servari
1802 2257 111 34 voluc

1086 2293 93 34 rit,
1144 2293 139 34 explicat
1249 2293 139 34 accurate
1354 2293 139 34 Gelasius
1458 2293 105 34 Papa,
1528 2293 105 34 cujus
1598 2293 105 34 verba
1668 2293 81 34 hic
1714 2293 163 34 adscribam:
1830 2293 70 34 Fue¬-

1079 2324 93 35 rint
1137 2324 105 35 haec,
1207 2324 128 35 inquit,
1300 2324 93 35 ante
1358 2324 139 35 adventum
1463 2324 139 35 Christi,
1567 2324 70 35 ut
1602 2324 116 35 quidam
1683 2324 186 35 figuraliter,
1823 2324 81 35 adhuc

1088 2358 104 38 tamen
1158 2358 69 38 in
1193 2358 162 38 carnalibus
1320 2358 162 38 actionibus
1447 2358 162 38 constituti
1574 2358 127 38 pariter
1667 2358 104 38 Reges
1736 2358 173 38 exsisterent
1863 2358 35 38 &

1090 2389 128 37 pariter
1184 2389 175 37 Sacerdotes:
1324 2389 93 37 quod
1382 2389 128 37 sanctum
1475 2389 187 37 Melchisedech
1627 2389 117 37 fuisse
1709 2389 105 37 sacra
1779 2389 117 37 prodit
1849 2389 58 37 hi¬-

1089 2424 122 35 toria.
1174 2424 98 35 Mox:
1235 2424 85 35 Sed
1284 2424 98 35 quum
1345 2424 73 35 ad
1382 2424 110 35 verum
1455 2424 122 35 ventum
1540 2424 98 35 est,
1601 2424 122 35 eundem
1687 2424 110 35 Regem
1760 2424 110 35 atque
1821 2424 73 35 Pon¬-

1078 2457 134 35 tificem,
1178 2457 101 35 ultra
1245 2457 89 35 sibi
1301 2457 78 35 nec
1346 2457 145 35 Imperator
1458 2457 156 35 Pontificis
1581 2457 101 35 nomen
1648 2457 145 35 imposuit,
1760 2457 78 35 nec
1793 2457 112 35 Pontifex

1085 2491 117 37 regale
1167 2491 152 37 fastigium
1284 2491 175 37 vindicavit.
1424 2491 128 37 Quamvis
1517 2491 93 37 enim
1576 2491 117 37 membra
1657 2491 128 37 ipsius,
1751 2491 70 37 id
1786 2491 93 37 est,
1833 2491 58 37 ver

1071 2525 107 36 Regis
1142 2525 107 36 atque
1213 2525 178 36 Pontificis,
1355 2525 142 36 secundum
1462 2525 225 36 participationem
1651 2525 130 36 naturae
1746 2525 154 36 magnifire
1853 2525 47 36 u¬-

1081 2561 124 36 trumque
1171 2561 68 36 in
1205 2561 101 36 sacra
1272 2561 169 36 generatione
1407 2561 135 36 sumsisse
1509 2561 146 36 dicantur,
1622 2561 68 36 ut
1655 2561 101 36 simul
1723 2561 113 36 regale
1802 2561 101 36 genus
1858 2561 34 36 &

1086 2596 180 33 facerdotale
1230 2596 180 33 subsistant:
1374 2596 132 33 attamen
1470 2596 144 33 Christus
1579 2596 108 33 memor
1651 2596 192 33 fragilitatis
1795 2596 96 33 humana

1081 2633 80 36 quo
1126 2633 114 36 suorum
1206 2633 114 36 saluti
1286 2633 171 36 congrueret,
1422 2633 194 36 dispensatione
1582 2633 148 36 magnifica
1696 2633 160 36 temperans,
1821 2633 80 36 sic
1855 2633 46 36 a¬-

1089 2661 130 42 stionibus
1189 2661 120 42 propriis
1279 2661 190 42 dignitatibusque
1439 2661 150 42 distinctis,
1558 2661 110 42 officia
1638 2661 140 42 potestatis
1748 2661 130 42 utriusque
1838 2661 60 42 dis¬-

1085 2698 124 40 previt,
1175 2698 90 40 suos
1231 2698 113 40 volens
1310 2698 158 40 medicinali
1434 2698 158 40 humilitate
1559 2698 135 40 salvari,
1660 2698 79 40 non
1705 2698 113 40 humana
1773 2698 124 40 superbid.

1075 2725 114 44 rursus
1154 2725 159 44 intercipi:
1279 2725 68 44 ut
1314 2725 57 44 &
1336 2725 159 44 Christiani
1462 2725 171 44 Imperatores
1598 2725 80 44 pro
1644 2725 125 44 aeterna
1735 2725 91 44 vita
1780 2725 114 44 Pontifi¬-

1080 2762 110 32 cibus
1153 2762 183 32 indigerent:
1299 2762 61 32 &
1324 2762 171 32 Pontifices
1458 2762 85 32 pro
1507 2762 183 32 temporalium
1653 2762 110 32 cursu
1726 2762 110 32 rerum
1787 2762 110 32 Imperia

1078 2792 100 36 libus
1144 2792 211 36 dispositionibus
1322 2792 155 36 uterentur:
1444 2792 133 36 quatenus
1543 2792 166 36 spiritualis
1676 2792 100 36 actio
1743 2792 55 36 a
1754 2792 144 36 carnalibus.

1084 2826 136 39 distaret
1185 2826 169 39 incursibus:
1321 2826 56 39 &
1344 2826 90 39 ideo
1400 2826 136 39 militans
1502 2826 79 39 Deo
1547 2826 113 39 minime
1626 2826 68 39 se
1660 2826 136 39 negotiis
1750 2826 147 39 secularibus

1091 2863 154 36 mplicaret:
1212 2863 66 36 ac
1245 2863 132 36 vicissim
1344 2863 77 36 non
1388 2863 88 36 ille
1443 2863 99 36 rebus
1510 2863 132 36 diuvinis
1609 2863 154 36 praesidere
1730 2863 154 36 videretur,
1851 2863 77 36 qui

1094 2894 92 46 sset
1151 2894 138 46 negotiis
1254 2894 172 46 secularibus
1392 2894 172 46 implicatus:
1530 2894 69 46 ut
1564 2894 57 46 &
1587 2894 138 46 modestia
1690 2894 149 46 utriusque
1794 2894 103 46 ordinis

1087 2927 159 47 curaretur:
1212 2927 68 47 ne
1246 2927 182 47 extolleretur
1394 2927 125 47 utroque
1485 2927 159 47 suffultus:
1610 2927 57 47 &
1633 2927 148 47 competens
1736 2927 159 47 qualitatibus

1085 2960 151 39 actionum,
1202 2960 175 39 specialiter
1341 2960 151 39 professio
1458 2960 163 39 aptaretur,
1586 2960 93 39 haec
1644 2960 128 39 Galenus
1737 2960 70 39 in
1772 2960 93 39 tomo
1830 2960 70 39 de
1853 2960 47 39 A¬-

1073 2996 180 47 nathematis
1215 2996 154 47 vinculo:
1330 2996 103 47 unde
1395 2996 141 47 accepit
1498 2996 154 47 Nicolaus
1613 2996 116 47 Papa,
1690 2996 77 47 ex
1729 2996 90 47 quo
1768 2996 141 47 Gratianus

1086 3037 128 39 partim
1176 3037 153 39 capitulo
1291 3037 153 39 Quoniam,
1406 3037 204 39 Distinctione
1572 3037 141 39 decima,
1674 3037 64 39 &
1700 3037 153 39 capitulo
1815 3037 89 39 Cum
1853 3037 51 39 ad

1078 3062 125 49 verum,
1165 3062 200 49 Distinctione
1327 3062 262 49 nonagesima-sexta.
1552 3062 137 49 Notabis
1651 3062 100 49 duas
1714 3062 125 49 causas
1789 3062 112 49 gravis¬-

1074 3097 132 37 simas,
1166 3097 92 37 cur
1219 3097 79 37 in
1259 3097 159 37 Ecclesia
1378 3097 92 37 Dei
1431 3097 106 37 nemo
1497 3097 106 37 homo
1563 3097 132 37 possit
1655 3097 106 37 esse
1721 3097 92 37 Rex
1774 3097 66 37 &
1787 3097 106 37 Sacer¬-

1083 3129 98 41 dos:
1144 3129 122 41 Prior,
1229 3129 147 41 modestia
1339 3129 159 41 utriusque
1461 3129 147 41 ordinis:
1571 3129 147 41 appellat
1681 3129 110 41 autor
1742 3129 159 41 gravissimus

1081 3171 189 38 modestiam,
1230 3171 108 38 quam
1298 3171 135 38 Graeci
1392 3171 162 38 Politici
1514 3171 95 38 cum
1568 3171 81 38 de
1608 3171 135 38 natura
1689 3171 203 38 Rerumpublicat

1079 3195 96 43 rum
1134 3195 192 43 disputant,
1285 3195 192 43 ἑσηρροπιαν
1435 3195 68 43 &
1463 3195 219 43 ζεγοσάτησιν:
1641 3195 164 43 momentum
1764 3195 151 43 aequale
1860 3195 41 43 &

1070 3227 217 43 libramentum
1243 3227 116 43 par:
1316 3227 145 43 docent
1417 3227 116 43 enim
1490 3227 101 43 non
1547 3227 130 43 posse
1634 3227 145 43 firmam
1736 3227 72 43 &
1750 3227 145 43 stabilem
