2063 3477
150 189 196 48 Rempublicam
307 189 118 48 esse,
386 189 118 48 cujus
464 189 131 48 partes
556 189 105 48 quae
621 189 183 48 geometrica
765 189 196 48 proportione
910 189 65 48 il¬-

143 225 85 46 lam
191 225 194 46 constituunt,
349 225 133 46 paribus
446 225 97 46 hinc
506 225 97 46 inde
567 225 145 46 momentis
676 225 73 46 in
712 225 85 46 suo
761 225 73 46 ac
797 225 145 46 legitimo
894 225 73 46 sta¬-

145 262 72 40 tu
181 262 84 40 non
229 262 204 40 contineantur,
397 262 144 40 alioquin
505 262 132 40 futurum
602 262 132 40 omnino,
698 262 96 40 quod
758 262 84 40 hic
806 262 84 40 ait
842 262 132 40 Gelasius,

153 300 71 38 ut
189 300 107 38 nimia
260 300 155 38 potestate
379 300 143 38 suffulta
487 300 95 38 pars
546 300 143 38 extollat
653 300 83 38 se,
701 300 60 38 &
725 300 95 38 quod
784 300 155 38 aptissimo
892 300 83 38 verbo

154 328 95 39 dixit
218 328 127 39 Polybius
313 328 117 39 ἔ:oικs,
398 328 64 39 id
430 328 85 39 est,
483 328 74 39 sua
525 328 85 39 iode
578 328 117 39 migret.
663 328 106 39 Altera
737 328 95 39 ratio
801 328 85 39 est,
853 328 64 39 ne
885 328 64 39 id
906 328 64 39 eve¬-

157 365 95 39 niat
216 365 95 39 quod
276 365 107 39 paulo
347 365 95 39 ante
406 365 59 39 e
429 365 130 39 Synesio
524 365 166 39 dicebamus:
654 365 83 39 sed
702 365 130 39 contra,
796 365 83 39 res
844 365 118 39 sacras
915 365 47 39 sa

147 397 120 48 cratae
231 397 144 48 personae
339 397 168 48 procurent:
472 397 84 48 non
520 397 132 48 sacras,
616 397 84 48 non
664 397 144 48 sacrati.
773 397 144 48 Episcopi
869 397 108 48 provin¬-

164 428 126 39 iarum
248 428 182 39 Rhemensis
389 428 70 39 &
417 428 225 39 Rotomagensis
599 428 84 39 ad
641 428 182 39 Ludovicum
782 428 126 39 Regem
852 428 112 39 dicunt

157 460 133 40 Deus
240 460 100 40 in
290 460 149 40 carne
390 460 199 40 veniens,
539 460 116 40 qui
605 460 149 40 SOLUS
705 460 116 40 REX
754 460 216 40 PIERIPOTUIT

159 498 79 43 ET
198 498 157 43 SACERDOS
316 498 66 43 &
342 498 79 43 in
382 498 131 43 caelum
474 498 197 43 adscendens,
631 498 105 43 suum
697 498 144 43 regnum,
802 498 79 43 id
841 498 105 43 est,
906 498 92 43 Ec¬

153 533 135 39 clesiam
251 533 111 39 inter
325 533 209 39 Pontificialem
497 533 185 39 autoritatem
645 533 62 39 &
669 533 123 39 regiam
756 533 172 39 potestatem
879 533 98 39 guber¬-

158 558 130 48 nandam
236 558 156 48 disposuit.

191 596 91 43 IV.
243 596 104 43 Apud
308 596 117 43 Jesum
386 596 156 43 Christum
504 596 91 43 non
556 596 130 43 tantum
647 596 117 43 salus
725 596 156 43 aeterna,
843 596 91 43 sed
882 596 91 43 etiam

156 623 112 46 salus
230 623 187 46 temporaria,
380 623 124 46 veluti
467 623 149 46 morborum
579 623 137 46 sanatio
678 623 174 46 aliarumque
803 623 174 46 afflictionum

159 666 62 40 &
183 666 186 40 periculolum
332 666 149 40 depulsio
443 666 161 40 quaerenda
567 666 87 40 per
617 666 124 40 preces
704 666 74 40 ex
741 666 99 40 vera
803 666 74 40 in
840 666 111 40 illum
902 666 74 40 fide

140 696 175 52 profectas,
278 696 75 52 ut
316 696 163 52 sequentia
441 696 163 52 argumenta
553 696 138 52 evincunt.

182 729 75 40 1.
220 729 100 40 quia
283 729 88 40 est
333 729 125 40 natura
420 729 113 40 verus
495 729 113 40 Deus;
570 729 113 40 omnia
646 729 100 40 enim
708 729 125 40 novit,
796 729 113 40 etiam
858 729 113 40 intima¬-

162 763 133 46 cordium
258 763 205 46 cogitationes,
427 763 121 46 Matth.
512 763 72 46 9.
536 763 48 46 4.

196 796 72 46 2.
232 796 96 46 quia
292 796 84 46 est
340 796 132 46 Messias
436 796 96 46 ille
496 796 168 46 promissus,
628 796 84 46 qui
676 796 108 46 omnia
748 796 96 46 bona
808 796 120 46 animae
892 796 60 46 &
904 796 72 46 cor¬-

166 832 98 50 poris
231 832 98 50 nobis
297 832 120 50 daturus
384 832 98 50 erat,
449 832 109 50 Matth.
525 832 76 50 11.
569 832 65 50 4,
590 832 44 50 7.

200 862 71 44 3.
236 862 95 44 quia
295 862 83 44 est
343 862 119 44 plenus
426 862 202 44 misericordia,
593 862 83 44 qui
641 862 155 44 afficitur
760 862 107 44 sensu
819 862 167 44 infirmitatum

166 904 179 43 nostrarum,
307 904 153 43 tentatus
421 904 77 43 in
460 904 140 43 omnibus
562 904 179 43 similiter,
702 904 128 43 absque
792 904 115 43 tamen
855 904 128 43 peccato,

173 932 99 43 Hebr
234 932 74 43 4.
271 932 86 43 15.
308 932 62 43 16.

210 957 72 55 4.
246 957 96 55 quia
306 957 72 55 in
342 957 108 55 illum
414 957 156 55 credimus,
533 957 120 55 Matth.
617 957 60 55 9
629 957 48 55 2.

196 1004 73 41 5.
232 1004 98 41 quia
293 1004 146 41 remittit
403 1004 146 41 peccata,
513 1004 110 41 utqui
586 1004 110 41 habet
659 1004 171 41 potestatem
793 1004 171 41 remittendi
915 1004 61 41 pec

164 1037 100 45 cata,
231 1037 89 45 quae
286 1037 89 45 sunt
342 1037 100 45 causa
408 1037 144 45 iniseriae
519 1037 133 45 nostrae,
619 1037 111 45 Matth.
697 1037 56 45 9
719 1037 67 45 2,
742 1037 44 45 6.

195 1068 74 45 6.
232 1068 99 45 quia
294 1068 99 45 vult
356 1068 112 45 nobis
430 1068 174 45 succurrere
567 1068 124 45 Matth.
654 1068 62 45 8
666 1068 50 45 3.

201 1109 71 37 7.
237 1109 95 37 quia
296 1109 119 37 potest
379 1109 107 37 nobis
451 1109 178 37 succurrere,
594 1109 83 37 nos
641 1109 119 37 sanare
724 1109 59 37 &
748 1109 143 37 cripere:
855 1109 107 37 verbo
915 1109 71 37 enim

171 1138 89 40 ejus
227 1138 112 40 cedunt
305 1138 89 40 mali
360 1138 145 40 spiritus,
472 1138 112 40 morbi,
550 1138 178 40 tempestates,
695 1138 112 40 Matth.
773 1138 67 40 8.
807 1138 123 40 versic.
896 1138 67 40 8,
929 1138 67 40 9:
952 1138 33 40 &

185 1180 87 41 cap.
229 1180 43 41 96

208 1197 77 46 1.
247 1197 102 46 quia
310 1197 102 46 apud
374 1197 115 46 illum
451 1197 102 46 alii
515 1197 102 46 ante
579 1197 89 46 nos
630 1197 179 46 sanationem
770 1197 64 46 &
796 1197 204 46 liberationem
949 1197 51 46 a¬-

178 1237 105 42 malis
248 1237 186 42 quaesiverunt
399 1237 58 42 &
422 1237 151 42 consecuti
539 1237 105 42 sunt,
608 1237 70 42 ut
643 1237 81 42 tot
690 1237 128 42 exempla
783 1237 174 42 confirmant,
911 1237 81 42 teste

178 1276 141 37 historia
284 1276 164 37 Evangelica
413 1276 117 37 Matth.
495 1276 70 37 4.
530 1276 70 37 v.
565 1276 82 37 13,
612 1276 70 37 24
648 1276 59 37 &
671 1276 82 37 cap
718 1276 59 37 8
741 1276 59 37 &
753 1276 47 37 9.

213 1335 130 52 eAtque
304 1335 104 52 haec
369 1335 222 52 derevelatione
552 1335 183 52 doctrinae:
695 1335 156 52 sequitur
813 1335 78 52 de
839 1335 117 52 praedi¬-

351 1374 153 59 ctione
458 1374 153 59 divina
565 1374 137 59 cerum
641 1374 168 59 futurarum

356 1477 350 53 CAPUT
551 1477 233 53 XXX.

245 1550 100 54 In
295 1550 117 54 quo
362 1550 100 54 de
413 1550 251 54 visionibus,
613 1550 151 54 typis
714 1550 84 54 &
730 1550 201 54 vaticiniis

450 1600 257 62 Propheticis.

176 1677 217 54 TPRAEDICTIO
349 1677 145 54 divina
451 1677 130 54 rerum
538 1677 203 54 futurarum,
697 1677 101 54 est
755 1677 217 54 patefactio,
929 1677 101 54 qui

238 1721 98 39 Deus
299 1721 98 39 illa
360 1721 98 39 quae
421 1721 122 39 futura
507 1721 122 39 erant,
593 1721 61 39 &
617 1721 110 39 neque
691 1721 135 39 humanam
789 1721 98 39 acie
850 1721 61 39 &
862 1721 135 39 perspica¬-

241 1754 93 40 cia,
299 1754 104 40 neque
369 1754 69 40 ex
404 1754 116 40 causis
485 1754 81 40 vel
531 1754 116 40 signis
612 1754 174 40 naturalibus
751 1754 151 40 praesciri
855 1754 139 40 potuissent

189 1788 196 34 praenunciare
348 1788 135 34 voluit,
446 1788 147 34 quatenus
556 1788 74 34 ea
593 1788 110 34 scire
667 1788 123 34 nostra
753 1788 159 34 interest.
875 1788 159 34 Nominatur

189 1818 180 40 Synecdochice
335 1818 180 40 Apocalypsis,
481 1818 157 40 revelatio,
604 1818 168 40 Apocalypsis
739 1818 67 40 1.
772 1818 146 40 versicul.
885 1818 67 40 1.
918 1818 67 40 Et
941 1818 56 40 in¬-

181 1850 146 41 telligitur
295 1850 73 41 per
337 1850 146 41 apertionem
452 1850 52 41 c
473 1850 94 41 aeli,
535 1850 94 41 Ezech
598 1850 63 41 1.
629 1850 115 41 versic.
712 1850 63 41 1.
744 1850 73 41 seu
785 1850 94 41 ostii
848 1850 63 41 in
879 1850 94 41 caeo,
931 1850 63 41 Apoc

186 1884 69 46 4.
220 1884 80 46 qua
266 1884 80 46 non
312 1884 149 46 corporeae
426 1884 172 46 substantiae
564 1884 115 46 caeli,
644 1884 80 46 sed
690 1884 172 46 mysteriorum
828 1884 161 46 caelestium
943 1884 57 46 re¬-

184 1918 118 47 seratio
270 1918 182 47 significatur.

217 1948 158 46 Autor
323 1948 140 46 ejus
410 1948 123 46 est
481 1948 140 46 DEUS
568 1948 175 46 PATER,
691 1948 175 46 FILIUS
814 1948 88 46 &
832 1948 175 46 SPIRITUS

185 1981 152 45 SANCTUS,
299 1981 189 45 Apocalypsis
451 1981 76 45 1.
488 1981 164 45 versicul.
615 1981 76 45 1.
653 1981 63 45 &
678 1981 101 45 cap.
741 1981 76 45 4.
779 1981 164 45 versicul.
905 1981 76 45 3.
930 1981 76 45 Quae

183 2013 98 46 enim
244 2013 122 46 natur,
329 2013 110 46 liter
403 2013 195 46 praecognosci
561 2013 159 46 nequeunt,
683 2013 171 46 necessario
818 2013 73 46 ex
854 2013 98 46 ejus
903 2013 98 46 tantum

183 2048 198 45 revelatione
341 2048 224 45 cognoscuntur.
526 2048 92 45 qui
579 2048 66 45 &
605 2048 119 45 genus
684 2048 145 45 humanum
790 2048 66 45 &
816 2048 145 45 naturam
909 2048 92 45 rerum

198 2076 116 50 omnium
280 2076 81 50 sic
326 2076 70 50 in
361 2076 81 50 sua
408 2076 151 50 potestate
524 2076 116 50 habet,
605 2076 70 50 ut
640 2076 93 50 sine
698 2076 93 50 ejus
756 2076 151 50 voluntate
873 2076 105 50 nihil
931 2076 81 50 fieri

194 2119 118 50 usquam
277 2119 59 50 &
301 2119 118 50 unquam
383 2119 130 50 possit,
478 2119 95 50 Jes.
537 2119 83 50 41.
584 2119 59 50 v
596 2119 59 50 23.

223 2150 116 53 Eaque
301 2150 116 53 PRIMO
378 2150 116 53 facta
455 2150 90 53 est
507 2150 90 53 vel
559 2150 90 53 per
610 2150 142 53 oracula
713 2150 142 53 divina,
817 2150 90 53 vel
868 2150 90 53 per
920 2150 155 53 visiones

191 2189 139 46 divinas,
296 2189 104 46 Numet
365 2189 81 46 12.
411 2189 104 46 vers.
481 2189 69 46 6,
515 2189 69 46 7.
550 2189 69 46 8.
585 2189 116 46 Quibus
666 2189 116 46 dixit,
747 2189 116 46 audite
828 2189 93 46 nunc
885 2189 104 46 verba
943 2189 58 46 mea

197 2220 72 56 si
233 2220 84 56 est
281 2220 145 56 propheta
390 2220 72 56 ex
426 2220 120 56 vobis,
510 2220 84 56 per
558 2220 145 56 visiorem
667 2220 133 56 meipsum
763 2220 133 56 Iehovam
859 2220 108 56 notum
920 2220 84 56 facit

196 2250 79 59 ei,
241 2250 79 59 aut
286 2250 79 59 per
331 2250 124 59 somnium
421 2250 135 59 alloquor
522 2250 90 59 eum:
578 2250 79 59 Non
623 2250 79 59 sic
668 2250 113 59 servus
747 2250 90 59 meus
803 2250 113 59 Moses;
882 2250 79 59 qui
927 2250 79 59 est
961 2250 45 59 in

204 2286 91 57 tota
260 2286 91 57 domo
317 2286 80 57 mea
363 2286 136 57 fidelis:
465 2286 68 57 In
499 2286 68 57 os
533 2286 136 57 alloquor
635 2286 91 57 eum,
692 2286 91 57 adeo
749 2286 68 57 ut
783 2286 125 57 speccem
862 2286 148 57 similitudi¬-

197 2319 115 57 nemque
277 2319 126 57 Iehovae
369 2319 149 57 intueatur
483 2319 69 57 ac
518 2319 80 57 non
564 2319 80 57 per
610 2319 161 57 aenigmata:
736 2319 103 57 quare
805 2319 115 57 igitur
885 2319 80 57 non
919 2319 92 57 timui¬-

194 2357 94 57 stis
253 2357 130 57 obloqui
348 2357 118 57 contra
430 2357 118 57 servum
513 2357 106 57 meum,
584 2357 118 57 contra
655 2357 94 57 Mosen¬-

246 2388 147 54 Praedictio
361 2388 105 54 divina
434 2388 73 54 per
476 2388 126 54 oracula,
571 2388 73 54 est
613 2388 84 54 quae
665 2388 105 54 ipsius
739 2388 73 54 Dei
781 2388 73 54 ore
823 2388 105 54 servis
896 2388 84 54 suis
938 2388 63 54 pro¬-

198 2426 149 48 nunciata
309 2426 87 48 est
359 2426 75 48 ad
396 2426 112 48 rerum
471 2426 162 48 futurarum
583 2426 174 48 revelationem

243 2445 145 62 Oraculum
352 2445 121 62 latius
437 2445 109 62 patet
509 2445 97 62 quam
570 2445 182 62 vaticinium:
715 2445 170 62 significat
848 2445 97 62 enim
897 2445 121 62 quicquid

204 2477 90 65 pore
260 2477 79 65 Dei
305 2477 135 65 prolatum
406 2477 90 65 est,
462 2477 90 65 sive
518 2477 79 65 sit
563 2477 146 65 doctrina,
675 2477 90 65 sive
731 2477 90 65 lex,
787 2477 90 65 sive
843 2477 168 65 comminatio,
978 2477 90 65 sive

209 2522 167 50 promissio,
341 2522 96 50 sive
400 2522 155 50 nartatio,
520 2522 96 50 sive
580 2522 155 50 responsum
699 2522 108 50 datum
771 2522 203 50 consulentibus
926 2522 84 50 Deum;

195 2553 103 58 sive
259 2553 180 58 praedictio
401 2553 116 58 rerum
478 2553 180 58 futurarum.
619 2553 90 58 &c.
670 2553 154 58 interdum
786 2553 116 58 tamen
850 2553 167 58 Synecdochi¬-

197 2592 77 49 ce
236 2592 205 49 restringitur
403 2592 77 49 ad
441 2592 128 49 certum
531 2592 141 49 quendam
634 2592 116 49 modum
711 2592 218 49 praedictionis
891 2592 116 49 rerum
955 2592 64 49 fu¬

192 2642 138 46 turarum.

248 2661 141 59 Visiones
354 2661 141 59 divinae,
460 2661 106 59 erant
531 2661 165 59 altermodus
660 2661 82 59 per
707 2661 94 59 quem
766 2661 200 59 praedictiones
919 2661 94 59 divina

208 2702 128 51 factae
298 2702 115 51 sunt,
374 2702 89 51 dum
425 2702 140 51 nimirum
527 2702 153 51 imagines
642 2702 140 51 quaedam
744 2702 128 51 servis
833 2702 89 51 Dei
872 2702 140 51 immediate

216 2734 82 54 Deo
263 2734 129 54 oblatae
357 2734 141 54 fuerunt,
462 2734 117 54 quibus
544 2734 82 54 res
591 2734 105 54 ipsae
662 2734 94 54 quae
720 2734 129 54 futurae
814 2734 117 54 erant,
884 2734 129 54 quodammo,

209 2765 74 55 do
246 2765 136 55 propius
344 2765 173 55 spectandae
480 2765 62 55 &
505 2765 210 55 contemplandae
678 2765 210 55 exhibebantur,
850 2765 74 55 ad
887 2765 111 55 earum
949 2765 74 55 cer¬-

215 2797 159 61 titudinem
337 2797 196 61 obsignandam.
496 2797 86 61 Pet
545 2797 147 61 visiones
655 2797 98 61 enim
716 2797 98 61 Deus
777 2797 86 61 tum
826 2797 98 61 quae
887 2797 110 61 alibi
949 2797 73 61 fie¬-

207 2836 111 52 bant,
281 2836 161 52 Prophetis
405 2836 186 52 ostendebat,
553 2836 74 52 ut
591 2836 161 52 Ezechie.1
714 2836 99 52 quae
776 2836 136 52 fiebant
863 2836 161 52 Jerosolymis

213 2882 110 47 Ezech
286 2882 61 47 8
311 2882 86 47 tum
359 2882 122 47 futura
433 2882 171 47 praedicebat,

233 2907 105 52 Imago
304 2907 105 52 autem
374 2907 70 52 in
409 2907 164 52 visionibus
538 2907 117 52 oblata
620 2907 82 52 vel
667 2907 94 52 erat
725 2907 129 52 simplex
819 2907 82 52 rei
866 2907 129 52 futurae
948 2907 70 52 veri

206 2952 93 51 tas,
264 2952 81 51 sic
311 2952 70 51 ut
345 2952 116 51 Ezech.
427 2952 81 51 40.
473 2952 81 51 vel
519 2952 81 51 sub
566 2952 116 51 simili
647 2952 104 51 udine
716 2952 151 51 animalium
832 2952 104 51 alia:
902 2952 93 51 umve
948 2952 81 51 rerum

209 2977 72 59 eo
245 2977 205 59 depingebantur
414 2977 96 59 quae
474 2977 157 59 Prophetis
594 2977 96 59 suis
655 2977 96 59 Deus
715 2977 145 59 revelare
823 2977 181 59 dignabatur,
968 2977 84 59 vel

217 3010 85 59 uti
265 3010 122 59 Ezech.
351 3010 73 59 1&
387 3010 85 59 10.
436 3010 85 59 Dan
484 3010 61 59 7
508 3010 61 59 &
533 3010 73 59 8.
569 3010 109 59 Porro
642 3010 146 59 visiones
752 3010 109 59 illae
824 3010 85 59 vel
861 3010 170 59 vigilantibus

206 3056 210 48 exhibebantur,
378 3056 86 48 vel
415 3056 173 48 dermientibus

247 3072 203 66 Vigilantibus
412 3072 203 66 exhibebantur
577 3072 89 66 vel
628 3072 76 66 in
666 3072 140 66 ocuiis,
767 3072 190 66 quemadmodum
920 3072 89 66 cum
958 3072 63 66 Je¬-

212 3116 102 54 hova
276 3116 127 54 eduxit
365 3116 165 54 Abrahamum
492 3116 63 54 &
517 3116 127 54 dixit:
606 3116 140 54 Intuere
708 3116 102 54 nunc
771 3116 127 54 caelum
860 3116 127 54 verjus
949 3116 63 54 &
962 3116 63 54 nu¬-

214 3144 87 58 mera
268 3144 98 58 ipsas
334 3144 130 58 stellas,
431 3144 65 58 si
464 3144 119 58 poteris
551 3144 130 58 numerare
649 3144 76 58 as:
692 3144 87 58 sic,
746 3144 119 58 inquit,
833 3144 119 58 futurum
920 3144 76 58 est
953 3144 65 58 sem¬-

207 3181 105 53 tuum.
277 3181 93 53 Gen.
335 3181 81 53 15.
382 3181 70 53 v.
417 3181 70 53 5.
452 3181 81 53 Vel
498 3181 70 53 in
533 3181 105 53 mente
603 3181 81 53 per
650 3181 140 53 ἔκσασιν,
754 3181 105 53 sicut
824 3181 151 53 Pacharias
929 3181 93 53 Prophe

213 3213 81 54 ta
253 3213 201 54 Jehoschuham
414 3213 188 54 Sacerdotem
562 3213 148 54 maximum
669 3213 121 54 vidit
750 3213 148 54 stantem
857 3213 121 54 :oram
924 3213 94 54 Ange¬-

222 3242 74 64 lo
259 3242 148 64 Jehovae,
369 3242 62 64 &
394 3242 135 64 Satanam
492 3242 135 64 stantem
591 3242 74 64 ad
628 3242 135 64 dextram
726 3242 98 64 ejus
788 3242 74 64 ut
825 3242 197 64 adversaretur
972 3242 62 64 ci,

1015 274 184 40 constitutus,
1165 274 81 40 sed
1211 274 58 40 a
1234 274 115 40 seipso
1315 274 104 40 emota
1384 274 104 40 mente
1453 274 138 40 abreptus
1556 274 173 40 revelatione
1694 274 69 40 ei
1729 274 104 40 exhil
1786 274 35 40 i

1029 300 120 55 vidit;
1113 300 72 55 ut
1149 300 144 55 loquitur
1257 300 144 55 Justinus
1365 300 120 55 Martyr
1448 300 72 55 in
1484 300 132 55 Dialogo
1580 300 84 55 cum
1628 300 144 55 Tryphone
1724 300 96 55 Judaeo

1027 337 93 42 pag.
1086 337 93 42 268.
1144 337 152 42 editionis
1261 337 210 42 Commelinianae.
1436 337 152 42 Similiter
1553 337 93 42 idem
1612 337 152 42 Zacharias
1729 337 58 42 c
1752 337 70 42 1.
1775 337 47 42 v.

1018 405 81 46 tos
1065 405 93 46 quae
1123 405 105 46 erant
1193 405 70 46 in
1227 405 151 46 profundo:
1344 405 116 46 postea
1425 405 93 46 vero
1483 405 105 46 equos
1553 405 116 46 rufos,
1634 405 116 46 balios
1715 405 58 46 &
1727 405 81 46 albos

1056 434 197 50 Dormientibus
1216 434 98 50 vero
1277 434 197 50 exhibebantur
1437 434 148 50 visiones
1548 434 86 50 per
1597 434 123 50 somnia
1670 434 148 50 θεοπιμπτῳ,

1024 464 92 52 Job.
1082 464 81 52 33.
1128 464 69 52 v.
1163 464 115 52 15,16.
1243 464 81 52 Per
1289 464 138 52 somnium,
1393 464 138 52 visionem
1497 464 161 52 nocturnam,
1624 464 92 52 quum
1681 464 115 52 irruit
1750 464 81 52 altus

1007 507 34 35 se

1027 574 79 49 28.
1072 574 90 49 visa
1128 574 79 49 est
1174 574 102 49 scala
1241 574 158 49 constituta
1366 574 68 49 in
1400 574 113 49 terra,
1479 574 102 49 cujus
1547 574 136 49 summitas
1648 574 170 49 portingebat
1773 574 45 49 ad

1024 633 62 49 &
1048 633 123 49 Jehova
1135 633 136 49 stante,
1233 633 99 49 upra
1295 633 99 49 eam.
1357 633 74 49 De
1394 633 173 49 visionibus
1529 633 62 49 &
1554 633 136 49 somniis
1652 633 160 49 divinitus
1763 633 62 49 im¬-

1023 675 123 40 missis
1109 675 99 40 vide
1171 675 111 40 plura
1245 675 74 40 in
1282 675 198 40 Commentariis
1442 675 136 40 nostris
1541 675 74 40 in
1578 675 173 40 Ezechielem
1714 675 62 40 &
1726 675 99 40 Danie¬

1004 707 77 34 lem

1042 741 155 45 SECUNDO,
1158 741 181 45 Praedictio
1301 741 116 45 rerum
1378 741 168 45 futurarum
1508 741 116 45 facta
1585 741 91 45 est
1637 741 91 45 vel
1689 741 91 45 per
1728 741 103 45 typos:

1060 806 153 45 Typirerum
1178 806 165 45 futurarum,
1308 806 130 45 fuerunt
1402 806 130 45 figurae
1496 806 59 45 a
1520 806 82 45 Deo
1567 806 165 45 destinatae
1696 806 71 45 ad
1732 806 82 45 res
1767 806 59 45 fu¬

952 829 96 45 t

1060 870 72 53 De
1096 870 96 53 voce
1156 870 96 53 typi
1217 870 96 53 vide
1277 870 72 53 in
1313 870 193 53 Commentariis
1470 870 133 53 nostris
1566 870 72 53 in
1602 870 133 53 Ezechic
1698 870 84 53 lem
1747 870 72 53 in
1771 870 60 53 ca¬-

1026 897 87 52 pite
1070 897 98 52 quarto.

1056 939 143 51 Etantque
1163 939 107 51 varii
1235 939 107 51 nempe
1306 939 83 51 vel
1354 939 119 51 re-vel
1437 939 155 51 personae,
1556 939 60 51 &
1580 939 107 51 rerum
1651 939 83 51 aut
1687 939 143 51 personarum

1030 965 95 52 facta
1094 965 74 52 vel
1125 965 95 52 eventa.

1072 1004 107 49 RESP.
1144 1004 72 49 Ut
1179 1004 155 49 Patadisus
1299 1004 167 49 terrestris
1430 1004 95 49 fuit
1489 1004 107 49 tupus
1561 1004 107 49 caeli
1632 1004 143 49 supremi,
1740 1004 83 49 Luc
1775 1004 60 49 23.

1035 1039 76 50 432
1079 1039 87 50 Cor.
1133 1039 87 50 125.
1187 1039 65 50 4.
1220 1039 98 50 Apoc.
1285 1039 65 50 2.
1318 1039 65 50 v.
1351 1039 65 50 7.
1383 1039 98 50 arbor
1448 1039 98 50 vitae
1514 1039 65 50 in
1546 1039 131 50 Paradiso
1644 1039 87 50 fuit
1699 1039 98 50 typus
1753 1039 76 50 Chri¬-

1031 1071 73 39 sti
1072 1071 73 39 qui
1114 1071 73 39 est
1155 1071 93 39 autor
1217 1071 93 39 vitae
1279 1071 135 39 aeternae,
1383 1071 104 39 Genes.
1456 1071 73 39 2v.
1497 1071 52 39 9
1518 1071 114 39 Apocal.
1601 1071 62 39 2.
1632 1071 62 39 v.
1663 1071 62 39 7.
1684 1071 145 39 Primigenito.

1038 1106 121 46 gregis
1122 1106 121 46 oblata
1207 1106 84 46 Deo
1255 1106 72 46 ab
1291 1106 109 46 Abele
1364 1106 72 46 in
1400 1106 181 46 sacrificium
1545 1106 133 46 fuerunt
1641 1106 109 46 typus
1713 1106 133 46 hostiae
1798 1106 36 46 a

1042 1138 130 40 Christo
1136 1138 165 40 offerendae
1266 1138 118 40 Genes.
1348 1138 59 40 4
1372 1138 59 40 v
1395 1138 71 40 4.
1431 1138 94 40 Odor
1490 1138 130 40 quietis
1584 1138 200 40 holocaustorum
1749 1138 59 40 a
1760 1138 71 40 Noa¬-

1037 1175 87 35 cho
1086 1175 99 35 post
1148 1175 148 35 diluvium
1259 1175 161 35 oclatorum
1383 1175 99 35 quem
1445 1175 148 35 odocatus
1556 1175 87 35 est
1605 1175 136 35 Jehova,
1704 1175 99 35 fuit
1753 1175 87 35 typus

1044 1270 129 49 terdiu,
1138 1270 59 49 &
1162 1270 129 49 columna
1256 1270 106 49 igris
1327 1270 94 49 quae
1385 1270 106 49 noctu
1456 1270 176 49 antecenebat
1597 1270 129 49 populum
1679 1270 165 49 Israeliticum

1045 1306 93 35 Exod
1104 1306 70 35 13
1138 1306 81 35 ver
1185 1306 81 35 21,
1231 1306 81 35 22.
1278 1306 81 35 nam
1324 1306 93 35 illa
1383 1306 81 35 non
1429 1306 93 35 erat
1487 1306 116 35 tantum
1569 1306 174 35 praesentiae
1708 1306 81 35 Dei
1743 1306 93 35 signum

1046 1338 200 40 pspectabile,
1209 1338 63 40 &
1234 1338 125 40 medium
1322 1338 163 40 deducendi
1447 1338 150 40 populum,
1559 1338 113 40 verum
1634 1338 113 40 etiam
1709 1338 113 40 typus
1772 1338 75 40 erat

1045 1379 125 36 gratiae
1136 1379 125 36 Christi
1227 1379 148 36 fidelibus
1341 1379 68 36 in
1375 1379 80 36 hac
1421 1379 91 36 vita
1478 1379 160 36 exhibendae
1603 1379 57 36 &
1626 1379 68 36 in
1660 1379 114 36 futura
1728 1379 103 36 consum¬-

1038 1405 116 45 mandae
1120 1405 104 45 Apor.
1189 1405 70 45 7.
1224 1405 70 45 v.
1259 1405 116 45 15,16.
1340 1405 116 45 Signum
1421 1405 104 45 illud
1490 1405 185 45 adspectabile
1641 1405 174 45 sraesentiae
1768 1405 70 45 Dei.

1045 1442 87 38 quod
1099 1442 130 38 praeivit
1197 1442 152 38 Israelitis
1316 1442 141 38 proficiue
1425 1442 108 38 ntibus
1501 1442 65 38 ex
1533 1442 119 38 AEgypro
1620 1442 87 38 Exod
1674 1442 65 38 13
1707 1442 65 38 v.
1739 1442 76 38 21.
1772 1442 65 38 fuit

1042 1470 109 37 simul
1114 1470 109 37 typus
1187 1470 181 37 defensionis
1331 1470 181 37 Ecclesiarum
1476 1470 96 37 novi
1536 1470 60 37 T
1561 1470 145 37 stamenti
1669 1470 84 37 Jes
1717 1470 60 37 4
1741 1470 60 37 v
1766 1470 72 37 4.
1790 1470 60 37 Se¬-

1047 1507 117 35 tegmen
1129 1507 175 35 tabernacuit
1269 1507 128 35 Mofaici
1362 1507 93 35 fuit
1421 1507 105 35 typus
1491 1507 187 35 puotectionis
1643 1507 152 35 Ecclesiae
1759 1507 82 35 Dei
1794 1507 47 35 ad

1043 1541 110 32 versus
1120 1541 99 32 omnia
1198 1541 77 32 ala
1242 1541 110 32 studio
1319 1541 199 32 providentiaque
1485 1541 88 32 Dei.
1540 1541 88 32 Jes.
1595 1541 66 32 4.
1628 1541 55 32 v
1650 1541 66 32 5.
1683 1541 88 32 Item
1739 1541 55 32 :
1750 1541 88 32 ervem¬-

1048 1573 111 38 aenou,
1126 1573 89 38 Num.
1181 1573 78 38 21.
1226 1573 56 38 9
1248 1573 89 38 Joh.
1304 1573 67 38 3.
1337 1573 67 38 v.
1370 1573 67 38 14
1404 1573 89 38 item
1459 1573 122 38 aitare,
1548 1573 100 38 Exod.
1615 1573 67 38 I.
1648 1573 67 38 1.
1681 1573 56 38 &
1704 1573 78 38 30.
1748 1573 67 38 1.
1770 1573 67 38 Hebi

1043 1609 74 34 13.
1086 1609 64 34 10
1118 1609 85 34 item
1171 1609 138 34 Leviticae
1277 1609 138 34 viciimae,
1383 1609 96 34 Levit
1447 1609 64 34 1.
1479 1609 96 34 vers.
1543 1609 53 34 3
1564 1609 96 34 Hebr.
1628 1609 64 34 9.
1659 1609 64 34 8.
1691 1609 85 34 item
1744 1609 85 34 arca
1787 1609 53 34 cum

1050 1642 209 32 propitiutorio,
1225 1642 105 32 Exod.
1294 1642 70 32 5.
1329 1642 70 32 20
1364 1642 93 32 Rom.
1422 1642 70 32 3.
1457 1642 81 32 25.
1503 1642 105 32 erant
1573 1642 93 32 typi
1631 1642 139 32 Christi.
1724 1642 128 32 Unguentum

1050 1668 84 40 seu
1098 1668 108 40 oleum
1170 1668 108 40 illud
1242 1668 132 40 optimum
1338 1668 60 40 &
1362 1668 240 40 fiagrantissimum,
1565 1668 84 40 quo
1613 1668 120 40 unctus
1697 1668 96 40 fuit
1745 1668 108 40 Aharon,

1061 1706 95 34 Exod.
1125 1706 74 34 30.
1167 1706 74 34 Ps.
1209 1706 63 34 1,
1241 1706 63 34 3.
1273 1706 63 34 2.
1304 1706 84 34 erat
1357 1706 95 34 typus
1420 1706 127 34 Spiritus
1515 1706 106 34 Sancti
1589 1706 74 34 quo
1631 1706 127 34 Christus
1726 1706 106 34 unctus
1790 1706 63 34 est,

1066 1737 90 41 trae
1122 1737 168 41 consortibus
1256 1737 90 41 sui,
1313 1737 79 41 Ps.
1357 1737 67 41 5.
1391 1737 67 41 8.
1425 1737 90 41 Jes.
1481 1737 79 41 61.
1526 1737 67 41 1.
1559 1737 90 41 Item
1615 1737 123 41 templum
1705 1737 157 41 Salimonis,
1817 1737 45 41 1.

1052 1768 94 42 Reg.
1111 1768 59 42 8
1135 1768 94 42 fuit
1194 1768 106 42 typu.
1264 1768 153 42 Ecclesiae
1382 1768 94 42 novi
1441 1768 177 42 Testamenti:
1582 1768 94 42 Item
1641 1768 130 42 civitas
1723 1768 130 42 Jerusalem

1055 1805 89 33 fuit
1110 1805 100 33 typus
1177 1805 144 33 caelestis
1288 1805 178 33 Jerosolymae,
1433 1805 78 33 Gal
1477 1805 67 33 4.
1510 1805 67 33 2.
1544 1805 89 33 Hebr
1599 1805 78 33 12.
1632 1805 56 33 22.

1083 1836 166 40 PERSONAE:
1211 1836 77 40 Ut
1249 1836 102 40 Anam
1313 1836 102 40 fuit
1377 1836 115 40 typus
1454 1836 141 40 Christi
1556 1836 115 40 teste
1633 1836 115 40 Paulo
1709 1836 102 40 Rom.
1773 1836 77 40 5.
1799 1836 51 40 v.

1053 1874 83 38 14.
1101 1874 131 38 propter
1196 1874 202 38 similitudinem
1362 1874 143 38 originis
1469 1874 107 38 earum
1540 1874 107 38 rerum
1612 1874 95 38 quae
1671 1874 95 38 sunt
1730 1874 71 38 in
1766 1874 107 38 ipsis
1825 1874 36 38 &

1054 1902 71 38 ab
1090 1902 107 38 ipsis
1161 1902 166 38 derivantur
1291 1902 71 38 ab
1327 1902 154 38 unoquoque
1445 1902 71 38 ad
1481 1902 107 38 suos.
1552 1902 107 38 Sicut
1623 1902 95 38 enim
1682 1902 119 38 Adamus
1765 1902 71 38 in
1789 1902 71 38 suos

1053 1933 177 37 propagavit
1192 1933 152 37 peccatum
1306 1933 63 37 &
1332 1933 139 37 mortem:
1433 1933 89 37 ita
1483 1933 152 37 Christus
1597 1933 89 37 cum
1648 1933 101 37 suis
1698 1933 152 37 communica¬-

1048 1974 141 37 justitia
1154 1974 59 37 &
1178 1974 118 37 vitam.
1260 1974 94 37 Agar
1319 1974 129 37 ancilla
1413 1974 59 37 &
1436 1974 153 37 extraneae
1554 1974 118 37 gentis
1636 1974 106 37 nempe
1706 1974 71 37 ex
1742 1974 94 37 Sina
1789 1974 71 37 mon¬-

1049 2004 69 41 te
1083 2004 137 41 Arabiae,
1186 2004 92 41 fuit
1243 2004 103 41 typus
1312 2004 149 41 pactionis
1426 2004 103 41 Legis
1495 2004 69 41 in
1529 2004 92 41 Sina
1586 2004 103 41 monte
1655 2004 114 41 latae:
1735 2004 92 41 Sara
1781 2004 80 41 inge¬-

1054 2038 80 40 nua
1099 2038 68 40 ex
1133 2038 102 40 gente
1202 2038 125 40 sancta,
1293 2038 91 40 fuit
1349 2038 102 40 typus
1418 2038 148 40 pactionis
1531 2038 159 40 Evangelii:
1657 2038 114 40 Iimael
1736 2038 114 40 servus
1804 2038 46 40 ex

1049 2101 90 36 suis
1105 2101 135 36 posteris
1206 2101 112 36 utpore
1284 2101 123 36 servis,
1374 2101 67 36 ab
1408 2101 168 36 haereditate
1542 2101 135 36 Abrahami
1643 2101 146 36 exclusus,
1755 2101 90 36 fuit
1800 2101 56 36 ty¬-

1059 2133 82 35 bus
1106 2133 176 35 Jerosolymae
1247 2133 176 35 terrestris,
1387 2133 70 35 id
1422 2133 94 35 est,
1481 2133 152 35 Judaeorum
1598 2133 176 35 quaerentium
1726 2133 129 35 justitiam

1048 2172 79 37 ex
1087 2172 119 37 Lege,
1166 2172 145 37 ideoque
1272 2172 92 37 non
1325 2172 185 37 haerendum:
1470 2172 145 37 Isaacus
1575 2172 158 37 ingenuus
1694 2172 66 37 &
1720 2172 79 37 ex
1746 2172 119 37 ingenua

1052 2201 113 42 matre
1128 2201 150 42 secundum
1240 2201 200 42 promissionem
1403 2201 75 42 ex
1440 2201 138 42 virtute
1540 2201 88 42 Dei
1590 2201 225 42 extraordinaria
1765 2201 88 42 geni¬-

1054 2237 82 38 tus
1101 2237 82 38 cum
1148 2237 93 38 suis
1206 2237 140 38 posteris
1311 2237 152 38 justitiam
1428 2237 70 38 ex
1463 2237 164 38 Evangelico
1592 2237 105 38 pacto
1662 2237 82 38 per
1709 2237 105 38 fidem
1767 2237 82 38 quae¬-

1061 2269 148 32 centibus,
1174 2269 79 32 est
1220 2269 102 32 typus
1288 2269 170 32 Jerosolymae
1424 2269 159 32 caelestis,
1549 2269 68 32 id
1583 2269 91 32 est,
1639 2269 136 32 fidelium
1742 2269 113 32 omnium
1810 2269 45 32 ex

1056 2297 129 44 Judaeis
1150 2297 59 44 &
1174 2297 141 44 Gentibus
1279 2297 188 44 insistentium
1432 2297 153 44 vestigiis
1549 2297 106 44 fidei
1619 2297 141 44 Abrahami
1725 2297 70 44 ac
1748 2297 106 44 proinde

1050 2334 162 37 secundum
1171 2334 216 37 promissionem
1346 2334 108 37 fide
1414 2334 202 37 apprehensam
1576 2334 202 37 generatorum
1738 2334 67 37 &
1751 2334 108 37 justi¬

1056 2403 81 38 dum
1103 2403 93 38 Gal.
1161 2403 58 38 4
1184 2403 70 38 v.
1219 2403 81 38 22.
1265 2403 104 38 usque
1335 2403 70 38 ad
1369 2403 116 38 finem.
1450 2403 162 38 Sacerdotes
1578 2403 127 38 veteris
1671 2403 162 38 Testamenti
1786 2403 70 38 fue¬-

1057 2431 92 44 runt
1114 2431 92 44 typi
1172 2431 138 44 Christi,
1275 2431 69 44 ut
1310 2431 196 44 Melchisedech.
1471 2431 127 44 Aharon.
1563 2431 92 44 Num.
1620 2431 81 44 16.
1666 2431 69 44 v.
1701 2431 81 44 47.
1747 2431 69 44 48
1770 2431 81 44 Indi¬-

1065 2464 77 43 lit
1109 2464 100 43 Aaron
1176 2464 133 43 suffitum
1275 2464 55 43 &
1297 2464 166 43 expiationem
1430 2464 100 43 fecit
1496 2464 77 43 pro
1540 2464 122 43 populo:
1629 2464 133 43 Stetuque
1728 2464 100 43 inter
1784 2464 66 43 more

1055 2491 88 48 tuos
1110 2491 55 48 &
1132 2491 110 48 vivos:
1210 2491 77 48 sic
1254 2491 133 48 cohibita
1353 2491 77 48 est
1397 2491 99 48 plaga
1464 2491 99 48 illa.
1530 2491 99 48 Hebr.
1596 2491 66 48 5.
1629 2491 66 48 7.
1662 2491 155 48 Iehoschuah
1773 2491 88 48 Zacha¬-

1066 2527 87 45 tiae
1121 2527 66 45 3.
1154 2527 66 45 1.
1186 2527 98 45 Duces
1252 2527 109 45 etiam,
1328 2527 66 45 ut
1361 2527 98 45 Isaac
1427 2527 98 45 ligno
1492 2527 153 45 impositus,
1613 2527 98 45 Jose,
1678 2527 77 45 hus
1711 2527 142 45 patriarcha¬-

1077 2566 101 45 obus,
1144 2566 90 45 Job.
1200 2566 79 45 42.
1245 2566 67 45 8,
1279 2566 67 45 9,
1312 2566 79 45 10.
1357 2566 112 45 Moses,
1436 2566 112 45 Josua,
1514 2566 79 45 &c.
1559 2566 90 45 Deut
1615 2566 67 45 18
1649 2566 79 45 18.
1694 2566 101 45 Hebr.
1761 2566 56 45 .
1783 2566 67 45 v.
1817 2566 56 45 5
1828 2566 34 45 &

1060 2605 65 35 4.
1093 2605 65 35 v.
1125 2605 65 35 8.
1158 2605 97 35 Reges
1223 2605 119 35 itidem,
1309 2605 65 35 ut
1342 2605 108 35 David,
1417 2605 130 35 Salomon,
1515 2605 108 35 Ezech.
1590 2605 76 35 34.
1634 2605 65 35 v.
1666 2605 76 35 23.
1709 2605 54 35 .
1731 2605 87 35 Sam.
1785 2605 65 35 7.
1807 2605 54 35 14.

1065 2625 145 49 Prophetae
1176 2625 145 49 praeterea
1288 2625 67 49 ut
1321 2625 100 49 Jonas
1388 2625 112 49 Matth.
1466 2625 78 49 21.
1511 2625 123 49 luaites
1600 2625 100 49 etiam
1667 2625 67 49 ut
1690 2625 100 49 Siison¬-

1097 2657 95 45 Doeg
1156 2657 95 45 fuit
1216 2657 107 45 typus
1287 2657 107 45 Judae
1358 2657 178 45 Ischariotae
1500 2657 166 45 proditoris
1631 2657 142 45 Christi:
1726 2657 130 45 Antiochus

1070 2692 147 50 Epiphanes
1182 2692 79 50 seu
1228 2692 113 50 potius
1307 2692 135 50 Epimanes
1408 2692 90 50 fuit
1464 2692 101 50 typus
1532 2692 180 50 Antichristi,
1679 2692 124 50 Apocal.
1769 2692 79 50 15.
1803 2692 56 50 11.

1072 2732 51 48 &
1092 2732 81 48 cap.
1143 2732 71 48 20.
1183 2732 51 48 v
1193 2732 41 48 8.

1095 2749 100 54 Rerum
1162 2749 78 54 aut
1206 2749 156 54 personarum
1329 2749 111 54 facta,
1407 2749 67 54 ut
1440 2749 89 54 Jobi
1496 2749 189 54 sacrificatio,
1651 2749 89 54 Job.
1707 2749 78 54 42.
1752 2749 67 54 8.
1785 2749 67 54 9.
1807 2749 56 54 in¬-

1088 2797 116 41 ressus
1170 2797 163 41 Pontificis
1297 2797 70 41 in
1332 2797 174 41 sanctuarium
1472 2797 81 41 cum
1518 2797 151 41 sanguine:
1634 2797 105 41 Mosis
1692 2797 163 41 intercessio¬-

1073 2822 106 60 Josuae
1148 2822 95 60 bella
1211 2822 64 60 ac
1243 2822 148 60 victoriae:
1360 2822 117 60 Davidis
1444 2822 117 60 fiducia
1529 2822 117 60 preces,
1614 2822 148 60 victoriae:
1720 2822 138 60 aedificatio

1072 2855 113 52 templi
1151 2855 158 52 Salomonis,
1275 2855 124 52 fuerunt
1365 2855 90 52 typi
1422 2855 135 52 factorum
1523 2855 135 52 Christi.
1625 2855 124 52 Isaajus
1715 2855 135 52 bajulans
1806 2855 56 52 li¬-

1081 2889 76 44 rna
1125 2889 152 44 holocausti
1244 2889 87 44 fuit
1299 2889 98 44 typus
1364 2889 120 44 Christi
1451 2889 152 44 bajulantis
1571 2889 120 44 crucem,
1658 2889 65 44 in
1691 2889 76 44 qua
1734 2889 76 44 fi:
1778 2889 76 44 ret
1811 2889 54 44 vi¬-

1074 2923 110 51 ctima
1147 2923 110 51 David
1220 2923 159 51 transiens
1343 2923 159 51 torrentem
1465 2923 147 51 Cedronem
1575 2923 98 51 fuit
1636 2923 110 51 typus
1709 2923 134 51 Christi
1795 2923 73 51 cun¬-

1068 2959 82 53 dem
1115 2959 152 53 torreutem
1232 2959 175 53 transituri,
1371 2959 117 53 Johan.
1453 2959 82 53 18.
1500 2959 58 53 v
1523 2959 58 53 1
1546 2959 128 53 Regimen
1640 2959 210 53 Ecclesiasticum
1803 2959 58 53 set

1089 2992 102 47 otius
1156 2992 136 47 ὑπηοισικ
1258 2992 147 47 μοναιχικη
1371 2992 102 47 summi
1439 2992 158 47 Pontificis
1563 2992 136 47 Levitici
1665 2992 90 47 fuit
1721 2992 102 47 typus
1778 2992 79 47 regis

1077 3025 105 49 minis
1147 3025 163 49 monarchici
1276 3025 140 49 Christi:
1381 3025 82 49 nam
1427 3025 128 49 regimen
1521 3025 128 49 Christi
1614 3025 82 49 est
1661 3025 152 49 regiminis
1766 3025 105 49 illius,

1093 3069 128 48 gurativi
1178 3069 96 48 veritas

1101 3093 154 46 Similiter
1220 3093 142 46 Cermonie
1326 3093 118 46 multae
1409 3093 130 46 fuerunt
1504 3093 95 46 typi
1563 3093 130 46 Christi
1658 3093 59 46 &
1681 3093 130 46 corpus:
1764 3093 95 46 erita;

1067 3123 133 55 temque
1160 3123 106 55 suam
1226 3123 80 55 in
1266 3123 146 55 Christo
1373 3123 186 55 habuerunt:
1519 3123 146 55 viultae
1626 3123 146 55 inquam,
1732 3123 93 55 non
1772 3123 93 55 omnes

1071 3156 96 62 quia
1131 3156 120 62 tantum
1215 3156 155 62 imperatae
1334 3156 96 62 lege
1394 3156 120 62 divina
1478 3156 60 62 &
1501 3156 72 62 ad
1537 3156 84 62 eum
1585 3156 108 62 finem
1657 3156 179 62 puovidentia
1788 3156 84 62 divi¬-

1075 3192 72 53 na
1111 3192 155 53 imperatae
1230 3192 131 53 Proinde
1326 3192 167 53 Nazireatus
1457 3192 84 53 non
1505 3192 96 53 fuit
1565 3192 107 53 typus
1636 3192 143 53 Christi:
1744 3192 84 53 nam
1779 3192 84 53 nequi

1071 3229 151 53 ceremonia
1188 3229 81 53 est
1234 3229 151 53 imperata,
1350 3229 81 53 sed
1397 3229 116 53 votiva
1478 3229 58 53 &
1501 3229 174 53 voluntaria,
1640 3229 105 53 naque
1710 3229 70 53 ad
1745 3229 93 53 prae
1791 3229 70 53 figi
