2063 3494
194 164 90 57 Lex
246 164 103 57 enim
310 164 77 57 ad
348 164 128 57 unguem
438 164 116 57 jubet
515 164 193 57 conditionem
669 164 154 57 impleri,
785 164 116 57 neque
862 164 128 57 aliter
939 164 77 57 pro¬-

166 208 95 38 missa
230 208 148 38 persolvit,
346 208 84 38 nisi
399 208 127 38 conditio
494 208 116 38 integre
578 208 137 38 praestita
684 208 116 38 fuerit,

203 238 149 56 Perfecta
314 238 124 56 igitur
402 238 149 56 impletio
513 238 187 56 conditionis
663 238 62 56 a
688 238 99 56 lege
750 238 174 56 imperatae,
874 238 112 56 praemia

159 278 96 50 quae
219 278 84 50 lex
267 278 167 50 promittit,
398 278 191 50 impetrasset,
554 278 96 50 etsi
613 278 84 50 non
661 278 167 50 meruisset:
793 278 84 50 nam
841 278 155 50 impetrare
948 278 36 50 &

165 317 124 47 mereri
251 317 174 47 differunt:
388 317 87 47 nec
437 317 99 47 ulla
499 317 99 47 pura
561 317 99 47 puta
623 317 149 47 creatura
735 317 149 47 quicquam
847 317 74 47 de
884 317 87 47 Deo
921 317 62 47 me¬-

173 341 77 45 teri
212 341 87 45 potest.

198 377 84 46 Sed
246 377 143 46 perfecta
353 377 143 46 impletio
461 377 179 46 conditionis
604 377 131 46 legalis
699 377 84 46 nec
747 377 72 46 ab
783 377 155 46 hominibus
890 377 84 46 inte¬-

164 408 116 53 gris,
242 408 116 53 nempe
319 408 116 53 Adamo
396 408 65 53 &
422 408 90 53 Eva
474 408 90 53 est
525 408 181 53 praestita,
667 408 90 53 nec
719 408 77 53 ab
758 408 168 53 hominibus
874 408 116 53 peccate

166 442 149 46 corruptis
280 442 149 46 praestari
383 442 103 46 potest.

204 479 160 52 Promissio
326 479 135 52 legalis
425 479 98 52 etsi
486 479 184 52 conditionem
633 479 110 52 habet
707 479 160 52 adjunctam
829 479 135 52 naturae
915 479 74 52 cor¬-

162 510 115 45 ruptae
242 510 195 45 impossibilem:
403 510 103 45 tamen
471 510 80 45 non
517 510 80 45 est
563 510 138 45 inutilis
666 510 80 45 aut
701 510 172 45 ludificatoria

211 546 108 48 Habet
283 546 96 48 enim
343 546 96 48 suos
403 546 96 48 usus
463 546 84 48 tum
511 546 96 48 apud
570 546 156 48 reprobos,
690 546 84 48 tum
738 546 96 48 apud
786 546 108 48 electos

203 587 101 44 Apud
266 587 151 44 reprobos
380 587 113 44 habet
455 587 88 44 hos
505 587 113 44 usus.
581 587 75 44 I.
619 587 101 44 Quia
681 587 101 44 illa
744 587 164 44 docentur,
870 587 88 44 per
908 587 88 44 Deum;

173 620 81 43 non
220 620 116 43 stare,
301 620 104 43 quin,
370 620 69 43 si
405 620 93 43 ipsi
463 620 127 43 servare
555 620 116 43 velint
636 620 185 43 conditiones,
787 620 150 43 serventur
902 620 58 43 &
914 620 81 43 ipsi.

173 648 91 48 Quod
230 648 68 48 si
264 648 80 48 non
309 648 137 48 possint,
412 648 103 48 vitio
481 648 80 48 suo
526 648 68 48 id
560 648 103 48 fieri
629 648 148 48 sentiant,
743 648 80 48 non
789 648 91 48 Dei:
846 648 114 48 itaque
914 648 80 48 inex¬-

172 681 155 41 cusabiles
292 681 167 41 reddantur.

208 717 70 42 2.
243 717 94 42 Quia
302 717 70 42 in
337 717 94 42 illa
396 717 164 42 attestatur
525 717 94 42 Deus
583 717 94 42 quam
642 717 129 42 indigni
736 717 94 42 sint
794 717 82 42 sua
830 717 152 42 benignitate

175 741 108 50 Quis
243 741 108 50 enim
311 741 203 50 aequissimum
473 741 68 50 &
500 741 284 50 convenientissimum
743 741 108 50 esse
810 741 135 50 neget,
891 741 95 50 Domi¬-

164 789 85 37 num
213 789 85 37 iis
261 789 171 37 benefacere
395 789 61 37 a
420 789 122 37 quibus
505 789 146 37 colitur,
614 789 61 37 a
639 789 110 37 bonis
712 789 110 37 autem
785 789 158 37 promissis
895 789 97 37 exclu¬-

170 823 97 36 dere
230 823 169 36 majestatis
363 823 97 36 suae
412 823 169 36 contemtores.

209 848 92 45 Apud
267 848 127 45 electos
360 848 92 45 vero
417 848 104 45 istos
486 848 104 45 habet
544 848 81 45 usus;

213 884 63 43 .
239 884 75 43 Ut
276 884 75 43 in
314 884 188 43 cognitionem
465 884 100 43 suae
527 884 151 43 miseriae
640 884 113 43 atque
716 884 201 43 infirmitatis
866 884 126 43 adducan¬-

166 925 101 43 tur,
230 925 114 43 eaque
306 925 139 43 penitus
407 925 177 43 intellecta
546 925 76 43 se
584 925 165 43 conferant
711 925 76 43 ad
749 925 165 43 Christum,
875 925 89 43 qui
913 925 89 43 solus

170 961 194 42 conditionem
325 961 116 42 illam
402 961 103 42 Legi
467 961 168 42 adjectam,
596 961 116 42 nobis
673 961 116 42 autem
751 961 168 42 corruptis
867 961 129 42 impossi¬-

173 989 126 41 bilem,
262 989 215 41 perfectissime
439 989 164 41 implevit,
565 989 63 41 &
591 989 76 41 in
628 989 88 41 quo
679 989 139 41 recepti
780 989 76 41 in
818 989 152 41 gratiam,
919 989 76 41 ade¬-

183 1025 115 43 tique
260 1025 90 43 jam
311 1025 244 43 justificationem
517 1025 103 43 illa
581 1025 115 43 eadem
658 1025 154 43 promissa
773 1025 141 43 possint
863 1025 141 43 obtinere,

170 1056 97 41 Rom.
231 1056 85 41 10.
279 1056 73 41 4.
316 1056 97 41 Gal.
376 1056 73 41 4.
400 1056 49 41 4.

204 1092 80 44 2.
244 1092 80 44 Ut
284 1092 188 44 incitentur
432 1092 80 44 ad
472 1092 161 44 petendum
593 1092 161 44 auxilium
713 1092 67 44 a
740 1092 107 44 Deo,
807 1092 80 44 ad
834 1092 161 44 invocandum

176 1125 97 41 ejus
237 1125 158 41 Spiritum,
358 1125 85 41 per
407 1125 97 41 quem
468 1125 73 41 in
504 1125 122 41 rectam
589 1125 97 41 viam
650 1125 183 41 dirigantur,
796 1125 61 41 &
821 1125 146 41 studeant
918 1125 73 41 con¬-

171 1158 140 44 ditionem
276 1158 128 44 implere
370 1158 82 44 per
416 1158 128 44 gratia,
510 1158 93 44 quae
568 1158 187 44 impossibilis
719 1158 105 44 ipsis
789 1158 82 44 est
836 1158 82 44 per
871 1158 105 44 naturam

217 1189 152 45 Promissio
334 1189 176 45 Evangelica,
475 1189 82 45 est
522 1189 152 45 promissio
639 1189 70 45 de
674 1189 176 45 continuanda
815 1189 70 45 ac
838 1189 164 45 perficienda,

161 1224 80 41 in
201 1224 120 41 nobis
281 1224 147 41 salute,
387 1224 107 41 quam
454 1224 187 41 Evangelium
601 1224 173 41 proponit,
734 1224 133 41 habens
828 1224 147 41 annexam
921 1224 80 41 con¬-

168 1261 133 38 ditionem
268 1261 111 38 fidei.
345 1261 89 38 Haec
400 1261 155 38 appellatur
522 1261 100 38 etiam
589 1261 144 38 promissio
699 1261 133 38 gratiae,
799 1261 77 38 seu
843 1261 111 38 concio
921 1261 66 38 de
943 1261 55 38 re¬-

167 1295 215 35 conciliatione
344 1295 88 35 cum
382 1295 76 35 Deo.

213 1324 185 40 Evangelium
358 1324 105 40 enim
424 1324 171 40 promittit
556 1324 198 40 remissionem
714 1324 198 40 peccatotum,
859 1324 145 40 justitiam

173 1358 63 45 &
199 1358 114 45 vitam
274 1358 164 45 aeternam,
401 1358 88 45 sed
451 1358 126 45 tantum
527 1358 177 45 credentibus.

212 1396 162 40 Promissio
336 1396 174 40 Evangelica
473 1396 87 40 est
522 1396 199 40 universalis,
684 1396 87 40 sed
734 1396 199 40 credentibus:
895 1396 112 40 omnes
957 1396 50 40 e¬-

176 1431 90 36 nim
228 1431 90 36 qui
279 1431 142 36 credunt
382 1431 77 36 in
421 1431 167 36 Christum,
549 1431 167 36 accipiunt
678 1431 193 36 remissionem
833 1431 180 36 peccatorum
961 1431 39 36 &

171 1470 105 36 vitam
241 1470 151 36 aeternam,
358 1470 116 36 Actor.
439 1470 81 36 10.
486 1470 81 36 43.
532 1470 116 36 Johan.
614 1470 70 36 3.
637 1470 58 36 16.

213 1490 72 56 Ad
249 1490 167 56 incredulos
380 1490 96 56 vero
440 1490 84 56 non
488 1490 143 56 pertinet
595 1490 84 56 sua
643 1490 167 56 efficacia,
774 1490 84 56 hoc
822 1490 96 56 est,
882 1490 84 56 non
930 1490 84 56 est
977 1490 96 56 rata

167 1530 136 47 cuiquam
266 1530 99 47 sine
328 1530 112 47 fidei
390 1530 161 47 interventu.

217 1556 149 49 Promissio
331 1556 126 49 gratiae
423 1556 80 49 est
469 1556 149 49 generalis
584 1556 195 49 praedicatione
745 1556 80 49 seu
791 1556 207 49 annunciatione,
952 1556 57 49 sed

178 1597 148 49 specialis
291 1597 136 49 efficaci
393 1597 193 49 applicatione,
552 1597 79 49 hoc
598 1597 91 49 est,
654 1597 136 49 pertinet
756 1597 68 49 ad
790 1597 125 49 electos
881 1597 57 49 &
893 1597 113 49 reprobos

175 1643 206 37 praedicatione,
346 1643 80 37 sed
392 1643 69 37 ad
426 1643 103 37 solos
494 1643 126 37 electos
586 1643 91 37 vere
643 1643 148 37 credentes
757 1643 137 37 efficaci
860 1643 171 37 applicatio¬

170 1661 87 45 ne:
219 1661 87 45 vel
269 1661 99 45 quod
330 1661 111 45 eodem
405 1661 124 45 redit,
491 1661 161 45 Promissio
615 1661 173 45 Evangelica
751 1661 87 45 est
801 1661 198 45 universalis,
949 1661 62 45 quo

170 1698 74 41 ad
207 1698 234 41 praedicationem,
404 1698 99 41 quod
465 1698 148 41 scilicet
576 1698 185 41 praedicetur
724 1698 62 41 &
748 1698 185 41 praedicanda
896 1698 86 41 sit
933 1698 74 41 pro¬-

174 1740 121 44 miscue
259 1740 134 44 electis
356 1740 61 44 &
380 1740 158 44 reprobis;
502 1740 85 44 sed
550 1740 85 44 non
599 1740 85 44 est
648 1740 182 44 universalis
793 1740 85 44 quo
842 1740 73 44 ad
866 1740 146 44 propositum

181 1770 93 40 Dei
234 1770 66 40 &
260 1770 93 40 quo
313 1770 79 40 ad
353 1770 132 40 illius
446 1770 212 40 complementum
618 1770 79 40 in
644 1770 159 40 hominibus.

218 1804 180 39 OEIICITUR
357 1804 83 39 I.
399 1804 222 39 Quibuscunque
579 1804 167 39 praestat
704 1804 111 39 Deus
773 1804 125 39 media
856 1804 83 39 ad
884 1804 125 39 fructum

168 1825 144 56 ferendum
276 1825 204 56 sufficientia,
444 1825 72 56 ad
480 1825 120 56 eosdem
564 1825 144 56 pertinet
672 1825 156 56 promissio
792 1825 168 56 Evangelica
924 1825 144 56 efficaci

177 1863 201 47 applicatione:
343 1863 71 47 At
378 1863 142 47 reprobis
484 1863 142 47 praestat
591 1863 95 47 Deus
650 1863 106 47 media
721 1863 71 47 ad
756 1863 130 47 fructum
851 1863 142 47 ferendum
945 1863 71 47 suf¬-

175 1901 160 46 ficientia.
300 1901 103 46 Ergo,
369 1901 80 46 &c.
415 1901 137 46 Assumtio
518 1901 137 46 probatur
621 1901 69 46 ex
655 1901 92 46 Jes.
712 1901 69 46 5.
747 1901 69 46 4.
781 1901 92 46 Quid
838 1901 149 46 faciendum
941 1901 69 46 fuit

175 1935 124 43 amplius
265 1935 113 43 vineae
344 1935 102 43 meae,
412 1935 90 43 quod
468 1935 79 43 non
514 1935 124 43 fecerim
604 1935 68 43 in
627 1935 56 43 ea¬-

205 1973 126 31 RESP.
289 1973 225 31 Quibuscunque
472 1973 169 31 praestat
598 1973 112 31 Deus
669 1973 126 31 media
753 1973 84 31 ad
795 1973 155 31 fructum
894 1973 112 31 feren¬-

176 1999 83 44 dum
224 1999 202 44 sufficientia,
390 1999 130 44 nimirum
484 1999 71 44 si
520 1999 71 44 ea
555 1999 166 44 acceptent,
686 1999 71 44 ad
721 1999 119 44 eosdem
804 1999 142 44 pertinet
899 1999 95 44 promi¬-

176 2036 86 41 sio
225 2036 172 41 Evangelica
360 2036 148 41 efficaci
471 2036 209 41 applicatione.
643 2036 148 41 Remedium
754 2036 135 41 aliquod
852 2036 135 41 purgans
938 2036 62 41 est

186 2070 166 39 sufficiens
316 2070 71 39 ad
352 2070 166 39 purgandum,
482 2070 71 39 si
517 2070 59 39 &
541 2070 130 39 naturae
635 2070 130 39 hominis
730 2070 83 39 vis
777 2070 130 39 interna
860 2070 142 39 respondea.

181 2103 63 37 &
207 2103 201 37 medicamentum
370 2103 151 37 sumatur.
483 2103 75 37 At
520 2103 151 37 reprobis
633 2103 163 37 praestare
759 2103 100 37 Deum
821 2103 113 37 media
897 2103 75 37 ad
922 2103 75 37 fru¬-

186 2139 95 40 ctum
246 2139 143 40 ferendum
353 2139 203 40 sufficientia,
520 2139 131 40 nimirum
615 2139 83 40 ita
663 2139 72 40 ut
699 2139 95 40 ipsi
758 2139 72 40 ea
794 2139 167 40 acceptent,
914 2139 83 40 nega¬-

188 2166 96 44 tur.
248 2166 84 44 Nec
296 2166 96 44 vero
357 2166 109 44 minor
429 2166 84 44 sic
477 2166 169 44 restricta,
610 2166 72 44 ex
646 2166 96 44 loco
706 2166 133 44 Jesaiae
803 2166 121 44 potest
887 2166 145 44 probari:
984 2166 60 44 nam

193 2205 74 45 in
230 2205 74 45 eo
266 2205 123 45 tantum
353 2205 160 45 promissio
475 2205 172 45 Evangelica
611 2205 86 45 est
660 2205 160 45 gratuita,
783 2205 86 45 hoc
832 2205 98 45 est,
893 2205 123 45 gratis
967 2205 37 45 &

187 2234 116 48 citra
265 2234 103 48 omne
329 2234 142 48 nostrum
433 2234 142 48 meritum
536 2234 116 48 vitam
614 2234 181 48 promittens
743 2234 142 48 aeternam.

227 2271 94 38 Ideo
286 2271 94 38 ipsa
345 2271 82 38 est
391 2271 176 38 fundamentum
532 2271 106 38 fidei
602 2271 176 38 salvificae.
743 2271 94 38 Rom.
790 2271 82 38 10.8.

218 2302 88 42 Est
269 2302 88 42 una
319 2302 63 42 &
345 2302 114 42 eadem
420 2302 76 42 in
458 2302 164 42 Evangelii
584 2302 151 42 concione
698 2302 63 42 &
723 2302 76 42 in
761 2302 202 42 Sacramentis,
925 2302 114 42 sicut

186 2336 83 43 una
234 2336 83 43 est
281 2336 119 43 gratia
364 2336 95 43 quae
423 2336 71 43 in
459 2336 154 43 Evangelio
577 2336 178 43 promittitur
720 2336 59 43 &
743 2336 154 43 offertur,
862 2336 59 43 &
885 2336 71 43 in
909 2336 95 43 Sacra¬-

191 2369 124 42 mentis
277 2369 198 42 significatur
438 2369 62 42 &
463 2369 186 42 obsignatur.
611 2369 99 42 Unde
673 2369 111 42 patet
747 2369 111 42 malam
821 2369 99 42 esse
871 2369 136 42 Bellarmin

192 2403 217 52 distinctionem
371 2403 76 52 in
409 2403 204 52 promissionem
575 2403 140 52 gratiae
677 2403 204 52 praecedentem
842 2403 64 52 &
855 2403 153 52 sequentem.

247 2454 169 77 Hactenus
373 2454 84 77 de
416 2454 211 77 promissione
584 2454 239 77 conditionali:
781 2454 169 77 sequitur
894 2454 56 77 de

529 2509 143 54 absoluta.

219 2564 147 55 Promissio
332 2564 79 55 Dei
377 2564 147 55 absoluta,
490 2564 79 55 est
535 2564 91 55 quae
592 2564 158 55 conditione
717 2564 113 55 caret,
796 2564 68 55 ac
830 2564 91 55 rata
886 2564 79 55 est
920 2564 102 55 simpli¬-

196 2606 98 46 citer
261 2606 76 46 per
305 2606 76 46 se,
349 2606 87 46 sine
403 2606 152 46 interventu
523 2606 131 46 alicujus
621 2606 120 46 nostrae
708 2606 196 46 praepatationis
871 2606 76 46 vel
904 2606 109 46 actionis

196 2636 83 48 aut
244 2636 131 48 meriti.
339 2636 107 48 Talis
410 2636 95 48 fuit
469 2636 154 48 promissio
588 2636 154 48 missionis
706 2636 131 48 Messiae
801 2636 166 48 Servatoris
920 2636 95 48 mundi.

198 2673 94 55 quam
257 2673 129 55 hominum
351 2673 176 55 infidelitas
492 2673 82 55 non
539 2673 165 55 impedivit,
669 2673 94 55 Jes.
728 2673 71 55 7.
763 2673 71 55 v.
798 2673 82 55 13,
845 2673 82 55 14.
892 2673 94 55 item
939 2673 71 55 pro¬-

202 2705 121 47 missio
287 2705 73 47 de
323 2705 145 47 educendo
432 2705 121 47 populo
516 2705 181 47 Israelitico
661 2705 73 47 ex
698 2705 157 47 servitute
818 2705 181 47 AEgyptiaca,
964 2705 85 47 qui

198 2738 86 48 non
247 2738 160 48 merebatur
370 2738 74 48 ut
406 2738 98 48 inde
468 2738 184 48 educeretur.
615 2738 110 48 Talis
689 2738 98 48 fuit
750 2738 160 48 promissio
860 2738 160 48 nativitatis

207 2776 143 45 Johannis
314 2776 167 45 Baptistae,
446 2776 95 45 quam
505 2776 95 45 Deus
565 2776 179 45 praestitit,
708 2776 131 45 etiamsi
803 2776 72 45 ei
839 2776 83 45 non
875 2776 155 45 credidisset

191 2815 165 46 Zacharias.
321 2815 94 46 Luc.
380 2815 71 46 1.
415 2815 71 46 v.
451 2815 71 46 13
486 2815 59 46 &
498 2815 153 46 sequentibus

234 2831 152 61 Promissio
351 2831 82 61 Dei
398 2831 140 61 absoluta
503 2831 70 61 de
538 2831 82 61 iis
584 2831 82 61 est
631 2831 117 61 rebus,
713 2831 93 61 quas
771 2831 93 61 Deus
830 2831 93 61 ipse
888 2831 82 61 per
935 2831 82 61 se,
970 2831 58 61 vel

202 2877 100 49 extra
269 2877 78 49 nos
313 2877 89 49 sine
369 2877 100 49 nobis
436 2877 134 49 complet?
537 2877 78 49 vel
581 2877 67 49 in
615 2877 112 49 nobis,
693 2877 78 49 sed
738 2877 89 49 sine
794 2877 89 49 ulla
849 2877 167 49 praecedente
972 2877 56 49 aut

199 2909 123 52 nostri
285 2909 184 52 intellectus
432 2909 147 52 ratione,
542 2909 86 52 aut
591 2909 135 52 nostrae
689 2909 172 52 voluntatis
824 2909 184 52 consensione
958 2909 74 52 per¬-

200 2957 83 38 ficit.

223 2970 76 57 Ad
261 2970 126 57 primum
350 2970 114 57 genus
425 2970 152 57 pertinet
539 2970 164 57 promissio
665 2970 76 57 de
703 2970 152 57 mittendo
817 2970 139 57 Christo
918 2970 88 57 pro
956 2970 63 57 sa¬-

192 3014 99 45 lute
253 3014 123 45 mundi:
340 3014 74 45 de
377 3014 86 45 non
426 3014 136 45 amplius
525 3014 148 45 perdenda
636 3014 148 45 universa
747 3014 111 45 terra
821 3014 148 45 diluvio,
932 3014 99 45 Gen.
982 3014 49 45 9.

200 3045 71 48 v.
236 3045 83 48 11.
283 3045 71 48 de
319 3045 131 48 augenda
414 3045 178 48 posteritate
557 3045 143 48 Abrahami
664 3045 119 48 instar
747 3045 154 48 stellarum
866 3045 59 48 &
889 3045 119 48 arenae
961 3045 59 48 ma¬-

199 3092 96 47 ris,
259 3092 96 47 Gen.
320 3092 84 47 22.
356 3092 60 47 17.

239 3103 73 59 Ad
275 3103 134 59 alterum
372 3103 109 59 genus
445 3103 146 59 pertinet
555 3103 158 59 promissio
676 3103 73 59 de
712 3103 194 59 illuminandis
870 3103 85 59 per
907 3103 121 59 Spiritum

195 3144 131 50 Sanctum
290 3144 131 50 electis
386 3144 83 50 qui
434 3144 107 50 adhuc
505 3144 95 50 sunt
565 3144 72 50 in
601 3144 155 50 tenebris,
720 3144 107 50 deque
791 3144 131 50 donanda
887 3144 107 50 illis
946 3144 72 50 fide

204 3180 61 51 &
228 3180 97 51 vera
289 3180 85 51 Dei
337 3180 170 51 agnitione,
471 3180 121 51 qualis
555 3180 158 51 promissio
677 3180 85 51 est
725 3180 97 51 Jer.
786 3180 85 51 31.
834 3180 85 51 33.
883 3180 109 51 Indum
943 3180 85 51 Legem

193 3212 101 50 meam
256 3212 113 50 menti
332 3212 126 50 eorum,
420 3212 63 50 &
446 3212 113 50 cordi
521 3212 113 50 eorum
597 3212 164 50 inscribum
723 3212 101 50 eam:
786 3212 63 50 &
811 3212 88 50 ero
862 3212 88 50 eis
912 3212 113 50 Deus,
975 3212 38 50 &

203 3246 94 66 ipsi
262 3246 105 66 erunt
332 3246 94 66 mihi
390 3246 140 66 populus,
496 3246 94 66 Ose.
554 3246 70 66 2.
589 3246 82 66 25.
636 3246 117 66 Vocabo
718 3246 129 66 populum
811 3246 82 66 qui
858 3246 94 66 meus
917 3246 82 66 non
952 3246 70 66 erat

1035 186 128 61 populum
1129 186 105 61 meum;
1198 186 58 61 &
1222 186 82 61 eam
1268 186 93 61 quae
1327 186 128 61 dilecta
1420 186 82 61 non
1466 186 105 61 erat,
1536 186 151 61 dilectam.
1653 186 105 61 Tales
1723 186 93 61 sunt
1769 186 70 61 pro¬

1042 289 95 52 quae
1101 289 130 52 initium
1196 289 189 52 conversionis
1349 289 71 52 ac
1385 289 130 52 salutis
1479 289 142 52 aeternae
1586 289 177 52 promittunt.
1728 289 83 52 Nam
1763 289 71 52 illa

1030 322 89 56 Deus
1086 322 134 56 perficit
1186 322 67 56 in
1219 322 100 56 nobis
1286 322 78 56 per
1331 322 67 56 se
1364 322 89 56 sine
1420 322 112 56 nobis,
1498 322 100 56 nulla
1565 322 167 56 antecedente
1699 322 112 56 nostra
1766 322 78 56 prae¬-

1032 361 158 49 paratione
1153 361 85 49 vel
1202 361 182 49 conditionis
1347 361 145 49 alicujus
1456 361 206 49 praestatione,
1626 361 85 49 cum
1674 361 145 49 antequam
1771 361 73 49 Deus

1034 396 70 46 in
1069 396 104 46 nobis
1139 396 174 46 inchoaverit
1278 396 116 46 bonum,
1359 396 151 46 praestari
1475 396 58 46 a
1498 396 104 46 nobis
1568 396 104 46 nihil
1637 396 93 46 boni
1695 396 128 46 possit.
1776 396 70 46 Ideo

1026 422 96 44 haec
1086 422 156 44 promissio
1206 422 168 44 Evangelica
1338 422 144 44 absoluta
1445 422 120 44 merito
1517 422 120 44 vocatur.

1071 459 146 47 Quicquid
1180 459 97 47 ergo
1241 459 97 47 Deus
1302 459 85 47 cum
1351 459 170 47 conditione
1485 459 170 47 promittit,
1619 459 134 47 expleta
1704 459 134 47 conditio¬-

1030 500 67 47 ne
1063 500 144 47 praestat:
1174 500 133 47 quicquid
1274 500 89 47 vero
1329 500 133 47 absolute
1429 500 155 47 promittit,
1551 500 133 47 absolute
1651 500 133 47 praestat
1750 500 55 47 &
1761 500 78 47 prae¬

1026 557 144 38 omnium
1127 557 202 38 mortuorum,
1271 557 72 38 &c.

1061 594 133 44 Quaedam
1158 594 193 44 promissiones
1315 594 133 44 divinae
1411 594 133 44 diverso
1508 594 145 44 respectu
1617 594 97 44 sunt
1677 594 60 44 &
1701 594 157 44 absolutae
1810 594 36 44 &

1033 628 211 44 conditionales:
1209 628 117 44 qualis
1291 628 94 44 fuit
1349 628 152 44 promissio
1466 628 105 44 Exod.
1536 628 70 44 3.
1571 628 82 44 17.
1618 628 70 44 de
1653 628 199 44 introducendis
1805 628 47 44 in

1032 697 92 51 tici
1090 697 92 51 fuit
1148 697 139 51 absoluta
1252 697 69 51 ac
1287 697 116 51 tandem
1367 697 69 51 re
1402 697 173 51 comprobata:
1541 697 104 51 verum
1610 697 69 51 si
1645 697 139 51 singulos
1737 697 104 51 spectes

1039 761 97 45 rum,
1100 761 73 45 si
1136 761 85 45 Deo
1185 761 73 45 se
1221 761 158 45 morigeros
1330 761 158 45 praeberent.

1067 789 111 40 Rursus
1144 789 144 40 promissio
1255 789 77 40 Dei
1299 789 77 40 vel
1343 789 166 40 spiritualis
1476 789 88 40 est,
1531 789 77 40 vel
1564 789 133 40 corporalis

1065 828 149 54 Promissio
1179 828 171 54 spiritualis
1316 828 91 54 est,
1373 828 91 54 quam
1430 828 91 54 Deus
1487 828 91 54 bona
1544 828 171 54 spiritualia
1682 828 69 54 se
1716 828 126 54 daturum
1796 828 57 54 de¬-

1033 859 129 47 nunciat.

1066 894 155 45 Promissio
1185 894 179 45 corporalis,
1328 894 83 45 est
1376 894 83 45 qua
1424 894 95 45 Deus
1483 894 95 45 bona
1543 894 167 45 corporalia
1674 894 72 45 se
1710 894 131 45 daturum
1793 894 60 45 de¬-

1042 927 128 51 nunciat,
1138 927 128 51 quatenus
1234 927 107 51 saluti
1309 927 117 51 nostrae
1394 927 139 51 expediat.
1501 927 107 51 Psalm.
1575 927 85 51 121.
1629 927 64 51 4,
1661 927 64 51 5,
1693 927 64 51 6,
1725 927 64 51 7.
1746 927 32 51 8

1077 960 104 52 Eaque
1147 960 81 52 est
1193 960 184 52 intelligenda
1342 960 81 52 cum
1389 960 161 52 exceptione
1515 960 196 52 castigationis
1677 960 58 52 &
1700 960 127 52 crucis.
1780 960 81 52 Psal.

1042 995 83 44 89.
1090 995 71 44 v.
1125 995 71 44 28
1161 995 60 44 &
1173 995 155 44 sequentibus

1080 1027 160 50 Promissio
1203 1027 173 50 corporalis
1338 1027 86 50 non
1388 1027 123 50 tantum
1474 1027 74 50 ad
1511 1027 111 50 pios,
1585 1027 86 50 sed
1634 1027 111 50 etiam
1708 1027 74 50 ad
1733 1027 123 50 reprobos

1042 1068 159 43 pertinet:
1164 1068 73 43 ut
1201 1068 73 43 1.
1238 1068 86 43 Reg
1287 1068 86 43 21,
1336 1068 86 43 29.
1385 1068 147 43 promisit
1495 1068 98 43 Deus
1556 1068 73 43 se
1593 1068 184 43 temporariam
1727 1068 135 43 poeniten¬-

1038 1102 107 36 tiam
1104 1102 133 36 Achabi
1198 1102 187 36 temporatio
1344 1102 173 36 beneficio
1464 1102 200 36 compensaturum

1084 1130 110 40 Adhaec
1161 1130 143 40 promissio
1270 1130 77 40 est
1314 1130 77 40 vel
1358 1130 121 40 veteris
1446 1130 164 40 Testamenti,
1577 1130 77 40 vel
1610 1130 77 40 novi¬-

1074 1157 163 43 Utriusque
1199 1157 113 43 eadem
1274 1157 88 43 est
1324 1157 188 43 substantia,
1474 1157 100 43 quod
1536 1157 75 43 ad
1574 1157 150 43 aeternam
1686 1157 138 43 salutem
1774 1157 88 43 atti¬-

1044 1200 98 34 net:
1105 1200 61 34 &
1129 1200 98 34 idem
1190 1200 195 34 fundamentum,
1349 1200 159 34 Christus,
1471 1200 73 34 2.
1508 1200 147 34 Corinth.
1618 1200 73 34 1.
1655 1200 86 34 20.
1703 1200 147 34 Quotquot
1801 1200 49 34 es

1049 1235 80 41 nim
1094 1235 91 41 sunt
1151 1235 182 41 promissiones
1299 1235 91 41 Dei,
1356 1235 68 41 in
1391 1235 91 41 ipso
1448 1235 91 41 sunt
1505 1235 114 41 Etiam,
1584 1235 57 41 &
1607 1235 68 41 in
1641 1235 91 41 ipso
1698 1235 91 41 sunt
1755 1235 103 41 Amen,
1812 1235 46 41 ad

1044 1263 81 41 Dei
1091 1263 128 41 gloriam
1184 1263 81 41 per
1219 1263 58 41 nos

1080 1286 157 49 Promissio
1201 1286 85 49 Dei
1249 1286 85 49 est
1298 1286 109 49 certa
1370 1286 73 49 ac
1406 1286 121 49 minime
1491 1286 133 49 fallax,
1588 1286 121 49 minime
1660 1286 194 49 ludificatoria.

1050 1325 121 45 Psalm.
1135 1325 85 45 12.
1183 1325 73 45 7.
1220 1325 85 45 ubi
1268 1325 170 45 comparatur
1401 1325 133 45 argento
1498 1325 133 45 purgato
1595 1325 73 45 in
1632 1325 121 45 catino
1704 1325 158 45 lectissimo,

1055 1368 126 35 terrae,
1146 1368 126 35 septies
1238 1368 160 35 defoecato.
1363 1368 103 35 Jesa.
1432 1368 80 35 55.
1478 1368 80 35 10,
1523 1368 80 35 11.
1569 1368 80 35 Nam
1615 1368 91 35 quum
1672 1368 149 35 descendit
1775 1368 80 35 pluvi

1051 1402 75 42 aut
1094 1402 75 42 nix
1137 1402 64 42 de
1169 1402 107 42 caelo,
1244 1402 107 42 rurjus
1318 1402 117 42 illius,
1404 1402 75 42 non
1446 1402 160 42 reuertitur,
1575 1402 75 42 sed
1617 1402 128 42 inebriat
1713 1402 107 42 terram
1778 1402 85 42 ipsam,

1051 1428 136 48 facitque
1152 1428 68 48 ut
1186 1428 113 48 pariat
1265 1428 90 48 ipsa
1322 1428 57 48 &
1345 1428 147 48 producat,
1458 1428 68 48 ut
1491 1428 90 48 edat
1548 1428 102 48 semen
1616 1428 124 48 sutori,
1706 1428 57 48 &
1729 1428 102 48 panem
1785 1428 68 48 com¬-

1048 1476 146 32 redenti:
1157 1476 85 32 Sic
1206 1476 97 32 erit
1267 1476 122 32 verbum
1352 1476 97 32 meum
1413 1476 97 32 quod
1474 1476 146 32 egressum
1583 1476 122 32 fuerit
1668 1476 73 32 ex
1705 1476 85 32 ore
1754 1476 97 32 meo,
1802 1476 61 32 non

1050 1499 163 41 revertetur
1178 1499 70 41 ad
1213 1499 70 41 me
1248 1499 128 41 vacuum;
1341 1499 81 41 sed
1387 1499 116 41 faciet
1469 1499 70 41 id
1504 1499 81 41 quo
1550 1499 151 41 delector,
1666 1499 58 41 &
1690 1499 198 41 prosperabitur

1049 1529 67 49 id
1082 1529 89 49 quod
1127 1529 111 49 emiseros

1090 1562 110 48 Omnes
1163 1562 110 48 etiam
1236 1562 195 48 promissiones
1395 1562 85 48 Dei
1444 1562 98 48 sunt
1505 1562 171 48 conclusae,
1639 1562 159 48 fundatae,
1761 1562 110 48 ratae
1822 1562 49 48 ac

1041 1597 116 46 firmae
1123 1597 70 46 in
1158 1597 140 46 Christo,
1263 1597 58 46 2
1286 1597 140 46 Corinth.
1391 1597 70 46 1.
1414 1597 58 46 10.

1090 1630 74 44 in
1127 1630 198 44 promissiones
1288 1630 87 44 Dei
1338 1630 112 44 nobis
1412 1630 112 44 adhuc
1487 1630 198 44 recumbendum.
1648 1630 99 44 Vide
1710 1630 136 44 Instit.
1797 1630 74 44 Cal¬-

1049 1665 74 46 vini
1095 1665 74 46 lib.
1141 1665 56 46 2.
1169 1665 74 46 cap.
1216 1665 56 46 9.
1244 1665 83 46 sect.
1290 1665 37 46 3.

1092 1696 156 42 Quaelibet
1212 1696 120 42 divina
1297 1696 156 42 promissio
1417 1696 84 42 est
1465 1696 180 42 dilectionis
1609 1696 84 42 Dei
1657 1696 96 42 erga
1718 1696 84 42 nos
1754 1696 120 42 testimo¬-

1059 1732 92 53 nium.
1120 1732 82 53 Vide
1172 1732 113 53 Instit.
1254 1732 113 53 Calvini
1336 1732 72 53 lib
1377 1732 62 53 3.
1408 1732 82 53 cap.
1459 1732 62 53 2.
1490 1732 62 53 8.
1511 1732 51 53 32.

1123 1796 144 53 Tantum
1223 1796 86 53 de
1267 1796 230 53 promissione:
1454 1796 173 53 sequitur
1583 1796 86 53 de
1612 1796 187 53 comminatio¬-

1388 1840 87 42 ne
1417 1840 131 42 divina.

1084 1893 191 45 Comminatio
1234 1893 109 45 Dei,
1302 1893 95 45 est
1357 1893 204 45 denunciatio
1521 1893 177 45 futurorum
1657 1893 164 45 malorum,
1766 1893 109 45 quibus

1058 1935 90 36 Deus
1114 1935 78 36 vel
1159 1935 90 36 suos
1215 1935 157 36 castigare,
1338 1935 78 36 vel
1383 1935 112 36 impios
1461 1935 112 36 punire
1539 1935 67 36 se
1573 1935 101 36 velle
1640 1935 146 36 ostendit,
1752 1935 67 36 ut
1786 1935 78 36 eos
1819 1935 45 36 ad

1045 1965 213 38 resipiscentiam
1223 1965 154 38 impellat,
1342 1965 59 38 &
1365 1965 107 38 malis
1436 1965 178 38 denunciatis
1579 1965 142 38 cripiat.
1685 1965 83 38 Qua
1733 1965 71 38 de
1768 1965 71 38 re
1792 1965 83 38 prae¬

1053 2032 98 36 ctor
1114 2032 111 36 morte
1188 2032 148 36 improbi:
1299 2032 86 36 sed
1348 2032 74 36 ut
1385 2032 184 36 conuertatur
1532 2032 61 36 &
1557 2032 123 36 vivat.
1643 2032 111 36 Recte
1704 2032 160 36 Theodoretur

1057 2073 68 37 in
1091 2073 68 37 c.
1125 2073 68 37 3.
1159 2073 102 37 Jonae
1227 2073 91 37 ait:
1284 2073 125 37 Quoniam
1375 2073 159 37 conservure
1500 2073 91 37 Deus
1557 2073 125 37 gaudet,
1648 2073 125 37 minatur
1739 2073 136 37 tristia,
1830 2073 34 37 n

1021 2105 48 32 i

1053 2139 114 38 poenas
1133 2139 137 38 minatur,
1235 2139 69 38 ne
1270 2139 69 38 in
1304 2139 114 38 poenas
1373 2139 114 38 inferat.

1084 2174 107 47 Estque
1159 2174 192 47 conditionalis,
1319 2174 75 47 vel
1351 2174 117 47 absoluta.

1084 2204 164 42 Comminatio
1213 2204 211 42 conditionalis,
1389 2204 82 42 est
1436 2204 94 42 quae
1494 2204 105 42 habet
1564 2204 94 42 sive
1623 2204 141 42 expresse
1728 2204 94 42 sive
1775 2204 94 42 tacite

1051 2241 127 41 annexam
1144 2241 173 41 exceptionem
1283 2241 81 41 seu
1329 2241 173 41 conditionem
1468 2241 93 41 sive
1526 2241 220 41 resipiscentiae,
1711 2241 93 41 quae
1768 2241 69 41 si
1792 2241 69 41 prae

1064 2275 114 39 tetur,
1144 2275 160 39 comminatio
1270 2275 80 39 vel
1315 2275 149 39 aufertur,
1430 2275 80 39 vel
1476 2275 160 39 differtur,
1602 2275 57 39 &
1625 2275 114 39 tempus
1693 2275 172 39 resipiscentia

1051 2314 180 38 conceditur,
1195 2314 84 38 imo
1243 2314 60 38 &
1267 2314 216 38 resipiscentiae
1447 2314 108 38 donum
1518 2314 168 38 tribuitur:
1650 2314 96 38 sive
1710 2314 168 38 voluntatis
1830 2314 36 38 &

1065 2346 148 39 potentiae
1179 2346 137 39 divinae,
1281 2346 91 39 quum
1338 2346 91 39 Deus
1395 2346 68 39 si
1429 2346 114 39 velit,
1509 2346 148 39 perficere
1623 2346 114 39 possit
1703 2346 91 39 quae
1748 2346 114 39 commina¬-

1057 2380 84 39 tus
1105 2380 84 39 est
1153 2380 120 39 Jerem.
1237 2380 84 39 18.
1285 2380 72 39 7,
1321 2380 72 39 8.
1357 2380 84 39 Quo
1405 2380 132 39 momento
1502 2380 132 39 eloquar
1598 2380 120 39 contra
1682 2380 120 39 gentem
1766 2380 60 39 &
1778 2380 96 39 contra

1062 2412 137 41 regnum,
1161 2412 75 41 me
1199 2412 187 41 convulsurum
1348 2412 62 41 &
1373 2412 187 41 demoliturum
1523 2412 62 41 &
1547 2412 174 41 perditurum
1685 2412 112 41 esse:
1759 2412 75 41 Si
1784 2412 75 41 con¬-

1069 2440 138 42 pertatur
1172 2440 92 42 gens
1229 2440 92 42 illa
1287 2440 57 42 a
1310 2440 92 42 malo
1367 2440 92 42 suo,
1424 2440 115 42 contra
1505 2440 92 42 quam
1562 2440 138 42 loquutus
1665 2440 115 42 fuero;
1734 2440 138 42 poenitebit

1065 2478 119 42 quoque
1148 2478 71 42 me
1184 2478 95 42 eius
1244 2478 95 42 mali
1303 2478 95 42 quod
1363 2478 179 42 cogitaveram
1506 2478 119 42 facere
1589 2478 83 42 ei.
1637 2478 107 42 Talis
1708 2478 95 42 erat
1756 2478 107 42 commina

1059 2504 84 50 tio
1107 2504 108 50 facta
1179 2504 168 50 Abimolecho
1312 2504 96 50 Regi
1372 2504 144 50 Geraris.
1480 2504 120 50 Genes.
1564 2504 84 50 20.
1612 2504 72 50 3.
1648 2504 108 50 Venit
1721 2504 96 50 enim
1781 2504 96 50 Deus
1829 2504 48 50 ad

1063 2546 179 39 Abimelechum
1206 2546 71 39 in
1242 2546 119 39 somnio
1325 2546 143 39 nocturno
1432 2546 60 39 &
1456 2546 107 39 dixit
1528 2546 83 39 ei,
1575 2546 95 39 Ecce
1635 2546 71 39 tu
1671 2546 119 39 illico
1742 2546 131 39 moriturus

1062 2573 68 46 es
1096 2573 125 46 propter
1187 2573 91 46 hanc
1244 2573 136 46 mulierem
1346 2573 91 46 quam
1403 2573 159 46 accepisti,
1528 2573 91 46 quum
1585 2573 80 46 sit
1630 2573 114 46 marito
1710 2573 125 46 iuncta.
1789 2573 80 46 post¬-

1065 2612 105 39 modum
1135 2612 140 39 expressa
1240 2612 81 39 est
1286 2612 140 39 conditio
1391 2612 70 39 v.
1426 2612 70 39 7.
1461 2612 93 39 Nunc
1519 2612 116 39 itaque
1600 2612 140 39 restitue
1705 2612 116 39 uxorem
1775 2612 93 39 illius

1070 2640 97 43 viri,
1135 2640 130 43 propheta
1232 2640 86 43 enim
1286 2640 86 43 est,
1340 2640 119 43 quumque
1426 2640 130 43 oraverit
1524 2640 76 43 pro
1567 2640 76 43 te,
1610 2640 119 43 vivito:
1696 2640 86 43 quod
1750 2640 65 43 si
1783 2640 76 43 non
1815 2640 54 43 re¬-

1066 2673 160 45 stitueris,
1191 2673 103 45 scito
1260 2673 69 45 te
1294 2673 114 45 omnino
1374 2673 160 45 moriturum,
1500 2673 80 45 te,
1546 2673 126 45 inquom,
1637 2673 57 45 &
1660 2673 80 45 eos
1706 2673 103 45 omnes
1774 2673 80 45 qui
1820 2673 80 45 tui

1064 2706 104 46 sunt.
1134 2706 115 46 Qualis
1214 2706 104 46 erat,
1284 2706 92 46 quae
1341 2706 81 46 per
1387 2706 104 46 Jonam
1457 2706 150 46 Ninevitis
1572 2706 104 46 Jonae
1641 2706 69 46 3.
1676 2706 150 46 versicul.
1791 2706 69 46 5.
1814 2706 58 46 Ad.

1072 2740 89 46 buc
1123 2740 191 46 quadraginta
1276 2740 114 46 dies,
1352 2740 127 46 deinde
1441 2740 127 46 Ninive
1530 2740 203 46 subvertetur,
1695 2740 64 46 &
1720 2740 89 46 per
1759 2740 114 46 Jesaiam

1062 2776 134 50 Ezechiae
1162 2776 89 50 fuit
1218 2776 167 50 denunciata,
1352 2776 67 50 2.
1385 2776 89 50 Reg.
1441 2776 78 50 20.
1486 2776 145 50 versicul.
1597 2776 67 50 1.
1631 2776 100 50 Brevi
1698 2776 134 50 morieris
1798 2776 67 50 ac
1820 2776 56 50 non

1048 2821 93 39 vives.

1106 2838 172 61 Comminatio
1241 2838 160 61 absoluta,
1364 2838 86 61 est
1413 2838 98 61 quae
1475 2838 185 61 simpliciter
1623 2838 185 61 definitivam
1770 2838 86 61 Dei
1807 2838 74 61 sen¬-

1065 2883 128 50 tentiam
1158 2883 163 50 denunciat,
1286 2883 105 50 cujus
1356 2883 140 50 executio
1461 2883 163 50 perficitur
1589 2883 186 50 simpliciter.
1740 2883 105 50 Talis
1810 2883 93 50 erat

1063 2916 169 52 comminatio
1196 2916 85 52 Dei
1244 2916 85 52 per
1293 2916 145 52 Nathanem
1402 2916 121 52 Davidi
1487 2916 109 52 facta
1559 2916 73 52 2.
1596 2916 97 52 Sam.
1656 2916 85 52 12.
1705 2916 157 52 versicul.
1813 2916 61 52 14.

1079 2954 111 49 Filius
1157 2954 89 49 iste
1212 2954 78 49 qui
1256 2954 100 49 natus
1323 2954 78 49 est
1367 2954 100 49 tibi,
1434 2954 111 49 omnino
1511 2954 144 49 moruetur.
1622 2954 78 49 Nam
1666 2954 89 49 etsi
1711 2954 166 49 resipiscentia

1063 2990 177 44 documenta
1200 2990 218 44 Davidederet,
1377 2990 232 44 comminationem
1568 2990 123 44 tamen
1650 2990 150 44 placuit
1759 2990 95 44 Deo
1800 2990 68 44 im¬-

1074 3018 126 48 plere.
1163 3018 113 48 Talis
1238 3018 101 48 fuit
1301 3018 176 48 comminatio
1439 3018 113 48 facta
1515 3018 151 48 Salomoni
1628 3018 76 48 de
1666 3018 189 48 laceratione
1804 3018 76 48 regm

1074 3053 109 56 ejus,
1146 3053 97 56 quam
1207 3053 97 56 Deus
1267 3053 85 56 non
1315 3053 157 56 revocavit
1436 3053 72 56 ob
1472 3053 217 56 resipiscentiam
1654 3053 169 56 Salomonis,
1786 3053 72 56 1.
1811 3053 60 56 Reg

1072 3086 79 53 12.
1117 3086 68 53 v.
1151 3086 79 53 11.
1196 3086 56 53 &
1218 3086 68 53 2.
1252 3086 113 53 Chron.
1331 3086 79 53 11.
1376 3086 68 53 v.
1410 3086 79 53 17.
1455 3086 90 53 Tali
1511 3086 90 53 fuit
1568 3086 158 53 comminatio
1692 3086 101 53 facta
1748 3086 124 53 Beltschat

1057 3125 102 53 zari
1121 3125 102 53 Regi
1185 3125 179 53 Babyloniae
1325 3125 89 53 per
1376 3125 179 53 scripturam
1516 3125 191 53 incognitam,
1657 3125 77 53 Dan:

1111 3155 108 57 Rursus
1187 3155 151 57 comminatio
1306 3155 76 57 vel
1349 3155 162 57 spiritualis
1479 3155 87 57 est,
1533 3155 76 57 vel
1565 3155 141 57 corporalis.

1095 3179 166 71 Comminatio
1225 3179 190 71 spiritualis,
1379 3179 83 71 est
1427 3179 83 71 qua
1474 3179 95 71 Daus
1533 3179 95 71 mala
1593 3179 178 71 spiritualia
1735 3179 71 71 se
1758 3179 107 71 immissa

1074 3240 87 43 rum
1111 3240 148 43 denunciat.
