2063 3425
269 178 229 42 Comminationum
457 178 175 42 divinarum
591 178 121 42 fines
672 178 67 42 &
699 178 108 42 usus
753 178 94 42 sunt:

269 202 78 53 I.
308 202 78 53 Ut
347 202 142 53 homines
450 202 78 53 in
489 202 155 53 obsequio
606 202 91 53 Dei
657 202 194 53 contineant,
813 202 78 53 ne
852 202 155 53 adversus
955 202 78 53 Deum

228 244 143 52 peccent.
335 244 83 52 Hoc
383 244 95 52 fine
442 244 166 52 comminatio
573 244 107 52 prima
644 244 107 52 facta
715 244 71 52 in
751 244 143 52 Paradiso
858 244 95 52 Gen.
917 244 71 52 2.
953 244 71 52 v.
977 244 59 52 17.

272 275 83 47 II.
320 275 71 47 Ut
355 275 178 47 peccatores,
497 275 71 47 si
533 275 107 47 minis
604 275 83 47 non
651 275 166 47 moveantur,
781 275 59 47 &
805 275 154 47 obstinate
924 275 71 47 in
947 275 95 47 vitiis

244 307 142 46 pergant,
351 307 130 46 discant
445 307 71 46 in
481 307 201 46 calamitatibus
647 307 95 46 suam
706 307 118 46 potius
789 307 154 46 nequitiam
907 307 142 46 accusare
1002 307 36 46 &

230 353 153 34 detestari
348 353 94 34 quam
406 353 94 34 Deum
465 353 129 34 iniquae
559 353 153 34 saevitiae
664 353 153 34 insimulare.

262 366 96 50 III.
322 366 72 50 Ut
358 366 72 50 si
394 366 181 50 docilitatem
539 366 84 50 non
587 366 157 50 exuerunt,
708 366 169 50 peccatorum
840 366 120 50 taedio
925 366 108 50 capti
985 366 48 50 in

246 412 96 40 viam
306 412 145 40 redeant,
415 412 60 40 &
439 412 96 40 mala
499 412 96 40 quae
560 412 96 40 Deus
620 412 84 40 est
668 412 169 40 comminatus
801 412 205 40 resipiscentia
958 412 84 40 prae¬

228 450 111 38 veniant.

269 461 138 57 Effecta
370 461 213 57 comminationum
545 461 163 57 divinarum
670 461 100 57 sunt
733 461 113 57 haec:
808 461 75 57 I.
846 461 125 57 Movent
933 461 75 57 ad
958 461 88 57 prae¬-

226 511 153 43 standam
337 511 97 43 Deo
379 511 181 43 obedientiam

273 533 85 48 II.
322 533 159 48 Impellunt
444 533 61 48 &
468 533 147 48 adducunt
578 533 134 48 quosdam
676 533 73 48 ad
712 533 220 48 resipiscentiam
895 533 73 48 ut
932 533 61 48 a
944 533 98 48 pecca¬-

234 573 84 44 tis
282 573 156 44 desistant
402 573 60 44 &
426 573 144 44 mandatis
534 573 132 44 divinis
630 573 192 44 obtemperent,
785 573 72 44 ut
821 573 144 44 ostendit
917 573 120 44 exemplum

246 615 105 46 Josiae
320 615 105 46 Regis.
394 615 74 46 Reg
436 615 74 46 22.
478 615 63 46 v.
510 615 74 46 11.
552 615 158 46 Ninevitarum
678 615 84 46 Jon.
731 615 63 46 3.
762 615 63 46 v.
794 615 63 46 6,
825 615 63 46 7.
857 615 63 46 8,
878 615 42 46 9.

260 643 100 41 III.
323 643 150 41 Reprobos
436 643 113 41 magis
511 643 163 41 indurant,
636 643 88 41 sed
686 643 88 41 per
736 643 163 41 accidens,
861 643 138 41 ipsorum
948 643 88 41 nempo

236 676 115 40 vitio,
317 676 69 40 ut
352 676 138 40 exemplum
455 676 150 40 Pharaonis
570 676 150 40 testatur.

267 699 142 49 Subjecta
374 699 95 49 quod
433 699 142 49 attinet,
539 699 201 49 comminationes
704 699 130 49 divinae
799 699 83 49 tum
846 699 142 49 subditos
941 699 95 49 attin¬-

238 742 114 47 gunt,
314 742 88 47 tum
365 742 152 47 judices,
478 742 177 47 Principes,
617 742 126 47 Reges,
706 742 190 47 Magistratus
857 742 139 47 denique
946 742 101 47 omnes.

240 781 167 34 Quapropter
371 781 96 34 quod
431 781 72 34 ad
467 781 143 34 subditos
574 781 143 34 attinet,
682 781 84 34 non
730 781 131 34 possunt
825 781 72 34 se
861 781 143 34 excusare
956 781 84 34 coram

242 808 105 38 Deo,
307 808 105 38 quum
373 808 91 38 vel
425 808 131 38 impiis
516 808 144 38 edictis
621 808 209 38 Magistratuum
791 808 196 38 obsequuntur
947 808 91 38 vel
987 808 78 38 mala

243 844 136 45 ipsorum
341 844 136 45 exempla
440 844 173 45 sequuntur:
576 844 111 45 scire
650 844 99 45 enim
712 844 136 45 debent,
810 844 74 45 ad
848 844 74 45 se
885 844 111 45 etiam
946 844 99 45 commi¬-

244 885 136 31 nationes
346 885 125 31 divinas
437 885 159 31 pertinere;
562 885 125 31 proinde
653 885 68 31 si
687 885 136 31 peccent,
789 885 80 31 non
834 885 102 31 eximi
903 885 57 31 a
925 885 102 31 culpa
982 885 57 31 ve¬-

240 917 122 40 poena,
325 917 97 40 quia
386 917 85 40 non
435 917 134 40 valebit
532 917 195 40 subterfugium
690 917 97 40 quod
751 917 183 40 Magistratui
897 917 170 40 obedierint

245 942 88 47 quod
300 942 132 47 putarint
399 942 66 47 se
432 942 99 47 recte
497 942 110 47 agere,
574 942 66 47 si
607 942 88 47 ejus
662 942 110 47 essent
739 942 165 47 religionis,
870 942 99 47 cujus
925 942 110 47 Magistra

239 981 78 38 tus
284 981 90 38 ipse
340 981 112 38 esset,
418 981 78 38 vel
463 981 67 38 si
497 981 67 38 ea
530 981 146 38 facerent,
642 981 90 38 quae
698 981 168 38 Magistratus
833 981 123 38 faceret
923 981 101 38 ipse.
979 981 67 38 Quod

243 1009 97 38 vero
304 1009 73 38 ad
340 1009 183 38 Magistratus
486 1009 146 38 attinet,
596 1009 97 38 Deus
657 1009 97 38 suis
717 1009 231 38 comminationibus
912 1009 110 38 ipsos
973 1009 73 38 quo-

240 1050 84 35 que
288 1050 72 35 in
324 1050 131 35 ordinem
419 1050 119 35 cogit,
503 1050 72 35 ne
539 1050 96 35 quis
598 1050 155 35 mortalium
718 1050 84 35 suo
765 1050 155 35 splendore
885 1050 143 35 obscuret
980 1050 60 35 au¬-

239 1075 161 41 toritatem
362 1075 136 41 divinae
461 1075 124 41 Legis.
548 1075 124 41 Scimus
635 1075 99 41 enim
697 1075 74 41 ut
734 1075 124 41 Reges,
820 1075 161 41 Principes
944 1075 62 41 &
956 1075 87 41 Magi¬-

245 1108 133 39 stratus
342 1108 109 39 omnes
415 1108 121 39 putent
500 1108 73 39 se
536 1108 133 39 clypeum
633 1108 121 39 habere
718 1108 73 39 ad
754 1108 146 39 scelerum
863 1108 121 39 suorum
936 1108 97 39 defer¬-

238 1147 127 40 sionem
327 1147 153 40 adversus
442 1147 191 40 ministrorum
594 1147 114 40 Verbi
670 1147 216 40 admonitiones,
836 1147 203 40 reprehensione.

243 1180 66 41 &
269 1180 157 41 poenatum
387 1180 249 41 denunciationes.
597 1180 118 41 Atqui
676 1180 223 41 comminationes
859 1180 157 41 divinae,
964 1180 79 41 quas

246 1217 147 45 ministri
356 1217 110 45 Verbi
430 1217 172 45 proferunt,
565 1217 110 45 aeque
638 1217 196 45 Gubernatores
798 1217 209 45 constringunt,
957 1217 86 45 atqui

228 1246 131 45 subdiros.

276 1280 67 36 Si
309 1280 134 36 adiuncta
410 1280 134 36 spectes,
510 1280 190 36 comminationes
667 1280 123 36 divinae
756 1280 89 36 sunt
812 1280 123 36 certae,
901 1280 67 36 id
934 1280 89 36 est,
979 1280 67 36 cer¬-

243 1312 75 37 to
280 1312 174 37 implentur,
416 1312 174 37 quantumvis
553 1312 174 37 exsequutio
690 1312 137 37 illarum
789 1312 149 37 interdum
889 1312 161 37 differatur;

241 1348 208 41 quemadmodum
408 1348 125 41 certo
491 1348 264 41 Nebucadnetzari,
713 1348 111 41 quae
782 1348 111 41 Deus
852 1348 111 41 ipsi
907 1348 139 41 commina¬-

253 1374 85 43 tus
301 1374 133 43 fuerat,
398 1374 169 43 evenerunt,
531 1374 109 43 licet
603 1374 145 43 integrum
712 1374 109 43 annum
784 1374 145 43 suspensa
893 1374 157 43 fuissent.
1002 1374 60 43 Non

247 1411 78 46 es
286 1411 117 46 proin
364 1411 196 46 contemnenda
521 1411 91 46 Dei
573 1411 157 46 lenitas,
691 1411 91 46 non
743 1411 157 46 ludendum
860 1411 91 46 cum
912 1411 130 46 ipsius
991 1411 65 46 in¬

234 1442 137 47 dulgentia.

283 1463 110 54 Quod
352 1463 97 54 non
407 1463 138 54 semper
504 1463 221 54 exsequutioni
684 1463 193 54 mandantur:
835 1463 83 54 id
877 1463 179 54 sapientem
1001 1463 83 54 DEII

249 1509 173 44 clementiam
385 1509 185 44 demonstrat,
533 1509 87 44 non
582 1509 111 44 autem
657 1509 222 44 instabilitatem
842 1509 173 44 voluntatis
965 1509 87 44 divi¬-

250 1550 91 35 nae.
307 1550 137 35 Siquidem
409 1550 114 35 tacita
489 1550 160 35 exceptione
615 1550 217 35 resipiscentiae,
798 1550 126 35 minarum
889 1550 137 35 terrore,
980 1550 69 35 stra

252 1582 70 32 ta
287 1582 140 32 consilio
392 1582 82 32 Dei
439 1582 82 32 via
486 1582 70 32 ad
521 1582 163 32 destinatum
649 1582 140 32 officium
754 1582 58 32 &
777 1582 128 32 salutem
870 1582 175 32 peccatores,
999 1582 58 32 non

266 1614 137 46 gratiose
368 1614 103 46 selum
437 1614 137 46 invitat,
540 1614 80 46 sed
585 1614 57 46 &
608 1614 137 46 Spiritus
711 1614 114 46 Sancti
791 1614 148 46 efficacia
905 1614 148 46 pertrahit
1008 1614 57 46 ac¬

240 1635 129 55 perducit

294 1675 118 39 Eaedem
377 1675 94 39 sunt
436 1675 189 39 necessariae,
589 1675 71 39 ac
625 1675 130 39 proinde
719 1675 154 39 identidem
837 1675 177 39 repetendae.
967 1675 83 39 Multo

259 1708 80 43 rum
304 1708 91 43 enim
361 1708 103 43 magna
429 1708 80 43 est
475 1708 148 43 securitas
589 1708 57 43 &
612 1708 148 43 durities,
726 1708 91 43 quos
783 1708 80 43 vel
828 1708 125 43 millies
919 1708 125 43 necesse
999 1708 57 43 est

262 1742 156 45 comminat:
382 1742 120 45 onibus
466 1742 132 45 terreri
562 1742 60 45 &
574 1742 120 45 emollir.

325 1784 160 57 Hactenus
445 1784 107 57 fuit
511 1784 80 57 de
551 1784 213 57 patefactione
724 1784 107 57 Dei:
791 1784 160 57 sequitur
911 1784 80 57 de
937 1784 67 57 vo¬-

551 1829 146 44 catione
644 1829 119 44 divina.

432 1901 292 62 CAPUT
594 1901 227 62 XXXI.

412 1957 102 71 In
463 1957 119 71 quo
531 1957 102 71 de
582 1957 221 71 vocatione
734 1957 153 71 divina,

253 2035 180 47 TTOCATIO
388 2035 165 47 DIVINA,
507 2035 105 47 est
567 2035 120 47 opus
642 2035 195 47 specialis
792 2035 239 47 providentiae
971 2035 75 47 Dei

326 2074 83 42 quo
374 2074 71 42 is
409 2074 155 42 creaturas
528 2074 167 42 rationales
659 2074 83 42 pro
707 2074 95 42 bona
766 2074 83 42 sua
814 2074 155 42 voluntate
933 2074 71 42 ad
957 2074 95 42 certum

328 2108 103 38 finem
396 2108 115 38 vocat,
477 2108 115 38 Matth.
557 2108 80 38 22.
603 2108 69 38 9.
637 2108 80 38 Ite
683 2108 92 38 ergo
740 2108 69 38 ad
775 2108 126 38 compita
867 2108 126 38 viarum,
958 2108 57 38 &
970 2108 80 38 quot¬-

258 2135 104 36 cumque
331 2135 167 36 inveneritis,
466 2135 104 36 vocate
539 2135 63 36 ad
571 2135 125 36 nuptias.
664 2135 63 36 1.
696 2135 83 36 Cor.
748 2135 63 36 1.
779 2135 83 36 ver.
831 2135 63 36 9.
863 2135 115 36 Fidelis
946 2135 73 36 est
977 2135 63 36 Deus

255 2172 79 39 per
300 2172 90 39 quem
356 2172 112 39 vocati
434 2172 101 39 estis
502 2172 67 39 in
535 2172 168 39 communionem
670 2172 101 39 Filii
738 2172 112 39 ipsius
816 2172 90 39 Iesu
872 2172 124 39 Christi
951 2172 101 39 Domini¬-

251 2208 120 41 nostri.
338 2208 65 41 1.
371 2208 120 41 Timoth.
458 2208 65 41 2.
491 2208 65 41 v.
524 2208 65 41 4.
556 2208 76 41 Qui
600 2208 120 41 quosvis
687 2208 120 41 homines
774 2208 87 41 vult
829 2208 131 41 servari,
927 2208 55 41 &
949 2208 65 41 ad
971 2208 76 41 agni¬-

247 2235 116 42 tionem
329 2235 151 42 veritatis
433 2235 105 42 vinire.

275 2269 80 40 Ea
315 2269 93 40 est
368 2269 93 40 tum
421 2269 186 40 Angelorum,
567 2269 93 40 tum
607 2269 119 40 hominum

279 2301 70 45 Et
314 2301 93 45 utro
372 2301 116 45 rumque
453 2301 81 45 vel
500 2301 70 45 ad
535 2301 151 45 Christum,
651 2301 81 45 vel
697 2301 70 45 ad
732 2301 104 45 munus
802 2301 128 45 aliquod

276 2333 134 44 Vocatio
374 2333 73 44 ad
410 2333 159 44 Christum,
533 2333 86 44 est
581 2333 134 44 vocatio
679 2333 86 44 per
728 2333 98 44 quam
789 2333 159 44 creaturas
899 2333 147 44 rationales

246 2357 97 53 Deus
306 2357 73 53 ad
343 2357 145 53 Christum
452 2357 145 53 invitat,
561 2357 73 53 ut
597 2357 85 53 per
645 2357 109 53 ipsum
718 2357 121 53 regnum
803 2357 85 53 Dei
851 2357 61 53 &
875 2357 133 53 gloriam
972 2357 61 53 &
984 2357 61 53 vi¬-

238 2404 82 38 tam
285 2404 141 38 aeternam
391 2404 200 38 consequantur,
555 2404 106 38 Thes.
626 2404 70 38 2.
661 2404 70 38 v.
696 2404 82 38 12.
743 2404 70 38 Et
779 2404 188 38 obtestabamur
931 2404 70 38 ut
955 2404 82 38 ince¬-

248 2434 124 50 deretis
338 2434 101 50 sicut
405 2434 112 50 dignum
484 2434 79 50 est
529 2434 79 50 Deo
574 2434 124 50 vocante
664 2434 79 50 vos
709 2434 67 50 ad
742 2434 90 50 suum
799 2434 112 50 regnum
877 2434 67 50 ac
911 2434 135 50 gloriam.
1001 2434 45 50 1.

249 2470 94 35 Petr.
311 2470 63 35 5.
343 2470 63 35 v.
374 2470 73 35 10.
416 2470 126 35 Caeterum
511 2470 84 35 Deus
563 2470 94 35 omnis
626 2470 115 35 gratiae
710 2470 105 35 autor,
783 2470 73 35 qui
825 2470 115 35 vocavit
909 2470 73 35 vos
951 2470 63 35 ad
972 2470 73 35 ater¬-

244 2507 75 47 nam
287 2507 86 47 suam
341 2507 118 47 gloriam
426 2507 64 47 in
459 2507 118 47 Christo
544 2507 96 47 Iesu,
609 2507 139 47 paulisper
716 2507 150 47 afflictos,
833 2507 75 47 is,
876 2507 118 47 inquam,
951 2507 86 47 perfi¬-

239 2539 79 41 ciat
289 2539 79 41 vos,
338 2539 139 41 stabiliat,
447 2539 119 41 roboret,
537 2539 109 41 fundet.

276 2565 131 53 Vocatio
371 2565 71 53 ad
407 2565 142 53 Christum
514 2565 119 53 duplex
597 2565 95 53 est:
656 2565 83 53 una
704 2565 83 53 per
751 2565 154 53 naturalem
870 2565 142 53 gratiam,
965 2565 71 53 alte

244 2600 70 45 ca
279 2600 81 45 per
326 2600 209 45 supernaturalem
489 2600 116 45 gratiam.

273 2635 129 43 Vocatio
367 2635 70 43 ad
402 2635 141 43 Christum
508 2635 82 43 per
555 2635 152 43 naturalem
672 2635 141 43 gratiam,
777 2635 82 43 est
824 2635 129 43 vocatio
906 2635 129 43 universa¬-

226 2663 94 45 lis,
285 2663 117 45 omnibs
367 2663 152 45 creaturis
484 2663 187 45 rationalibus
636 2663 152 45 communis,
753 2663 94 45 quae
811 2663 82 45 sit
858 2663 58 45 a
881 2663 82 45 Deo
916 2663 129 45 secundum.

240 2702 128 48 illarum
334 2702 93 48 esse
392 2702 128 48 naturae
486 2702 175 48 communiter,
626 2702 105 48 omnes
696 2702 58 48 &
719 2702 140 48 singulos
824 2702 70 48 ad
859 2702 117 48 salute
929 2702 117 48 vocante.

267 2732 81 52 Duo
314 2732 92 52 sunt
371 2732 104 52 autem
440 2732 92 52 quae
498 2732 69 52 ad
533 2732 104 52 illud
602 2732 92 52 esse
660 2732 127 52 naturae
752 2732 196 52 pertinent;nam
913 2732 58 52 &
936 2732 92 52 suus
982 2732 58 52 est

234 2772 135 54 vocatis
332 2772 159 54 naturalis
455 2772 123 54 modus:
540 2772 61 54 &
565 2772 98 54 suus
626 2772 135 54 ordini,
724 2772 86 54 quo
773 2772 123 54 vocati
859 2772 74 54 ad
896 2772 98 54 Deum
945 2772 86 54 vocan

237 2802 84 41 tem
273 2802 155 41 ordinantur.

269 2830 130 53 Vocati
360 2830 104 53 ergo
425 2830 91 53 tum
477 2830 130 53 Angeli
568 2830 91 53 tum
620 2830 156 53 homines,
736 2830 156 53 secundum
853 2830 117 53 modum
918 2830 117 53 natura;

227 2861 114 54 suae,
303 2861 88 54 qua
354 2861 101 54 sunt
417 2861 76 54 ad
455 2861 152 54 imaginem
569 2861 88 54 Dei
619 2861 126 54 creati
708 2861 139 54 primum,
809 2861 88 54 non
859 2861 101 54 modo
910 2861 139 54 naturalem

232 2908 168 40 potentiam,
364 2908 84 40 sed
412 2908 132 40 habitum
508 2908 108 40 (quod
580 2908 132 40 amplius
677 2908 108 40 est,)
749 2908 180 40 instinctum,
893 2908 132 40 sensum,
977 2908 60 40 mo¬-

231 2942 121 38 tumque
315 2942 133 38 habent,
412 2942 85 38 quo
460 2942 169 38 vocationem
593 2942 97 38 sui,
654 2942 72 38 in
690 2942 181 38 conscientia
835 2942 85 38 sua
871 2942 169 38 circumferunt

230 2964 138 54 singuli
331 2964 88 54 pro
381 2964 100 54 modo
444 2964 138 54 naturae
544 2964 113 54 suae.
619 2964 88 54 Hac
669 2964 163 54 vocatione
794 2964 175 54 universali
920 2964 125 54 secundum

244 3004 136 47 naturam
342 3004 111 47 etiam
417 3004 74 47 in
454 3004 86 47 hac
503 3004 185 47 corruptione
651 3004 99 47 homo
713 3004 136 47 vocatur
812 3004 74 47 ad
849 3004 198 47 conscientiam
997 3004 37 47 &

228 3036 128 45 studium
322 3036 128 45 salutis
415 3036 93 45 suae
473 3036 82 45 tum
520 3036 198 45 universalibus
683 3036 128 45 naturae
777 3036 175 45 documentis:
917 3036 82 45 nam
952 3036 93 45 caelis

234 3072 152 42 enatranut
351 3072 129 42 gleriam
445 3072 82 42 Dei
492 3072 140 42 Psal.1e.
597 3072 82 42 tum
644 3072 187 42 singularibus
796 3072 164 42 principiis
925 3072 59 42 &
936 3072 94 42 notio¬-

240 3103 111 44 nibus
314 3103 173 44 communibus
450 3103 186 44 intellectui
599 3103 136 44 hominum
698 3103 62 44 a
722 3103 124 44 natura
797 3103 111 44 inditis

272 3132 151 55 Secundum
385 3132 138 55 ordinem
486 3132 100 55 vero
548 3132 138 55 naturae
649 3132 138 55 totius,
749 3132 88 55 qua
799 3132 75 55 ad
837 3132 100 55 Deum
900 3132 188 55 respiciunt,
1038 3132 50 55 Et

242 3173 124 38 quodam
328 3173 149 38 naturali
440 3173 99 38 modo
502 3173 62 38 &
527 3173 174 38 affectione
664 3173 74 38 ad
701 3173 99 38 Deum
763 3173 161 38 feruntur,
887 3173 87 38 qui
937 3173 87 38 eos
974 3173 62 38 or¬-

232 3198 97 55 dine
293 3198 134 55 naturae
390 3198 73 55 ad
427 3198 134 55 sanctam
524 3198 85 55 sui
573 3198 232 55 communicationem
768 3198 110 55 vocat
841 3198 85 55 per
890 3198 134 55 Filium,
975 3198 61 55 qui

1033 166 182 54 Acharacter
1176 166 91 54 est
1228 166 156 54 personae
1346 166 130 54 Patris
1437 166 65 54 &
1463 166 182 54 prototypum
1606 166 156 54 exemplar
1724 166 156 54 imaginis
1828 166 65 54 Dei

1077 205 75 38 in
1114 205 137 38 Angelis
1214 205 200 38 hominibusque
1364 205 137 38 depositae

1106 237 139 44 Vocatio
1207 237 76 44 ad
1245 237 151 44 Christum
1358 237 88 44 per
1409 237 227 44 supernaturalem
1598 237 151 44 gratiam,
1711 237 88 44 est
1761 237 139 44 vocatio
1850 237 50 44 aa

1086 273 116 37 bonos
1164 273 155 37 Angelos,
1280 273 65 37 &
1305 273 142 37 homines
1409 273 103 37 post
1473 273 129 37 lapsum
1564 273 181 37 pertinens,
1705 273 103 37 quam
1770 273 65 37 a
1796 273 90 37 Deo
1834 273 65 37 vo¬-

1076 307 123 44 cantur
1162 307 98 44 illi
1223 307 74 44 ad
1260 307 123 44 regnum
1346 307 61 44 &
1358 307 111 44 gloriam

1106 333 90 52 Nam
1157 333 128 52 Angeli
1247 333 102 52 boni
1311 333 77 52 ex
1349 333 205 52 mutabilitate
1516 333 141 52 naturae
1618 333 102 52 suae
1682 333 77 52 ad
1708 333 192 52 immutabilita¬-

1084 375 77 47 tem
1128 375 121 47 gratiae
1216 375 66 47 in
1250 375 121 47 Christo
1338 375 110 47 Capite
1415 375 77 47 suo
1459 375 121 47 adsciti
1537 375 77 47 sunt,

1113 397 110 54 lique
1186 397 85 54 non
1235 397 134 54 amplius
1332 397 158 54 vocantur,
1454 397 85 54 sed
1502 397 183 54 immutabiles
1649 397 73 54 in
1685 397 85 54 sua
1734 397 158 54 vocatione
1843 397 49 54 se

1085 440 78 38 mel
1129 440 100 38 facta
1196 440 145 38 perstant,
1307 440 67 38 ad
1341 440 89 38 quam
1396 440 111 38 electi
1474 440 89 38 sunt

1111 467 152 46 Hominum
1222 467 111 46 vero
1291 467 152 46 vocatio
1402 467 83 46 ad
1444 467 166 46 Christum
1568 467 97 46 per
1624 467 249 46 supernaturalem
1818 467 83 46 gra¬-

1084 500 99 50 tiam
1145 500 111 50 adhuc
1219 500 99 50 fit,
1281 500 99 50 quum
1342 500 160 50 hominibus
1466 500 86 50 per
1515 500 123 50 mortem
1601 500 173 50 corporalem
1737 500 74 50 ex
1774 500 86 50 hac
1811 500 86 50 vita.

1083 542 188 41 excedentibus
1236 542 94 41 alii
1294 542 129 41 homines
1388 542 164 41 succedant.

1119 573 129 42 Vocatio
1213 573 94 42 illa
1272 573 82 42 fit
1319 573 71 42 eo
1354 573 94 42 fine
1413 573 71 42 ut
1448 573 129 42 homines
1543 573 71 42 ad
1578 573 141 42 Christum
1684 573 82 42 per
1731 573 106 42 fidem
1801 573 129 42 veniant

1083 605 81 44 seu
1130 605 69 44 in
1164 605 81 44 eum
1211 605 139 44 credant,
1315 605 69 44 ut
1349 605 185 44 resipiscant,
1499 605 116 44 Matth.
1580 605 69 44 9.
1615 605 69 44 v.
1650 605 81 44 13.
1696 605 81 44 Non
1742 605 92 44 veni
1800 605 127 44 vocatum

1082 641 116 41 iustos,
1167 641 74 41 sed
1209 641 147 41 peccatores
1324 641 63 41 ad
1356 641 200 41 resipiscentiam:
1524 641 63 41 Ut
1556 641 105 41 sancte
1629 641 116 41 vivant,
1714 641 63 41 1.
1745 641 95 41 Thes.
1808 641 63 41 4.
1840 641 63 41 v.
1861 641 42 41 7.

1086 675 85 34 Non
1134 675 97 34 enim
1195 675 133 34 vocavit
1292 675 85 34 nos
1340 675 97 34 Deus
1401 675 73 34 ad
1437 675 194 34 impuritatem,
1595 675 85 34 sed
1643 675 73 34 ad
1668 675 230 34 sanctificationem.

1088 708 82 41 Jes.
1139 708 72 41 55.
1180 708 62 41 v.
1211 708 62 41 1,
1242 708 62 41 2.
1273 708 62 41 3.
1303 708 82 41 Heus
1355 708 123 41 quisquis
1447 708 92 41 sitit
1509 708 103 41 venite
1580 708 62 41 ad
1611 708 92 41 istas
1673 708 103 41 aquas,
1745 708 51 41 &
1765 708 72 41 cui
1806 708 92 41 nulla
1858 708 51 41 est

1092 747 141 33 ecunia:
1195 747 141 33 venite,
1298 747 167 33 comparate
1426 747 64 33 &
1452 747 167 33 comedite,
1580 747 128 33 venite
1670 747 141 33 inquam,
1760 747 141 33 comparate

1092 776 120 38 ibsque
1176 776 132 38 pecunia
1271 776 60 38 &
1295 776 120 38 absque
1379 776 120 38 pretio
1463 776 108 38 vinum
1534 776 60 38 &
1558 776 96 38 lac.
1618 776 84 38 Cur
1666 776 167 38 expenditis
1785 776 120 38 pecuniam

1088 809 79 34 pro
1133 809 102 34 nullo
1201 809 102 34 cibo,
1269 809 57 34 &
1292 809 125 34 laborem
1382 809 125 34 vestrum
1473 809 79 34 pro
1518 809 68 34 re
1552 809 113 34 minime
1631 809 159 34 satiatura?
1745 809 147 34 auscultate.

1079 850 190 41 indesinenter
1233 850 107 41 mihi,
1305 850 59 41 &
1328 850 142 41 comedite
1435 850 119 41 bonum,
1518 850 107 41 atque
1590 850 142 41 oblectet
1696 850 71 41 se
1732 850 83 41 hac
1768 850 142 41 pinguedine

1084 873 103 42 anima
1152 873 126 42 vestra,
1232 873 57 42 &c.

1123 905 136 41 Hominum
1221 905 136 41 vocatio
1320 905 123 41 duplex
1406 905 99 41 est;
1468 905 136 41 externa
1566 905 62 41 &
1579 905 123 41 interna.

1121 939 131 41 Externa
1217 939 143 41 vocatio,
1324 939 84 41 est
1372 939 96 41 quae
1431 939 107 41 foris
1503 939 84 41 sit
1551 939 84 41 per
1599 939 131 41 externa
1694 939 119 41 media.
1778 939 107 41 Eaque
1837 939 60 41 ve¬-

1083 979 173 44 universalis
1222 979 92 44 est,
1280 979 81 44 vel
1326 979 196 44 particularis.
1487 979 92 44 Illa
1545 979 81 44 sit
1591 979 81 44 per
1637 979 104 44 opera
1706 979 127 44 naturae
1799 979 81 44 seu
1833 979 81 44 ipsum

1085 1011 96 38 mundi
1149 1011 149 38 opificium,
1267 1011 96 38 Psal.
1330 1011 75 38 19.
1373 1011 64 38 2,
1405 1011 64 38 3.
1426 1011 43 38 4.

1120 1038 89 50 Haec
1176 1038 89 50 vero
1231 1038 78 50 sit
1276 1038 78 50 per
1320 1038 123 50 externa
1410 1038 156 50 testimonia
1532 1038 67 50 ac
1566 1038 134 50 documeta
1666 1038 123 50 divinae
1755 1038 134 50 gratiae,
1844 1038 56 50 ve¬-

1096 1071 111 47 igna,
1170 1071 86 47 aut
1219 1071 86 47 per
1268 1071 160 47 ministros
1392 1071 198 47 praedicantes
1552 1071 123 47 Verbum
1639 1071 99 47 Dei,
1701 1071 99 47 quos
1762 1071 99 47 Deus
1812 1071 86 47 mitte

1100 1108 56 40 e
1122 1108 68 40 ad
1156 1108 79 40 nos
1201 1108 124 40 homines
1292 1108 147 40 dignatur,
1404 1108 90 40 Rom.
1461 1108 79 40 10.
1506 1108 68 40 v.
1540 1108 79 40 14,
1585 1108 79 40 15,
1630 1108 79 40 16,
1675 1108 79 40 17,
1720 1108 79 40 18.
1766 1108 102 40 Prov.
1833 1108 68 40 9.
1856 1108 45 40 3.

1097 1144 128 34 Vocatur
1190 1144 105 34 etiam
1260 1144 128 34 vocatio
1353 1144 175 34 materialis,
1493 1144 116 34 signi,
1575 1144 70 34 ad
1609 1144 105 34 viam,
1679 1144 175 34 praecedens,
1807 1144 105 34 vocatio

1091 1172 117 46 oblatae
1176 1172 127 46 gratiae,
1261 1172 106 46 communis

1125 1202 95 44 Ejus
1185 1202 107 44 causa
1256 1202 83 44 est
1303 1202 95 44 amor
1363 1202 83 44 Dei
1410 1202 71 44 in
1446 1202 107 44 genus
1518 1202 143 44 humanum,
1625 1202 71 44 2.
1660 1202 119 44 Chron.
1743 1202 83 44 36.
1791 1202 95 44 ver.
1839 1202 59 44 15.

1102 1246 134 34 Quumque
1199 1246 146 34 mitteret
1309 1246 122 34 Iehova
1394 1246 97 34 Deus
1455 1246 134 34 maiorum
1553 1246 134 34 ipsorum
1650 1246 73 34 ad
1687 1246 110 34 ipsos
1760 1246 85 34 per
1796 1246 110 34 nuncios

1097 1278 101 44 suos,
1164 1278 89 44 inde
1220 1278 56 44 a
1242 1278 134 44 diluculo
1343 1278 179 44 continenter:
1488 1278 67 44 to
1521 1278 89 44 quod
1577 1278 145 44 clementer
1689 1278 190 44 amplecteretur
1834 1278 78 44 popu¬-

1089 1314 89 32 lum
1140 1314 101 32 suum
1203 1314 63 32 &
1229 1314 190 32 habitaculum
1381 1314 114 32 suum:
1457 1314 203 32 subsannabant
1622 1314 140 32 nuncios
1711 1314 76 32 Dei.

1119 1343 71 40 Ea
1155 1343 154 40 generalis
1274 1343 95 40 est,
1333 1343 143 40 bonisque
1440 1343 143 40 malisque
1547 1343 154 40 communis,
1665 1343 119 40 Matth.
1749 1343 83 40 22.
1796 1343 71 40 9,
1832 1343 83 40 10.
1867 1343 36 40 l

1101 1380 94 34 ergo
1160 1380 71 34 ad
1196 1380 130 34 compita
1290 1380 130 34 viarum,
1384 1380 59 34 &
1408 1380 165 34 quotcunque
1537 1380 189 34 inveneritis,
1691 1380 118 34 vocate
1773 1380 71 34 ad
1797 1380 106 34 nuptias

1095 1410 67 46 Et
1128 1410 123 46 egressi
1218 1410 100 46 servi
1284 1410 89 46 illi
1340 1410 67 46 in
1374 1410 100 46 vias,
1441 1410 178 46 congregarunt
1586 1410 100 46 omnes
1652 1410 89 46 quos
1708 1410 167 46 invenerunt,
1831 1410 78 46 malor

1107 1443 105 37 pariter
1184 1443 58 37 ac
1203 1443 77 37 bonos.

1131 1478 87 38 Sed
1180 1478 87 38 non
1230 1478 198 38 universalis:
1391 1478 87 38 nam
1440 1478 149 38 externae
1552 1478 223 38 praedicationis
1737 1478 173 38 beneficium
1861 1478 62 38 non

1099 1509 86 43 est
1148 1509 185 43 universale,
1296 1509 86 43 non
1345 1509 99 43 enim
1407 1509 148 43 contigit
1518 1509 148 43 Gentibus
1629 1509 99 43 ante
1690 1509 148 43 Christum
1801 1509 74 43 in
1826 1509 86 43 carne

1102 1548 197 39 manifestatum,
1265 1548 69 39 ut
1299 1548 127 39 dicitur
1392 1548 116 39 Psalm.
1473 1548 93 39 147.
1531 1548 69 39 v.
1566 1548 81 39 19.
1612 1548 127 39 Indicat
1705 1548 104 39 verba
1774 1548 81 39 sua
1809 1548 104 39 lacobo,

1106 1577 119 41 statuta
1193 1577 76 41 sua
1236 1577 54 41 &
1258 1577 86 41 iura
1312 1577 76 41 sua
1355 1577 119 41 Israeli
1441 1577 108 41 Ephes.
1517 1577 65 41 3.
1549 1577 86 41 vers
1603 1577 65 41 5.
1636 1577 86 41 Quod
1690 1577 97 41 aliis
1755 1577 141 41 aetatibus
1852 1577 54 41 non

1100 1614 159 36 patefactum
1225 1614 91 36 fuit
1281 1614 114 36 filiis
1361 1614 136 36 hominum,
1463 1614 68 36 ut
1497 1614 91 36 nunc
1554 1614 136 36 retectum
1656 1614 80 36 est
1702 1614 125 36 sanctis
1792 1614 91 36 eius
1838 1614 68 36 Apo¬-

1106 1644 100 39 stolu
1173 1644 56 39 &
1195 1644 145 39 Prophetis
1307 1644 78 39 per
1351 1644 145 39 Spiritum.
1463 1644 123 39 Coloss.
1552 1644 67 39 1.
1585 1644 145 39 versicul.
1697 1644 78 39 26.
1742 1644 145 39 Mysterium
1842 1644 78 39 illud

1108 1678 97 40 quod
1169 1678 182 40 absconditum
1314 1678 97 40 fuit
1375 1678 61 40 a
1400 1678 134 40 seculis
1497 1678 61 40 &
1521 1678 158 40 etatibus,
1643 1678 97 40 nunc
1703 1678 109 40 autem
1764 1678 146 40 patefactum

1110 1710 80 42 est
1155 1710 126 42 sanctis
1247 1710 103 42 eius.
1315 1710 80 42 Quo
1361 1710 137 42 pertinet
1463 1710 91 42 quod
1521 1710 126 42 dicitur
1612 1710 126 42 Actorum
1703 1710 80 42 14.
1749 1710 183 42 versicul.16,
1886 1710 34 42 &

1105 1746 73 40 cap.
1151 1746 64 40 17.
1178 1746 46 40 36.

1137 1773 109 43 Estque
1213 1773 120 43 duplex:
1301 1773 120 43 efficax
1388 1773 76 43 vel
1432 1773 153 43 inefficax,
1552 1773 109 43 Matth.
1628 1773 76 43 22.
1672 1773 65 43 v.
1705 1773 65 43 2.
1737 1773 55 43 &
1748 1773 153 43 sequentibus.

1129 1810 140 47 Efficax,
1234 1810 82 47 est
1281 1810 163 47 electorum,
1409 1810 82 47 qui
1455 1810 70 47 ex
1490 1810 151 47 proposita
1607 1810 82 47 Dei
1653 1810 116 47 vocati
1735 1810 93 47 sunt
1793 1810 58 47 &
1816 1810 70 47 in
1840 1810 58 47 quo

1092 1847 82 43 rum
1139 1847 141 43 cordibus
1245 1847 118 43 verbum
1328 1847 176 43 praedicatum
1469 1847 141 43 insidet,
1575 1847 82 43 cum
1622 1847 153 43 interiori
1739 1847 129 43 gratiae
1822 1847 82 43 effi¬-

1095 1881 117 34 cacia,
1177 1881 105 34 verbo
1247 1881 94 34 fide
1306 1881 187 34 contemperato
1458 1881 94 34 apud
1517 1881 105 34 illos
1587 1881 117 34 Psalm.
1669 1881 82 34 65.
1716 1881 105 34 vers.
1786 1881 70 34 5.
1809 1881 94 34 Beatus

1099 1910 96 39 quem
1159 1910 133 39 eligis,
1256 1910 60 39 &
1280 1910 133 39 admoves
1376 1910 205 39 inhabitaturum
1545 1910 108 39 atria
1617 1910 96 39 tua:
1677 1910 157 39 saturamur
1798 1910 96 39 bono
1846 1910 60 39 do¬-

1100 1944 78 47 mus
1144 1944 100 47 tuae,
1211 1944 100 47 rebus
1278 1944 123 47 sanctis
1368 1944 112 47 templi
1446 1944 89 47 tui.
1501 1944 112 47 Roman.
1580 1944 67 47 8.
1613 1944 78 47 28.
1658 1944 123 47 Novimus
1747 1944 78 47 iis
1791 1944 78 47 qui
1825 1944 78 47 dili¬-

1096 1981 91 45 gunt
1152 1981 102 45 Deum,
1221 1981 102 45 omnia
1289 1981 102 45 simul
1357 1981 136 45 conferre
1459 1981 68 45 ad
1493 1981 114 45 bonum,
1573 1981 80 45 iis
1618 1981 148 45 videlicet
1732 1981 80 45 qui
1778 1981 68 45 ex
1800 1981 114 45 proposi¬-

1094 2005 62 44 to
1125 2005 103 44 ipsius
1196 2005 103 44 vocati
1268 2005 92 44 sunt.

1118 2028 142 55 Vocatio
1221 2028 180 55 inefficax,
1363 2028 90 55 est
1414 2028 193 55 reproborum,
1569 2028 77 55 in
1607 2028 129 55 quorum
1697 2028 154 55 cordibus
1800 2028 116 55 Verbum;

1096 2073 84 44 Dei
1144 2073 84 44 vel
1192 2073 84 44 non
1241 2073 133 44 invenit
1337 2073 121 44 locum,
1422 2073 84 44 vel
1470 2073 157 44 evanescit
1590 2073 72 44 eo
1627 2073 96 44 quod
1687 2073 96 44 fide
1735 2073 181 44 contemperatum

1086 2116 81 42 non
1133 2116 92 42 sit:
1190 2116 81 42 ita
1236 2116 69 42 ut
1271 2116 104 42 illud
1340 2116 81 42 sit
1386 2116 104 42 ipsis
1455 2116 69 42 in
1490 2116 115 42 mortis
1570 2116 127 42 odorem,
1663 2116 58 42 &
1686 2116 150 42 gravioris
1789 2116 127 42 condemna¬-

1101 2145 107 37 ionis
1173 2145 143 37 materia,
1280 2145 84 37 dum
1328 2145 119 37 evicti
1412 2145 72 37 de
1447 2145 119 37 oblata
1531 2145 60 37 a
1555 2145 84 37 Deo
1603 2145 119 37 gratia
1686 2145 107 37 fiunt
1758 2145 72 37 in
1782 2145 131 37 perpetuum

1084 2180 199 35 inexcusabiles,
1250 2180 110 35 Matth.
1327 2180 77 35 22.
1371 2180 88 35 vers
1426 2180 66 35 3.
1459 2180 55 35 &
1481 2180 177 35 sequentibus,
1625 2180 55 35 &
1647 2180 88 35 cap.
1702 2180 77 35 23.
1746 2180 66 35 v.
1780 2180 77 35 37.
1813 2180 99 35 Ierusa¬-

1099 2213 92 31 lem.
1157 2213 161 31 Ierusalem,
1284 2213 173 31 trucidatrix
1422 2213 184 31 prophetarum,
1572 2213 58 31 &
1595 2213 161 31 lapidatrix
1721 2213 104 31 eorum
1790 2213 81 31 qui
1836 2213 69 31 ad
1859 2213 58 31 te¬-

1083 2244 105 37 missi
1154 2244 105 37 sunt,
1224 2244 129 37 quoties
1317 2244 105 37 uolui
1388 2244 164 37 congregare
1516 2244 129 37 liberos
1610 2244 105 37 tuos,
1680 2244 176 37 quemadmodum
1809 2244 105 37 gallina

1084 2282 148 39 congregat
1198 2282 114 39 pullos
1278 2282 91 39 suos
1335 2282 80 39 sub
1380 2282 103 39 alas,
1449 2282 57 39 &
1472 2282 160 39 noluistis:
1597 2282 103 39 Hebr.
1666 2282 69 39 4.
1700 2282 69 39 v.
1734 2282 69 39 2.
1769 2282 114 39 Etenim
1837 2282 80 39 nobis

1096 2315 190 39 ivangelizatam
1252 2315 89 39 est,
1308 2315 101 39 sicut
1375 2315 56 39 &
1398 2315 112 39 illis:
1476 2315 67 39 at
1510 2315 78 39 non
1554 2315 123 39 profuit
1644 2315 101 39 illis
1711 2315 123 39 auditus
1800 2315 112 39 Sermo,
1867 2315 45 39 ut

1097 2346 79 41 qui
1142 2346 90 41 fide
1198 2346 191 41 contemperatus
1355 2346 79 41 non
1400 2346 112 41 fuerit
1479 2346 90 41 apud
1535 2346 101 41 illos
1603 2346 79 41 qui
1636 2346 124 41 audierant

1120 2378 123 45 Dicitur
1210 2378 146 45 inefficax
1322 2378 135 45 vocatio,
1423 2378 79 45 non
1468 2378 79 45 per
1512 2378 79 45 se,
1557 2378 79 45 sed
1602 2378 79 45 per
1647 2378 146 45 accidens:
1759 2378 79 45 non
1793 2378 112 45 respectu

1084 2402 88 49 Dei
1135 2402 164 49 vocantis,
1261 2402 88 49 sed
1311 2402 151 49 respectu
1425 2402 139 49 hominum
1526 2402 126 49 surdas
1614 2402 126 49 cordis
1702 2402 113 49 aures
1765 2402 139 49 habentium

1089 2445 130 47 Vocatio
1183 2445 118 47 semper
1266 2445 71 47 in
1301 2445 71 47 se
1337 2445 130 47 efficax
1431 2445 94 47 est,
1490 2445 130 47 quamvis
1584 2445 82 47 non
1631 2445 82 47 sit
1678 2445 71 47 in
1714 2445 82 47 iis
1761 2445 82 47 qui
1796 2445 106 47 percunt

1092 2480 186 41 quemadmodum
1241 2480 87 41 Sol
1290 2480 87 41 est
1340 2480 99 41 luce
1402 2480 87 41 sua
1452 2480 75 41 in
1489 2480 75 41 se
1527 2480 149 41 efficax,
1639 2480 137 41 quamvis
1738 2480 124 41 caecos
1813 2480 99 41 minime

1092 2511 169 42 llustret.
1222 2511 143 42 Tametsi
1326 2511 143 42 vocatio
1430 2511 104 42 apud
1495 2511 130 42 impios
1586 2511 91 42 non
1638 2511 91 42 est
1690 2511 143 42 efficax
1781 2511 130 42 secundum

1091 2546 155 44 proprium
1207 2546 65 44 &
1233 2546 168 44 naturalem
1362 2546 155 44 effectum
1478 2546 116 44 suum,
1556 2546 90 44 est
1607 2546 116 44 tamen
1685 2546 142 44 efficax
1775 2546 129 44 acciden¬-

1076 2579 114 48 tario
1152 2579 114 48 modo,
1229 2579 190 48 quemadmodum
1381 2579 114 48 dicit
1457 2579 165 48 Apostolus
1584 2579 76 48 2.
1622 2579 152 48 Corinth.
1736 2579 76 48 2.
1762 2579 63 48 15.

1204 2629 147 59 Tantum
1307 2629 88 59 de
1351 2629 162 59 externa
1469 2629 206 59 vocatione:
1630 2629 176 59 sequitur

1410 2684 81 47 de
1436 2684 135 47 interna.

1122 2733 129 52 Interna
1216 2733 141 52 vocatio,
1322 2733 82 52 est
1369 2733 94 52 quae
1428 2733 106 52 intus
1498 2733 71 52 in
1534 2733 106 52 corde
1604 2733 82 52 sit
1651 2733 82 52 per
1698 2733 141 52 Spiritum
1792 2733 118 52 Sanctum,

1095 2774 89 35 per
1146 2774 101 35 quem
1209 2774 114 35 Pater
1286 2774 152 35 singulos
1400 2774 76 35 ad
1438 2774 114 35 vitam
1514 2774 152 35 aeternam
1628 2774 140 35 electos
1729 2774 152 35 secundum
1831 2774 76 35 pro¬-

1093 2808 129 43 positum
1187 2808 106 43 Filio
1258 2808 118 43 donat,
1340 2808 71 43 ut
1375 2808 82 43 eos
1422 2808 82 43 per
1469 2808 106 43 fidem
1540 2808 71 43 in
1575 2808 141 43 Christum
1681 2808 71 43 ad
1716 2808 129 43 salutem
1798 2808 106 43 aeterna

1090 2847 151 39 perducat.
1206 2847 93 39 Joh.
1264 2847 69 39 6.
1299 2847 69 39 v.
1334 2847 81 39 37.
1380 2847 139 39 Quicquid
1484 2847 81 39 dat
1530 2847 93 39 mihi
1588 2847 116 39 Pater,
1669 2847 69 39 ad
1704 2847 69 39 me
1739 2847 127 39 veniet:
1832 2847 58 39 &
1843 2847 58 39 eum

1084 2877 80 42 qui
1129 2877 103 42 venit
1198 2877 69 42 ad
1233 2877 80 42 me,
1279 2877 149 42 nequaquam
1393 2877 138 42 eiecerim
1497 2877 115 42 foras.
1577 2877 69 42 Et
1611 2877 69 42 v.
1646 2877 80 42 44.
1692 2877 92 42 Nemo
1749 2877 115 42 potest
1818 2877 80 42 veni¬-

1088 2907 66 42 re
1121 2907 66 42 ad
1154 2907 77 42 me,
1198 2907 88 42 nisi
1252 2907 110 42 Pater,
1329 2907 77 42 qui
1373 2907 99 42 misit
1439 2907 77 42 me,
1483 2907 132 42 tracerit
1581 2907 88 42 eum.
1636 2907 66 42 Et
1669 2907 66 42 c.
1702 2907 77 42 17.
1746 2907 66 42 v.
1778 2907 77 42 11.
1822 2907 77 42 Non
1855 2907 55 42 sum

1077 2949 124 33 amplius
1167 2949 67 33 in
1200 2949 112 33 mundo,
1279 2949 79 33 sed
1324 2949 90 33 isti
1380 2949 90 33 sunt
1436 2949 67 33 in
1470 2949 124 33 meindo,
1560 2949 56 33 &
1582 2949 79 33 ego
1627 2949 67 33 ad
1661 2949 67 33 te
1695 2949 112 33 venio.
1773 2949 101 33 Pater
1830 2949 67 33 san¬-

1076 2972 94 43 cte,
1135 2972 105 43 serva
1205 2972 82 43 eos
1252 2972 82 43 per
1299 2972 105 43 nomen
1369 2972 105 43 tuum,
1439 2972 94 43 quos
1498 2972 129 43 dedisti
1592 2972 105 43 mihi,
1662 2972 70 43 ut
1697 2972 94 43 sint
1756 2972 94 43 unum
1814 2972 105 43 prout
1873 2972 35 43 &

1081 3014 84 35 nos
1129 3014 96 35 Tim.
1189 3014 72 35 1.
1225 3014 72 35 v.
1261 3014 72 35 9.
1297 3014 84 35 Qui
1345 3014 144 35 servavit
1453 3014 96 35 nos,
1514 3014 60 35 &
1538 3014 132 35 vocavit
1634 3014 156 35 vocatione
1754 3014 132 35 sancta:
1838 3014 60 35 non

1084 3044 66 46 ex
1117 3044 132 46 operibus
1216 3044 132 46 nostris,
1316 3044 77 46 sed
1360 3044 66 46 ex
1393 3044 77 46 suo
1437 3044 155 46 proposito,
1559 3044 55 46 &
1581 3044 121 46 gratia,
1669 3044 88 46 quae
1724 3044 88 46 data
1780 3044 110 46 quidem
1846 3044 55 46 est

1079 3082 103 32 nobis
1147 3082 68 32 in
1181 3082 125 32 Christo
1272 3082 91 32 Iesu
1329 3082 91 32 ante
1386 3082 125 32 tempora
1466 3082 137 32 saculorum.

1120 3099 126 51 Dicitur
1211 3099 57 51 &
1234 3099 126 51 vocatio
1326 3099 149 51 formalis,
1441 3099 184 51 beneplaciti,
1590 3099 69 51 ad
1625 3099 218 51 comprehensionem
1797 3099 103 51 gratiae

1124 3141 105 42 gloriae
1201 3141 124 42 perfectae
1297 3141 57 42 in
1325 3141 105 42 caelis,
1402 3141 143 42 subsequens,
1517 3141 105 42 vocatio
1593 3141 105 42 inditae
1670 3141 115 42 gratiae,
1746 3141 115 42 singularis

1119 3175 89 43 Haec
1174 3175 122 43 vocatio
1263 3175 78 43 est
1307 3175 144 43 gratuita,
1418 3175 89 43 quia
1473 3175 78 43 est
1518 3175 100 43 doni,
1584 3175 78 43 non
1628 3175 122 43 meriti:
1717 3175 133 43 gratiae,
1816 3175 78 43 non
1850 3175 55 43 na¬-

1074 3208 116 49 turae.
1156 3208 82 49 Est
1202 3208 128 49 libera:
1296 3208 93 49 quia
1354 3208 93 49 Deus
1412 3208 93 49 quos
1470 3208 105 49 vult,
1540 3208 140 49 gratiose
1645 3208 116 49 vocat;
1726 3208 93 49 quos
1785 3208 82 49 non
1820 3208 82 49 vult,
