2063 3395
186 196 97 57 ctor
246 196 97 57 Quem
307 196 109 57 locum
380 196 121 57 Paulus
465 196 170 57 allegavit,
598 196 73 57 de
634 196 170 57 impletione
768 196 206 57 fidejussionis
925 196 61 57 hu¬-

198 241 69 46 us
233 241 127 46 loquens
326 241 93 46 Heb.
384 241 81 46 10.
430 241 69 46 9,
464 241 69 46 10
499 241 81 46 Huc
545 241 139 46 pertinet
650 241 93 46 quod
707 241 127 46 dicitur
800 241 93 46 Heb.
858 241 81 46 13.
904 241 69 46 8.
927 241 58 46 Ie¬-

181 280 79 40 sus
226 280 79 40 est
271 280 135 40 Christus
372 280 101 40 heri,
440 280 56 40 &
462 280 101 40 hodie
530 280 90 40 idem
586 280 56 40 &
609 280 68 40 in
643 280 124 40 secula.
733 280 101 40 Apoc.
800 280 79 40 13.
845 280 68 40 8.
879 280 101 40 Agnus
935 280 68 40 ille

187 302 145 52 mactatus
295 302 84 52 est
344 302 96 52 inde
404 302 60 52 a
428 302 121 52 iactis
513 302 109 52 mundi
585 302 193 52 fundamentis.
742 302 96 52 Unde
802 302 169 52 manifestum
923 302 60 52 est

189 334 143 62 Christum
296 334 155 62 sponsorem
415 334 131 62 fuisse,
511 334 83 62 non
558 334 119 62 tantum
642 334 83 62 pro
689 334 119 62 nobis,
773 334 83 62 sed
820 334 107 62 etiam
892 334 83 62 pro
927 334 60 62 fi¬-

184 369 129 42 delibus
278 369 82 42 qui
325 369 94 42 inde
384 369 71 42 ab
419 369 118 42 initio
502 369 106 42 mundi
572 369 129 42 fuerunt

227 399 119 64 Quarto
310 399 167 64 conveniunt
441 399 71 64 in
477 399 143 64 materia:
584 399 83 64 nam
632 399 155 64 utriusque
751 399 107 64 eadem
822 399 83 64 est
870 399 83 64 res
906 399 71 64 pro¬-

192 430 107 45 missa.
267 430 85 45 Rom.
320 430 64 45 1.
352 430 64 45 1,
373 430 43 45 2.

229 465 114 52 Quinto
309 465 160 52 conveniunt
435 465 69 52 in
469 465 103 52 forma
538 465 172 52 essentiali:
675 465 92 52 quia
732 465 69 52 in
767 465 126 52 utroque
858 465 114 52 federe
927 465 57 52 est

196 499 106 52 mutua
267 499 153 52 obligatio
384 499 82 52 DEI
431 499 59 52 &
455 499 165 52 electorum:
584 499 118 52 illius
667 499 118 52 quidem
749 499 106 52 plane
819 499 153 52 gratuita;
925 499 59 52 hoc

186 528 88 49 rum
236 528 100 49 vero
286 528 113 49 debita.

222 571 104 38 Sexto
292 571 162 38 conveniunt
419 571 70 38 in
454 571 104 38 fine:
524 571 93 38 quia
582 571 104 38 sicut
651 571 116 38 novum,
732 571 81 38 ita
778 571 104 38 etiam
848 571 104 38 vetus
906 571 81 38 fedus

198 597 155 53 spectavit
317 597 84 53 tum
365 597 72 53 ad
401 597 167 53 excitandum
532 597 167 53 desiderium
664 597 119 53 beatae
747 597 227 53 immortalitatis,
926 597 60 53 tum

194 628 84 46 ad
236 628 223 46 confirmandam
417 628 112 46 spem
473 628 112 46 eandem

233 660 121 55 Septimo
321 660 154 55 conveniunt
442 660 66 55 in
475 660 132 55 effecti:
574 660 88 55 quia
630 660 132 55 utrunque
729 660 99 55 fedus
795 660 132 55 fidelib.
883 660 99 55 utrinoc

189 693 220 46 justificationem
375 693 58 46 &
398 693 208 46 regenerationem
571 693 139 46 attulit,
676 693 93 46 Joh.
734 693 69 46 8.
757 693 46 46 5.

232 732 122 53 Octavo
317 732 171 53 conveniunt
452 732 73 53 in
489 732 147 53 subjecto
599 732 73 53 &:
636 732 86 53 nam
685 732 147 53 utrumque
795 732 110 53 fedus
869 732 98 53 DEUS
918 732 73 53 per¬-

190 760 110 43 cussit
267 760 77 43 cum
311 760 99 43 solis
367 760 99 43 electis

239 786 96 49 Nono
299 786 168 49 conveniunt
431 786 72 49 in
468 786 144 49 adiuncta
576 786 193 49 obsignatione
732 786 144 49 interna:
841 786 84 49 nam
877 786 108 49 utrumo,

203 819 115 63 fedus
280 819 115 63 eodem
357 819 141 63 Spiritu
459 819 128 63 Sancto
549 819 166 63 fidelibus
677 819 166 63 veteribus
805 819 64 63 &
830 819 115 63 novis
894 819 128 63 obsigna¬-

196 859 82 40 tum
232 859 71 40 est,

237 893 94 44 Unde
296 893 94 44 haec
355 893 177 44 consectaria
496 893 130 44 manant:
591 893 130 44 Fideles
685 893 71 44 in
720 893 118 44 veteri
803 893 118 44 federe
873 893 130 44 nobiscum.

204 929 110 41 eadem
277 929 196 41 misericordia
437 929 86 41 DEI
486 929 147 41 gratuita
584 929 123 41 servatos

244 949 72 64 Et
280 949 108 64 ipsos
352 949 145 64 habuisse
461 949 60 64 &
485 949 169 64 cognovisse
617 949 84 64 tum
666 949 96 64 DEUM
726 949 72 64 ut
762 949 120 64 Patrem
846 949 145 64 Christi,
943 949 60 64 tum

199 983 204 48 Mediatorem
345 983 161 48 Christum.

245 1023 67 41 Et
278 1023 101 41 ipsos
346 1023 135 41 habuisse
447 1023 169 41 spiritualem
582 1023 101 41 vitae
649 1023 135 41 aeternae
739 1023 169 41 promissionem.

237 1061 131 41 Promde
329 1061 92 41 cum
381 1061 131 41 errore
473 1061 171 41 affirmare
605 1061 184 41 blasphemum
749 1061 171 41 Servetum,
881 1061 66 41 &
907 1061 92 41 cum
946 1061 53 41 eo

205 1093 175 42 Bellarminum
345 1093 93 42 tom.
404 1093 58 42 1
427 1093 93 42 lib.
485 1093 70 42 2.
520 1093 70 42 de
555 1093 117 42 Romano
637 1093 163 42 Pontifice,
765 1093 70 42 c.
800 1093 82 42 29.
846 1093 70 42 in
870 1093 128 42 solutione

205 1129 158 41 argumenti
327 1129 134 41 quarti;
424 1129 73 41 In
461 1129 122 41 veteri
546 1129 171 41 testamento
680 1129 195 41 promissiones
839 1129 122 41 tantum
912 1129 73 41 tem¬-

204 1162 119 41 porales
291 1162 119 41 fuisse,
378 1162 65 41 in
410 1162 87 41 novo
465 1162 163 41 spirituales
595 1162 54 41 &
606 1162 119 41 aeternas.

243 1181 119 50 Fideles
330 1181 151 50 Israelitas
449 1181 97 50 nobis
513 1181 162 50 Christianis
643 1181 108 50 gratia
719 1181 119 50 federis
805 1181 97 50 pares
859 1181 76 50 esse:

246 1223 87 42 Non
295 1223 112 42 minus
370 1223 162 42 fidelibus
494 1223 174 42 Israelitis
631 1223 75 42 ac
668 1223 112 42 nobis
743 1223 124 42 Verbum
830 1223 87 42 DEI
880 1223 112 42 semen
942 1223 62 42 in¬-

202 1256 184 42 corruptibile
351 1256 127 42 fuisse,
443 1256 92 42 quod
501 1256 69 42 in
535 1256 138 42 aeternum
627 1256 92 42 manet.

246 1290 122 34 Eandem
331 1290 110 34 veram
404 1290 122 34 carnem
489 1290 146 34 Christi,
599 1290 122 34 Patres
684 1290 171 34 comedisse,
818 1290 97 34 quam
879 1290 97 34 nos:
928 1290 73 34 ets¬-

207 1325 93 32 enim
266 1325 117 32 reipsa
347 1325 117 32 nondum
429 1325 163 32 exsistebat
557 1325 70 32 in
592 1325 128 32 natura,
686 1325 140 32 exstitit
791 1325 105 32 tamen
861 1325 70 32 in
896 1325 82 32 DEI
931 1325 70 32 pro¬-

206 1354 140 44 missione
311 1354 117 44 certa,
393 1354 58 44 &
416 1354 128 44 proinde
510 1354 82 44 per
556 1354 105 44 fidem
626 1354 163 44 apprehensa
755 1354 58 44 &
778 1354 128 44 comesta
871 1354 105 44 fuit.

249 1389 107 35 Eodem
320 1389 130 35 Spiritu
415 1389 119 35 Sancto
498 1389 154 35 utriusque
617 1389 154 35 consortes
724 1389 142 35 obiignatos

246 1423 190 43 Israelitarum
401 1423 59 43 &
424 1423 119 43 nostra
508 1423 166 43 Sacramenta
638 1423 95 43 esse
698 1423 107 43 patia
769 1423 226 43 significatione,
948 1423 59 43 hoc

215 1452 88 38 est,
270 1452 111 38 easdem
348 1452 133 38 aeternae
447 1452 55 38 &
469 1452 144 38 caelestis
580 1452 100 38 vitae
646 1452 177 38 promissiones
790 1452 155 38 Israelitis
900 1452 100 38 ipsorum

205 1475 172 47 sacramenta
340 1475 197 47 significasse
500 1475 61 47 &
524 1475 184 47 obsignasse,
671 1475 98 47 quas
733 1475 111 47 nobis
807 1475 123 47 nostra
893 1475 172 47 Sacramenta

212 1520 165 41 significant
344 1520 55 41 &
366 1520 154 41 obsignant,
487 1520 66 41 1.
520 1520 88 41 Cor.
575 1520 77 41 10.
618 1520 66 41 3.
651 1520 66 41 4.
684 1520 66 41 Et
717 1520 99 41 omnes
783 1520 110 41 eandem
860 1520 99 41 escam
915 1520 88 41 spiri¬-

218 1555 112 40 tualem
296 1555 124 40 edisse:
386 1555 67 40 Et
420 1555 101 40 omnes
487 1555 112 40 eundem
566 1555 101 40 potum
633 1555 168 40 spiritualem
768 1555 135 40 bibisse.
869 1555 135 40 Bibebant
959 1555 45 40 es

218 1587 75 42 nim
261 1587 64 42 ex
293 1587 128 42 sequente
389 1587 150 42 spirituali
507 1587 107 42 petra:
582 1587 96 42 Petra
646 1587 86 42 vero
699 1587 86 42 illa
753 1587 86 42 erat
795 1587 118 42 Christus.

250 1611 92 44 Unam
308 1611 92 44 esse
366 1611 150 44 utriusque
481 1611 115 44 populi
561 1611 127 44 veteris
653 1611 58 44 &
676 1611 104 44 novi,
745 1611 150 44 electorum
860 1611 161 44 Ecclesiam,
975 1611 35 44 &

209 1650 132 46 eandem
301 1650 198 46 communionem
459 1650 171 46 sanctorum
591 1650 79 46 ab
631 1650 132 46 initio
723 1650 119 46 mundi
802 1650 119 46 usque
881 1650 79 46 ad
908 1650 105 46 finem:

252 1686 108 39 Unam
319 1686 108 39 esse
373 1686 94 39 fidem

246 1709 100 51 Unam
309 1709 138 51 denique
410 1709 100 51 esse
472 1709 151 51 salutem,
585 1709 63 51 &
610 1709 151 51 rationem
723 1709 88 51 eam
774 1709 201 51 adipiscendi,
924 1709 88 51 nempe

217 1751 79 43 per
262 1751 102 43 fidem
330 1751 68 43 in
364 1751 148 43 Christum.
478 1751 79 43 Act
523 1751 79 43 15.
557 1751 57 43 11.

280 1786 155 58 Hactenus
397 1786 78 58 de
435 1786 142 58 unitate
539 1786 142 58 Veteris
642 1786 65 58 &
668 1786 104 58 novi
733 1786 142 58 federis
824 1786 129 58 gratiae,

245 1830 176 46 Differentiae
388 1830 88 46 vero
444 1830 99 46 inter
510 1830 132 46 utrumque
609 1830 99 46 fedus
675 1830 77 46 hae
719 1830 99 46 sunt:
785 1830 110 46 Prima,
863 1830 99 46 vetus
929 1830 66 46 ad
951 1830 55 46 unt

206 1869 128 45 tantum
296 1869 141 45 populum
399 1869 167 45 pertinuit
527 1869 115 45 novum
604 1869 77 45 ad
642 1869 115 45 omnes
719 1869 141 45 populos
822 1869 154 45 spectat.

248 1897 159 47 Secunda:
367 1897 132 47 Vetus.
459 1897 159 47 Christum
578 1897 185 47 exhibendum
724 1897 132 47 variis
816 1897 185 47 ceremoniis
948 1897 53 47 ad

219 1940 167 41 umbrabat,
348 1940 116 41 novum
425 1940 154 41 Christum
540 1940 90 41 jam
591 1940 103 41 vere
656 1940 167 41 exhibitum
784 1940 116 41 clare
861 1940 180 41 praedicat.

226 1973 80 40 Heb
271 1973 69 40 7.
306 1973 69 40 v.
328 1973 46 40 11

249 2005 130 38 Tertia:
344 2005 71 38 in
379 2005 118 38 veteri
461 2005 118 38 federe
544 2005 130 38 Dominus
638 2005 142 38 calestem
745 2005 189 38 haereditatem
898 2005 83 38 sub
933 2005 71 38 ter¬-

215 2032 120 42 renis
295 2032 186 42 beneficiis
441 2032 226 42 contemplandam
627 2032 67 42 &
654 2032 186 42 quodammodo
800 2032 200 42 degustandam
946 2032 67 42 ex¬-

216 2068 134 40 hibuit:
313 2068 85 40 sub
362 2068 98 40 novo
423 2068 110 40 recta
496 2068 73 40 ad
533 2068 110 40 vitae
606 2068 146 40 aeternae
716 2068 195 40 meditationem
875 2068 122 40 mentes
948 2068 61 40 no¬-

221 2096 94 43 stras
283 2096 125 43 dirigit,
377 2096 146 43 istiusmodi
491 2096 125 43 terrenis
585 2096 146 43 subsidiis,
699 2096 104 43 qualia
772 2096 83 43 apud
824 2096 146 43 Israelitas
928 2096 73 43 aduis

217 2137 116 41 bebat,
287 2137 104 41 omissis

261 2157 131 55 Quarta:
356 2157 107 55 Vetus
428 2157 95 55 fuit
487 2157 166 55 obscurius,
618 2157 107 55 Hebr.
689 2157 71 55 9.
725 2157 71 55 8.
760 2157 107 55 novum
832 2157 107 55 autem
903 2157 83 55 est
939 2157 71 55 cla¬-

215 2201 85 47 xius.
271 2201 76 47 Joh.
319 2201 57 47 1.
347 2201 57 47 v.
366 2201 57 47 ult.

254 2229 156 49 Quintos:
371 2229 117 49 Vetus
449 2229 156 49 sanguine
567 2229 143 49 pecudum
671 2229 104 49 fuit
736 2229 169 49 sancitum:
867 2229 117 49 novum
932 2229 78 49 nove

219 2263 98 46 modo
280 2263 86 46 est
329 2263 159 46 sancitum,
452 2263 110 46 nempe
525 2263 147 46 sanguine
623 2263 123 46 Christi.

250 2291 130 43 Sexta:
341 2291 117 43 Vetus
419 2291 169 43 ordinarie
549 2291 221 43 Circumcisione
730 2291 65 43 &
756 2291 104 43 Agno
821 2291 156 43 Paschali
925 2291 78 43 obsi

226 2325 157 40 gnabatur,
346 2325 108 40 novum
419 2325 108 40 novis
491 2325 60 40 &
515 2325 193 40 facilioribus
672 2325 181 40 sacramentis
816 2325 181 40 obsignatur,
949 2325 72 40 nepe

223 2363 169 46 Baptismo
350 2363 70 46 &
378 2363 127 46 Coena
448 2363 127 46 Domini.

255 2378 92 56 Unde
313 2378 185 56 consequitur,
463 2378 127 56 fideles
555 2378 92 56 post
613 2378 127 56 Christi
705 2378 138 56 adventum
809 2378 127 56 meliore
902 2378 92 56 esse
948 2378 69 56 con¬-

223 2423 127 52 ditione
316 2423 93 52 quod
374 2423 69 52 ad
409 2423 127 52 federis
501 2423 243 52 administrationem,
709 2423 93 52 quam
767 2423 127 52 fideles
860 2423 93 52 ante
906 2423 104 52 Christ¬-

226 2469 129 39 adventum
323 2469 129 39 fuerunt,
420 2469 108 39 Matth.
495 2469 75 39 13.
538 2469 75 39 16,
581 2469 75 39 17.
624 2469 65 39 1.
656 2469 86 39 Pet.
710 2469 65 39 1.
742 2469 65 39 10
775 2469 54 39 &
785 2469 65 39 seqo

265 2481 150 56 Caeterum
377 2481 112 56 fedus
452 2481 137 56 omnibus
551 2481 187 56 credentibus
701 2481 162 56 generale,
826 2481 75 56 in
863 2481 150 56 baptismo
963 2481 62 56 cum

226 2527 134 58 quolibet
327 2527 134 58 sidelium
427 2527 146 58 speciatim
528 2527 112 58 feritur.

265 2557 109 47 Estque
341 2557 109 47 semper
418 2557 109 47 ratum,
494 2557 98 47 etiam
560 2557 120 47 lapsis,
647 2557 87 47 quum
701 2557 98 47 resij
756 2557 98 47 iscunt.

262 2590 80 48 Nec
307 2590 103 48 aliud
376 2590 103 48 fedus
444 2590 114 48 initur
524 2590 91 48 post
581 2590 126 48 lapsus;
673 2590 80 48 sed
719 2590 103 48 antea
787 2590 114 48 initum
867 2590 183 48 instauratur,

218 2627 164 47 renovatur
345 2627 63 47 &
370 2627 114 47 denuo
433 2627 139 47 firmatur.

262 2653 155 49 Innotescit
384 2653 167 49 salutariter
517 2653 100 49 solis
584 2653 89 49 Deum
639 2653 167 49 timentibus,
773 2653 100 49 Psal.
839 2653 78 49 25.
872 2653 56 49 14.

265 2681 101 59 Atque
332 2681 134 59 adversus
433 2681 168 59 tentationes
567 2681 56 59 &
590 2681 179 59 quassationes
735 2681 101 59 fidei
802 2681 146 59 instituta
914 2681 78 59 est
948 2681 67 59 fre¬-

244 2717 108 57 quens
316 2717 168 57 recordatio
448 2717 60 57 &
472 2717 144 57 firmatio
580 2717 132 57 federis
675 2717 84 57 per
723 2717 120 57 Coenae
807 2717 156 57 Dominicae
915 2717 120 57 frequen¬-

231 2766 92 40 tem
270 2766 92 40 usum,

263 2775 143 64 Proinde
367 2775 117 64 Coena
445 2775 156 64 Dominica
563 2775 143 64 revocat
667 2775 196 64 unumquemque
823 2775 156 64 fidelium
941 2775 78 64 ad
967 2775 65 64 fe¬-

234 2826 86 48 dus
283 2826 123 48 initum
369 2826 74 48 in
394 2826 136 48 baptismo.

443 2882 249 49 CAPUT
582 2882 221 49 XXXIV.

316 2919 101 74 In
367 2919 118 74 quo
434 2919 101 74 de
485 2919 220 74 donatione
654 2919 203 74 Spiritus
789 2919 152 74 Sanctis

306 2973 111 55 APITA
380 2973 111 55 (sive
454 2973 160 55 articuli)
577 2973 136 55 federis
676 2973 86 55 duo
725 2973 111 55 sunt:
799 2973 99 55 Unum
861 2973 74 55 ex
898 2973 111 55 parte
960 2973 74 55 Dei,

311 3025 114 39 alterum
394 3025 62 39 ex
425 3025 104 39 nostra
498 3025 104 39 parte,
570 3025 94 39 Psal.
633 3025 83 39 110.
674 3025 42 39 3.

133 3044 201 47 L

339 3037 70 56 Ex
374 3037 105 56 parte
445 3037 82 56 Dei
491 3037 82 56 est
538 3037 140 56 gratuita
644 3037 164 56 promissio,
772 3037 82 56 qua
819 3037 94 56 DEUS
878 3037 105 56 nobis
936 3037 94 56 pollis

241 3084 125 48 cetur
325 3084 83 48 SE
366 3084 111 48 DEUM
436 3084 153 48 NOSTRUM
547 3084 125 48 IORE,
631 3084 125 48 nempe
714 3084 125 48 citra
798 3084 111 48 omne
867 3084 153 48 nostrum
964 3084 70 48 me¬-

230 3127 139 42 ritum,
327 3127 139 42 tantum
424 3127 153 42 propter
535 3127 166 42 Christum
646 3127 139 42 Dominum.

273 3149 150 44 Promissio
389 3149 115 44 verbis
470 3149 173 44 brevissima,
608 3149 69 44 at
643 3149 104 44 sensu
701 3149 139 44 amtlissima

269 3171 93 62 Hac
322 3171 106 62 enim
388 3171 251 62 comprehenduntur
599 3171 119 62 omnes
679 3171 106 62 quae
745 3171 79 62 in
785 3171 185 62 Scripturis
917 3171 119 62 divinis

1035 218 132 56 sparsae
1131 218 96 56 sunt
1191 218 192 56 promissiones
1348 218 72 56 de
1384 218 180 56 beatitudine
1528 218 84 56 tum
1576 218 180 56 temporaria,
1721 218 84 56 tum
1757 218 72 56 sem¬

1024 254 94 37 piterna.

1058 284 133 48 Proinde
1154 284 84 48 ubi
1203 284 97 48 DEUS
1263 284 121 48 dicit,
1347 284 72 48 se
1384 284 97 48 fore
1444 284 133 48 nostrum
1540 284 109 48 DEUM,
1613 284 133 48 perinde
1709 284 84 48 est
1758 284 72 48 ac
1782 284 48 48 si

1024 318 149 45 diceret,
1135 318 74 45 se
1172 318 99 45 fore
1235 318 136 45 nostrum
1334 318 124 45 summum
1421 318 124 45 bonum,
1507 318 74 45 se
1545 318 87 45 non
1594 318 124 45 tantum
1681 318 74 45 in
1718 318 87 45 hac
1756 318 74 45 vita

1070 386 89 55 Ergo
1126 386 89 55 bona
1182 386 89 55 quae
1238 386 89 55 Deus
1294 386 145 55 federatis
1405 386 89 55 suis
1461 386 157 55 promittit,
1584 386 89 55 sunt
1640 386 145 55 duplicia:
1741 386 67 55 prin

1037 412 111 50 cipalia
1118 412 50 50 &
1128 412 131 50 accessoria.

1063 449 178 44 Principalia,
1207 449 89 44 sunt
1263 449 145 44 beneficia
1374 449 67 44 ad
1408 449 145 44 caelestem
1519 449 167 44 aeternamque
1652 449 100 44 vitam
1708 449 111 44 pertine¬

1073 548 99 45 Eaque
1139 548 99 45 sunt;
1206 548 122 45 donatio
1294 548 133 45 Spiritus
1393 548 122 45 Sancti,
1482 548 133 45 commurio
1581 548 155 45 sanctorum,
1692 548 122 45 conserua¬-

1036 578 74 39 tio
1078 578 63 39 in
1109 578 74 39 hac
1151 578 158 39 communione,
1277 578 53 39 &
1298 578 116 39 donatio
1382 578 95 39 vitae
1435 578 116 39 aeternae.

1057 608 128 49 Donatio
1150 608 140 49 Spiritus
1255 608 128 49 Sancti,
1348 608 81 49 est
1395 608 163 49 beneficium
1522 608 93 49 Dei,
1581 608 81 49 per
1627 608 93 49 quod
1685 608 105 49 nobis
1743 608 70 49 con¬-

1041 638 97 55 fert
1102 638 146 55 Spiritum
1211 638 146 55 Sanctum,
1320 638 85 55 qui
1369 638 85 55 nos
1418 638 134 55 Christi
1515 638 61 55 &
1539 638 122 55 omnium
1624 638 195 55 beneficiorum
1770 638 49 55 e¬-

1046 677 63 37 us
1077 677 147 37 participes
1192 677 115 37 faciat,
1276 677 84 37 Act.
1328 677 63 37 2.
1360 677 84 37 Heb.
1412 677 73 37 12.
1444 677 52 37 26.

1075 708 130 43 opiritus
1172 708 119 43 Sanctus
1259 708 130 43 mittitur
1356 708 54 43 a
1378 708 97 43 Patre
1443 708 76 43 per
1486 708 108 43 Filium
1561 708 86 43 Act.
1615 708 65 43 2.
1648 708 76 43 33.
1691 708 54 43 &
1713 708 97 43 venit
1767 708 43 43 il

1024 739 34 35 i¬

1014 774 45 36 b

982 791 81 60 i

1057 837 137 44 Spiritus
1159 837 125 44 Sanctus
1250 837 125 44 donatur
1341 837 125 44 gratis:
1432 837 57 44 &
1455 837 68 44 ut
1489 837 114 44 verbis
1569 837 137 44 Cypriani
1672 837 102 44 utar:
1740 837 68 44 Vt
1763 837 68 44 spo¬

1070 939 170 52 Cognitionis
1206 939 136 52 Spiritus
1308 939 113 52 Sancti
1387 939 91 52 duae
1444 939 91 52 sunt
1501 939 125 52 partes:
1592 939 113 52 Prima,
1671 939 136 52 personae
1762 939 68 52 Spi¬-

1044 969 89 42 titus
1104 969 109 42 Sancti,
1183 969 119 42 secunda,
1272 969 109 42 officii
1342 969 79 42 ipsius

1073 1004 67 43 Si
1106 1004 134 43 personam
1207 1004 90 43 ejus
1263 1004 134 43 spectes,
1364 1004 78 43 est
1409 1004 101 43 verus
1476 1004 90 43 Deus
1532 1004 67 43 ab
1565 1004 123 43 aeterno
1655 1004 157 43 exsistens,
1767 1004 67 43 unus

1047 1069 107 37 Marc.
1119 1069 83 37 16.
1154 1069 48 37 1.

1080 1093 147 45 Officium
1190 1093 98 45 vero
1251 1093 147 45 Spiritus
1361 1093 122 45 Sancti
1447 1093 86 45 est
1496 1093 98 45 quod
1557 1093 86 45 per
1606 1093 86 45 eum
1655 1093 110 45 Pater
1728 1093 61 45 &
1740 1093 98 45 Filius

1051 1128 147 44 virtutem
1161 1128 98 44 suam
1222 1128 147 44 exserunt
1332 1128 61 44 &
1357 1128 98 44 suae
1418 1128 171 44 voluntatis
1553 1128 135 44 decreta
1650 1128 184 44 exsequuntur
1785 1128 49 44 in

1044 1170 161 39 creandis,
1168 1170 199 39 sustentandis
1329 1170 62 39 &
1354 1170 149 39 movendis
1466 1170 112 39 rebus
1540 1170 149 39 omnibus:
1652 1170 161 39 praecipue
1764 1170 62 39 ve¬-

1046 1198 76 36 ro
1084 1198 76 36 in
1122 1198 152 36 movendis
1236 1198 152 36 cordibus
1350 1198 177 36 audientium
1489 1198 127 36 Verbum
1578 1198 101 36 Dei,
1641 1198 63 36 &
1666 1198 152 36 docendis
1768 1198 63 36 do¬

1081 1287 132 47 Spiritus
1180 1287 121 47 Sanctus
1268 1287 77 47 est
1313 1287 110 47 doctor
1390 1287 154 47 veritatis,
1511 1287 77 47 Dei
1555 1287 143 47 villicus,
1666 1287 121 47 Christi
1743 1287 99 47 vicari¬-

1046 1331 76 38 us,
1089 1331 119 38 vicaria
1176 1331 76 38 vis
1219 1331 54 38 a
1241 1331 119 38 Christo
1327 1331 108 38 missa,
1403 1331 65 38 ut
1435 1331 130 38 loquitur
1532 1331 173 38 Tertullianus
1673 1331 97 38 libro
1738 1331 65 38 de
1759 1331 76 38 Prae¬-

1055 1362 176 40 scriptionibus
1200 1362 124 40 adversus
1293 1362 155 40 haereticos,
1417 1362 62 40 c.
1448 1362 73 40 13.
1490 1362 52 40 &
1500 1362 52 40 28.

1090 1389 123 45 Effecta
1179 1389 135 45 Spiritus
1280 1389 112 45 Sancti
1359 1389 90 45 sunt
1415 1389 146 45 duplicia:
1527 1389 90 45 alia
1583 1389 90 45 enim
1639 1389 123 45 efficit
1729 1389 67 45 in
1751 1389 90 45 mundo,

1054 1421 79 45 hoc
1099 1421 90 45 est,
1155 1421 113 45 nondum
1234 1421 158 45 regenitis;
1358 1421 90 45 alia
1415 1421 68 45 in
1448 1421 147 45 Ecclesia,
1561 1421 79 45 hoc
1606 1421 90 45 est,
1663 1421 147 45 hominibus
1764 1421 79 45 rege¬-

1061 1456 122 44 neratis,
1153 1456 82 44 Joh.
1204 1456 71 44 16.
1245 1456 61 44 v.
1275 1456 51 44 8
1296 1456 51 44 &
1306 1456 61 44 seqq

1088 1484 125 46 Effecta
1178 1484 91 46 quae
1235 1484 68 46 in
1269 1484 102 46 mundo
1337 1484 125 46 efficit
1427 1484 91 46 sunt
1473 1484 113 46 aliquot:

1096 1518 110 48 rimum
1169 1518 98 48 est:
1231 1518 135 48 arguere
1329 1518 123 48 mundum
1415 1518 74 48 de
1451 1518 147 48 peccato.
1562 1518 74 48 eo
1599 1518 98 48 quod
1660 1518 86 48 non
1709 1518 135 48 credunt
1795 1518 49 48 in

1059 1555 160 40 Christum.
1181 1555 147 40 Joh.168.
1292 1555 147 40 Arguere,
1402 1555 86 40 est
1451 1555 172 40 convincere
1586 1555 184 40 adversarium
1721 1555 123 40 argumen¬-

1066 1587 79 41 is,
1111 1587 56 41 &
1133 1587 79 41 ita
1178 1587 112 41 causam
1257 1587 67 41 de
1291 1587 79 41 qua
1336 1587 112 41 agitur
1414 1587 112 41 contra
1493 1587 101 41 illum
1549 1587 124 41 obtinere.

1085 1621 130 32 Arguit
1176 1621 117 32 autem
1254 1621 156 32 Spiritus
1371 1621 143 32 Sanctus
1475 1621 130 32 mundum
1566 1621 78 32 de
1605 1621 143 32 peccato
1709 1621 130 32 duobus
1787 1621 65 32 mo¬-

1063 1653 96 35 dis.
1123 1653 108 35 Primo
1195 1653 96 35 enim
1255 1653 144 35 Judaeos,
1363 1653 60 35 a
1387 1653 120 35 quibus
1472 1653 96 35 fuit
1532 1653 144 35 rejectus
1640 1653 60 35 &
1664 1653 72 35 in
1700 1653 120 35 crucem
1772 1653 84 35 actus

1056 1685 152 34 Christus,
1173 1685 152 34 manifeste
1289 1685 140 34 convicit
1394 1685 105 34 festo
1464 1685 175 34 Pentecostes
1604 1685 58 34 &
1628 1685 152 34 deinceps,
1744 1685 82 34 eos
1779 1685 70 34 gra¬-

1054 1724 107 33 viter
1125 1724 154 33 peccasse,
1244 1724 95 33 quod
1303 1724 71 33 in
1338 1724 107 33 Jesum
1409 1724 107 33 illum
1480 1724 83 33 non
1528 1724 189 33 crediderint,
1681 1724 83 33 sed
1729 1724 107 33 illum
1788 1724 59 33 oc¬-

1064 1754 163 35 ciderint,
1190 1754 75 35 in
1227 1754 100 35 quem
1290 1754 138 35 credere
1390 1754 188 35 debuissent,
1540 1754 138 35 tanquam
1640 1754 75 35 in
1678 1754 163 35 promissum
1790 1754 63 35 il¬-

1064 1786 76 40 um
1102 1786 177 40 Servatorem
1242 1786 127 40 Mundi.
1330 1786 101 40 Unde
1394 1786 127 40 Actor.
1483 1786 76 40 2.
1521 1786 114 40 vers.
1597 1786 89 40 37.
1647 1786 127 40 Judaei
1723 1786 127 40 convicti

1063 1815 68 44 de
1097 1815 79 44 suo
1142 1815 136 44 peccato,
1244 1815 125 44 dicunt:
1335 1815 91 44 Quid
1392 1815 136 44 faciemus
1494 1815 91 44 viri
1551 1815 136 44 fratres?
1653 1815 114 44 Deinde
1732 1815 57 44 &
1744 1815 102 44 quosvit

1058 1849 118 38 alios
1136 1849 144 38 peccati
1241 1849 183 38 convincit.
1385 1849 236 38 Incredulitatem
1581 1849 118 38 autem
1660 1849 118 38 solam
1725 1849 118 38 nomina¬-

1055 1885 149 31 Christus,
1169 1885 92 31 quia
1227 1885 80 31 hac
1273 1885 138 31 manente,
1376 1885 126 31 caetera
1468 1885 126 31 peccata
1560 1885 115 31 quoque
1640 1885 172 31 detinentur:
1778 1885 57 31 &
1790 1885 57 31 hac

1070 1914 126 35 emissa,
1161 1914 126 35 caetera
1252 1914 114 35 quoque
1333 1914 183 35 remittuntur.
1481 1914 80 35 Nam
1527 1914 80 35 ubi
1573 1914 80 35 est
1618 1914 91 35 vera
1676 1914 103 35 fides
1744 1914 69 35 in
1767 1914 80 35 Chri¬-

1058 1948 109 32 stum:
1130 1948 85 32 ibi
1179 1948 85 32 est
1227 1948 121 32 omnium
1311 1948 169 32 peccatorum
1432 1948 133 32 remissio¬-

1090 1973 150 41 Secundum
1202 1973 150 41 effectum
1315 1973 150 41 Spiritus
1427 1973 125 41 Sancti
1515 1973 75 41 in
1552 1973 113 41 mundo
1627 1973 100 41 est,
1690 1973 138 41 arguere
1777 1973 75 41 mun¬

1063 2039 208 44 conspiciendus
1234 2039 98 44 sit.
1295 2039 85 44 Hoc
1344 2039 110 44 autem
1417 2039 122 44 fecit,
1502 2039 98 44 quum
1563 2039 195 44 demonstravit
1722 2039 61 44 &
1734 2039 110 44 confir¬-

1065 2077 116 37 navit
1142 2077 167 37 justitiam
1271 2077 64 37 &
1297 2077 193 37 innocentiam
1452 2077 155 37 Christi.
1567 2077 103 37 Quum
1632 2077 103 37 enim
1696 2077 129 37 mundus
1774 2077 64 37 vi¬-

1064 2108 119 33 deret
1143 2108 146 33 effusum
1249 2108 93 33 per
1302 2108 159 33 Christum
1422 2108 159 33 Spiritum
1541 2108 159 33 Sanctum,
1660 2108 159 33 potenter
1766 2108 80 33 opus

1060 2170 194 40 nnocentem,
1213 2170 153 40 injuste
1324 2170 69 40 &
1351 2170 139 40 inique
1449 2170 153 40 tanquam
1560 2170 139 40 impium
1657 2170 69 40 &
1671 2170 166 40 blasphemum

1060 2270 85 36 Deo
1108 2270 122 36 Patre,
1194 2270 85 36 sed
1242 2270 73 36 ab
1279 2270 73 36 eo
1315 2270 146 36 dilectum
1425 2270 61 36 &
1449 2270 134 36 dextera
1546 2270 97 36 ejus
1607 2270 122 36 sursum
1692 2270 146 36 sublatum
1789 2270 49 36 i1

1060 2301 130 42 caelum,
1155 2301 71 42 in
1190 2301 95 42 quod
1249 2301 95 42 nemo
1308 2301 83 42 jus
1356 2301 177 42 ingrediendi
1497 2301 118 42 habet,
1580 2301 95 42 nisi
1639 2301 130 42 justus.
1722 2301 118 42 Cognovit

1066 2340 104 35 esum
1131 2340 117 35 illum
1209 2340 143 35 Sanctum
1313 2340 65 35 &
1339 2340 182 35 innocentem
1483 2340 130 35 passum
1574 2340 65 35 &
1600 2340 156 35 mortuum,
1704 2340 143 35 sempiter¬-

1056 2367 83 43 nam
1104 2367 155 43 justitiam
1223 2367 71 43 in
1258 2367 119 43 mundum
1342 2367 166 43 adduxisse,
1472 2367 131 43 Daniel.
1567 2367 71 43 9.
1603 2367 95 43 vers
1663 2367 83 43 24.
1710 2367 95 43 quam
1758 2367 83 43 quis¬-

1077 2402 81 33 uis
1124 2402 81 33 non
1170 2402 184 33 apprehendit,
1319 2402 81 33 sed
1365 2402 69 33 ex
1400 2402 138 33 operibus
1503 2402 104 33 Legis
1572 2402 150 33 justitiam
1687 2402 150 33 sectatur,
1791 2402 46 33 ad

1072 2435 102 36 Legem
1140 2435 147 36 justitiae
1253 2435 79 36 non
1298 2435 147 36 pervenit,
1411 2435 79 36 nec
1456 2435 136 36 Christum
1558 2435 102 36 videt
1626 2435 79 36 per
1671 2435 102 36 fidem
1739 2435 91 36 quam
1784 2435 57 36 so¬-

1064 2462 74 37 lam
1107 2462 138 37 servamur;
1213 2462 74 37 nec
1255 2462 117 37 visurus
1340 2462 85 37 est,
1393 2462 96 37 donec
1457 2462 127 37 venturus
1553 2462 74 37 est
1595 2462 64 37 in
1627 2462 106 37 gloria
1701 2462 53 37 &
1712 2462 127 37 majestatie

1066 2491 112 40 Patris
1144 2491 79 40 sui
1189 2491 67 40 ad
1223 2491 146 40 judicium,
1335 2491 56 40 &
1358 2491 135 40 videbunt
1459 2491 79 40 eum
1504 2491 157 40 plangentes
1628 2491 79 40 qui
1661 2491 180 40 transfixerunt.

1071 2524 110 50 ipsum.
1148 2524 88 50 Joh.
1203 2524 77 50 19.
1247 2524 77 50 37.
1291 2524 99 50 Semel
1357 2524 121 50 oblatus
1445 2524 77 50 est
1489 2524 66 50 in
1522 2524 110 50 seipso
1599 2524 66 50 ut
1632 2524 154 50 attolleret
1742 2524 110 50 multorum

1075 2554 127 44 peccata,
1170 2554 116 44 secundo
1255 2554 105 44 absque
1328 2554 116 44 peccato
1413 2554 169 44 conspicietur
1550 2554 74 44 iis
1592 2554 74 44 qui
1634 2554 95 44 ipsum
1697 2554 148 44 exspectant
1803 2554 42 44 ad

1068 2593 139 49 salutem,
1173 2593 81 49 Heb
1219 2593 58 49 9
1243 2593 70 49 v.
1266 2593 58 49 28.

1106 2623 131 50 Tertium
1201 2623 143 50 effectum
1309 2623 143 50 Spiritus
1416 2623 119 50 Sancti
1499 2623 72 50 in
1535 2623 107 50 mundo
1607 2623 95 50 est,
1666 2623 131 50 arguere
1750 2623 95 50 mundum

1062 2667 72 36 de
1098 2667 143 36 judicio,
1205 2667 72 36 eo
1241 2667 96 36 quod
1301 2667 143 36 princeps
1408 2667 107 36 huius
1480 2667 107 36 mundi
1552 2667 155 36 iudicatus
1671 2667 96 36 est.
1731 2667 84 36 Hoc
1766 2667 84 36 prae¬-

1066 2698 120 39 stitit
1150 2698 144 39 Spiritus
1258 2698 144 39 Sanctus,
1365 2698 96 39 quum
1425 2698 144 39 convicit
1533 2698 132 39 mundum,
1629 2698 144 39 Christum
1736 2698 96 39 esse
1784 2698 60 39 ju¬-

1077 2725 105 46 dicem
1148 2725 105 46 illum
1218 2725 141 46 potentia
1323 2725 164 46 instructum
1452 2725 199 46 insuperabili,
1616 2725 82 46 qui
1663 2725 141 46 diabolum
1757 2725 82 46 prin¬-

1068 2762 114 41 cipem
1145 2762 114 41 hujus
1221 2762 114 41 mundi
1297 2762 89 41 una
1348 2762 89 41 cum
1399 2762 140 41 omnibus
1501 2762 191 41 administris
1653 2762 127 41 ipsius
1730 2762 114 41 devici:

1077 2796 63 46 &
1103 2796 163 46 damnavit:
1228 2796 138 46 Christo
1329 2796 113 46 datum
1404 2796 101 46 esse
1467 2796 101 46 omne
1530 2796 163 46 judicium,
1656 2796 88 46 hoc
1706 2796 101 46 est,
1756 2796 88 46 omnem

1075 2829 71 45 in
1111 2829 107 45 caelo
1182 2829 59 45 &
1206 2829 71 45 in
1241 2829 107 45 terra
1313 2829 178 45 potestatem,
1455 2829 95 45 quam
1515 2829 143 45 diabolum
1621 2829 154 45 superatum
1740 2829 59 45 &
1752 2829 95 45 conde¬-

1068 2861 127 45 mnatum
1157 2861 127 45 ejecit
1246 2861 114 45 foras
1321 2861 63 45 e
1347 2861 152 45 cordibus
1461 2861 152 45 hominum,
1575 2861 76 45 in
1613 2861 127 45 quibus
1701 2861 101 45 ipse
1752 2861 101 45 regnum

1069 2893 108 46 erexit
1145 2893 54 46 &
1167 2893 130 46 obtinet.
1264 2893 87 46 Loca
1318 2893 76 46 huc
1362 2893 173 46 pertinentia.
1502 2893 108 46 Johan.
1578 2893 76 46 12.
1622 2893 97 46 vers.
1687 2893 76 46 31.
1730 2893 87 46 Nunc
1773 2893 76 46 iudi¬-

1069 2921 90 50 cium
1125 2921 101 50 adest
1192 2921 101 50 mundi
1259 2921 112 50 huius:
1337 2921 90 50 nunc
1393 2921 134 50 princeps
1494 2921 90 50 ille
1550 2921 101 50 mundi
1617 2921 101 50 huius
1684 2921 145 50 eiicietur
1785 2921 56 50 fo¬-

1078 2956 84 47 ras.
1131 2956 63 47 Et
1163 2956 84 47 cap.
1215 2956 74 47 14.
1257 2956 63 47 v.
1289 2956 74 47 30.
1331 2956 95 47 Venit
1394 2956 126 47 princeps
1489 2956 95 47 mundi
1552 2956 105 47 huius,
1626 2956 74 47 sed
1668 2956 63 47 in
1700 2956 63 47 me
1731 2956 74 47 non
1763 2956 84 47 habet.

1074 2984 141 56 quicquam.
1183 2984 119 56 Coloss.
1270 2984 65 56 2.
1302 2984 65 56 v.
1335 2984 76 56 15.
1378 2984 152 56 Exspoliata
1498 2984 119 56 imperia
1585 2984 65 56 ac
1617 2984 152 56 potestates
1737 2984 141 56 traduxit.

1076 3019 91 52 pala
1132 3019 68 52 n,
1166 3019 170 52 triumphatis
1302 3019 102 52 illis
1370 3019 79 52 per
1415 3019 91 52 eam.
1472 3019 136 52 (nimirum
1574 3019 125 52 crucem,
1665 3019 91 52 quae
1721 3019 91 52 fuit
1766 3019 91 52 instar

1078 3061 172 46 triumphalis
1204 3061 103 46 currus.

1097 3092 97 54 Ergo
1158 3092 146 54 diabolus
1267 3092 133 54 salutem
1364 3092 146 54 aeternam
1473 3092 109 54 nobis
1546 3092 133 54 cripere
1643 3092 85 54 non
1691 3092 133 54 potest:
1776 3092 73 54 ergo

1072 3131 82 47 nos
1119 3131 94 47 sibi
1178 3131 153 47 subjicere
1296 3131 59 47 &
1319 3131 153 47 mancipare
1437 3131 129 47 nequit.
1531 3131 141 47 Judicium
1637 3131 82 47 quo
1684 3131 141 47 princeps
1778 3131 82 47 hujus

1080 3165 94 61 mundi
1142 3165 136 61 judicatus
1246 3165 83 61 est,
1299 3165 104 61 nostra
1372 3165 73 61 est
1413 3165 63 61 ab
1445 3165 125 61 solutio.
