2063 3517
189 191 107 50 potest
264 191 107 50 venire
340 191 64 50 ad
372 191 75 50 me,
415 191 86 50 nisi
469 191 107 50 Pater,
544 191 75 50 qui
587 191 97 50 misit
651 191 75 50 me,
694 191 129 50 traxerit
791 191 86 50 eum.
845 191 64 50 I.
877 191 129 50 Corinth.
963 191 43 50 1.

190 233 67 35 v.
223 233 67 35 9.
257 233 123 35 Fidelis
347 233 79 35 est
392 233 90 35 Deus
448 233 79 35 per
493 233 90 35 quem
549 233 112 35 vocati
627 233 101 35 estis
695 233 67 35 in
728 233 168 35 communionem
863 233 101 35 Filii
919 233 90 35 ipsius

197 268 92 36 Iesu
254 268 126 36 Christi
346 268 115 36 Domini
426 268 126 36 nostri.
518 268 92 36 Joh.
576 268 80 36 14.
622 268 80 36 23.
668 268 69 36 Si
702 268 92 36 quis
760 268 126 36 diligit
852 268 80 36 me,
886 268 115 36 sermonem

196 293 99 43 meum
257 293 160 43 servabit,
381 293 62 43 &
406 293 111 43 Pater
480 293 99 43 meus
541 293 136 43 diliget
640 293 99 43 eum,
702 293 62 43 &
726 293 74 43 ad
763 293 86 43 eum
813 293 148 43 veniemus
924 293 62 43 &
936 293 62 43 mam

198 332 115 42 sionem
279 332 92 42 apud
337 332 81 42 cum
383 332 150 42 faciemus.
498 332 92 42 Rom.
556 332 69 42 8.
591 332 69 42 v.
625 332 69 42 9.
660 332 81 42 Vos
706 332 104 42 autem
775 332 81 42 non
821 332 104 42 estis
891 332 69 42 in
914 332 92 42 carnes

192 361 76 48 sed
236 361 65 48 in
268 361 130 48 Spiritu:
366 361 130 48 siquidem
463 361 130 48 Spiritus
561 361 76 48 Dei
604 361 119 48 habitat
691 361 65 48 in
724 361 108 48 vobis.
800 361 87 48 Quod
854 361 65 48 si
887 361 87 48 quis
930 361 65 48 Spi¬-

204 398 96 45 ritum
268 398 117 45 Christi
353 398 74 45 non
396 398 106 45 habet,
470 398 64 45 is
502 398 74 45 non
545 398 74 45 est
577 398 74 45 eius.

235 429 131 46 Denique
330 429 72 46 in
366 429 131 46 extremo
462 429 83 46 die
509 429 107 46 Pater
581 429 83 46 per
628 429 119 46 Filium
712 429 131 46 virtute
807 429 131 46 ejusdem
891 429 107 46 Spiritu

188 467 116 40 Sancti
270 467 128 40 Christo
363 467 105 40 uniet
433 467 128 40 electos
526 467 70 40 in
561 467 128 40 gloria:
654 467 105 40 Sicut
724 467 116 40 Paulus
805 467 105 40 docet
875 467 93 40 Rom.
933 467 70 40 8.
956 467 47 40 v.

193 501 80 38 I1.
238 501 68 38 Si
272 501 136 38 Spiritus
375 501 91 38 eius
431 501 80 38 qui
477 501 159 38 suscitavit
602 501 102 38 Iesum
670 501 68 38 ex
704 501 125 38 mortuis
795 501 125 38 habitat
886 501 68 38 in
909 501 91 38 vobis:

208 533 80 44 qui
253 533 149 44 excitavit
368 533 138 44 Christum
472 533 69 44 ex
506 533 138 44 mortuis,
610 533 172 44 vivificabit
748 533 103 44 etiam
817 533 138 44 mortalia
909 533 103 44 corpora

205 565 112 43 vestra
283 565 78 43 per
328 565 179 43 inhabitantem
473 565 112 43 ipsius
551 565 134 43 Spiritum
651 565 67 43 in
674 565 89 43 vobis.

230 597 106 48 Causa
301 597 83 48 min
348 597 153 48 sterialis
466 597 130 48 nostrae
561 597 83 48 cum
608 597 130 48 Christo
702 597 130 48 unionis
796 597 83 48 est
844 597 165 48 Evangelium
962 597 35 48 &

192 633 109 41 fides
265 633 170 41 salvifica,
398 633 182 41 charitasque
544 633 97 41 erga
605 633 146 41 Christum
714 633 146 41 sincera,
824 633 85 41 seu
872 633 97 41 quod
921 633 85 41 eodem

196 665 122 47 redit,
281 665 109 47 fides
354 665 97 47 quae
415 665 85 47 per
463 665 170 47 charitatem
597 665 85 47 est
646 665 146 47 efficax:
755 665 85 47 non
804 665 97 47 enim
852 665 146 47 qualiscun¬-

193 709 92 35 que
245 709 118 35 fides
324 709 92 35 nos
376 709 92 35 cum
428 709 144 35 Christo
533 709 183 35 conjungit,
677 709 92 35 sed
729 709 118 35 fides
808 709 92 35 per
847 709 157 35 charitatem

191 735 179 41 efficax.
326 735 105 41 Nam
385 735 120 41 quod
460 735 90 41 ad
505 735 149 41 primam
609 735 164 41 unionem
729 735 179 41 attinet,
864 735 134 41 dicit
938 735 60 41 E¬-

200 767 176 40 sisabetha
336 767 122 40 mater
417 767 162 40 Johannis
538 767 176 40 Baptistae
674 767 81 40 ad
714 767 135 40 Mariam
809 767 135 40 matrem
890 767 108 40 Christ

198 801 82 49 Luc.
249 801 61 49 1.
279 801 71 49 45.
320 801 92 49 Beata
381 801 82 49 est,
432 801 82 49 quae
483 801 133 49 credidit:
585 801 71 49 nam
626 801 163 49 perficientur
758 801 61 49 ea
789 801 82 49 quae
840 801 92 49 dicta
901 801 82 49 sunt
942 801 61 49 eta¬

178 842 130 40 Domino.

235 871 71 43 De
271 871 95 43 fide
330 871 142 43 secundae
437 871 130 43 unionis
532 871 202 43 instrumentali
698 871 107 43 causa
769 871 130 43 legitur
864 871 95 43 Gal.
923 871 71 43 2.
947 871 59 43 20.

197 900 106 47 Vivit
268 900 71 47 in
303 900 71 47 me
339 900 153 47 Christus:
457 900 59 47 &
481 900 106 47 vitam
551 900 94 47 quam
610 900 94 47 nunc
669 900 94 47 vivo
728 900 71 47 in
764 900 118 47 carne,
847 900 94 47 vivo
906 900 83 47 per
941 900 59 47 fi¬-

199 935 83 43 dem
246 935 106 43 illam
317 935 106 43 Filii
388 935 83 43 Dei
435 935 83 43 qui
483 935 130 43 dilexit
577 935 71 43 me
612 935 59 43 &
636 935 142 43 tradidit
742 935 165 43 semetipsum
872 935 83 43 pro
919 935 83 43 me.
955 935 47 43 Et

207 977 105 36 Ephes
277 977 70 36 3.
312 977 81 36 17.
359 977 70 36 Et
393 977 151 36 inhabitet
510 977 140 36 Christus
615 977 81 36 per
661 977 105 36 sidem
731 977 70 36 in
766 977 140 36 cordibus
870 977 140 36 vestris.
963 977 47 36 De

197 1007 145 44 charitate
309 1007 123 44 sincera
398 1007 89 44 erga
454 1007 145 44 Christum,
565 1007 78 44 qua
610 1007 89 44 illi
666 1007 179 44 spiritaliter
811 1007 179 44 conjungimur,
945 1007 56 44 le¬-

204 1048 100 41 gitur
270 1048 89 41 Joh.
326 1048 78 41 14.
370 1048 78 41 23.
415 1048 78 41 Si,
459 1048 89 41 quis
514 1048 122 41 diligit
603 1048 78 41 me,
647 1048 133 41 sermonem
747 1048 89 41 meum
802 1048 144 41 servabit,
913 1048 55 41 &
924 1048 89 41 Pater.

198 1078 100 36 meus
261 1078 138 36 diliget
361 1078 100 36 eum,
424 1078 63 36 &
449 1078 75 36 ad
486 1078 88 36 eum
536 1078 163 36 veniemus,
662 1078 63 36 &
687 1078 100 36 apud
749 1078 88 36 eum
799 1078 200 36 habitabimus.
949 1078 63 36 Vi¬-

194 1115 116 40 deatur
276 1115 140 40 Cyrillus
381 1115 93 40 lib.
439 1115 70 40 10
474 1115 70 40 in
508 1115 151 40 Johannem,
625 1115 58 40 c
636 1115 47 40 15

230 1137 65 49 De
263 1137 118 49 tertiae
349 1137 118 49 unionis
435 1137 172 49 ministeriali
575 1137 97 49 causa
640 1137 129 49 legitur,
736 1137 97 49 Hebr.
801 1137 65 49 6.
833 1137 65 49 v.
866 1137 75 49 11,
909 1137 75 49 12.
941 1137 54 49 Cu¬-

191 1171 108 51 pimus
263 1171 108 51 autem
335 1171 72 51 ut
372 1171 181 51 unusquisque
516 1171 132 51 vestrum
612 1171 96 51 idem
673 1171 132 51 studium
769 1171 72 51 ad
805 1171 108 51 finem
877 1171 108 51 usque
938 1171 96 51 osten¬-

197 1210 86 44 dat,
251 1210 64 44 ad
283 1210 107 44 certam
358 1210 86 44 spei
412 1210 129 44 persuasi
508 1210 86 44 nem:
562 1210 64 44 Vt
594 1210 64 44 ne
626 1210 96 44 sitis
690 1210 118 44 segnes,
776 1210 75 44 sed
819 1210 150 44 imitatores
926 1210 86 44 eorum,

199 1245 83 45 qui
247 1245 83 45 per
294 1245 107 45 fidem
365 1245 59 45 &
389 1245 154 45 patientem
507 1245 118 45 animum
590 1245 189 45 haereditario
744 1245 95 45 jure
803 1245 142 45 obtinent
897 1245 107 45 promis¬

190 1283 112 39 sionem.

224 1301 70 50 Si
259 1301 105 50 finem
330 1301 199 50 consideremus,
493 1301 94 50 unio
552 1301 105 50 prima
622 1301 105 50 facta
692 1301 94 50 est,
751 1301 70 50 ut
786 1301 140 50 Christus
891 1301 70 50 in
915 1301 105 50 seipso¬-

197 1343 117 44 Legem
275 1343 91 44 Dei
327 1343 91 44 pro
379 1343 117 44 nobis
457 1343 65 44 &
483 1343 130 44 nostro
574 1343 104 44 loco
639 1343 221 44 perfectissime
821 1343 169 44 impleret,
938 1343 78 44 Gal.

207 1378 73 42 4.
243 1378 73 42 v.
280 1378 73 42 4,
316 1378 73 42 5.
353 1378 146 42 Postquam
462 1378 110 42 venit
535 1378 122 42 plenum
621 1378 134 42 tempus,
718 1378 122 42 emisit
803 1378 97 42 Deus
864 1378 122 42 Filium
937 1378 73 42 suum

212 1410 101 47 actum
279 1410 68 47 ex
313 1410 135 47 muliere.
414 1410 113 47 factum
493 1410 90 47 Legi
550 1410 158 47 subiectum:
673 1410 68 47 Vt
707 1410 79 47 eos
752 1410 79 47 qui
797 1410 90 47 Legi
854 1410 101 47 erant
910 1410 90 47 subie.

205 1448 80 39 cti
250 1448 160 39 redimeret,
376 1448 68 39 ut
410 1448 160 39 adoptionem
536 1448 183 39 acciperemus.
684 1448 68 39 Et
718 1448 126 39 peccata
810 1448 114 39 nostra
889 1448 148 39 expiaret,

201 1485 94 34 Heb.
260 1485 83 34 10.
307 1485 94 34 vers
366 1485 71 34 4,
402 1485 71 34 5.
437 1485 83 34 Non
485 1485 94 34 enim
544 1485 118 34 potest
626 1485 130 34 sanguis
721 1485 142 34 taurorum
827 1485 59 34 &
851 1485 142 34 hircorum
945 1485 59 34 au¬-

211 1508 109 46 ferre
283 1508 145 46 peccata.
392 1508 169 46 Quapropter
525 1508 169 46 ingrediens
658 1508 121 46 mundum
743 1508 121 46 dicit,
827 1508 181 46 Sacrificium
972 1508 60 46 &
985 1508 60 46 ob¬-

205 1555 137 32 lationem
307 1555 148 32 noluisti,
421 1555 114 32 corpus
501 1555 102 32 autem
569 1555 148 32 adaptasti
683 1555 102 32 mihi:
751 1555 68 32 Et
785 1555 68 32 de
819 1555 125 32 corpore
911 1555 91 32 illo
956 1555 57 32 mox

207 1580 103 38 dicit
275 1580 68 38 v.
309 1580 80 38 10.
355 1580 80 38 Qua
401 1580 148 38 uoluntate
515 1580 183 38 sanctificati
663 1580 114 38 sumus,
743 1580 80 38 per
789 1580 160 38 oblationem
903 1580 114 38 corporus

223 1613 86 49 Iesu
277 1613 118 49 Christi
363 1613 96 49 semel
416 1613 86 49 factam

240 1643 129 40 Secunda
334 1643 106 40 autem
405 1643 94 40 unio
464 1643 94 40 fit,
523 1643 71 40 ut
558 1643 212 40 perfectissimae
735 1643 177 40 impletionis
876 1643 106 40 Legis
946 1643 59 40 &
958 1643 59 40 ex¬-

214 1684 149 43 piationis
328 1684 160 43 peccatorum
454 1684 149 43 nostrorum
568 1684 160 43 participes
694 1684 126 43 fiamus,
786 1684 69 43 1.
820 1684 92 43 Joh.
877 1684 69 43 1.
911 1684 103 43 vers.
969 1684 34 43 7

220 1724 89 30 Quod
275 1724 67 30 si
309 1724 67 30 in
342 1724 89 30 luce
398 1724 156 30 ambulamus,
520 1724 100 30 sicut
587 1724 89 30 ipse
642 1724 78 30 est
687 1724 67 30 in
720 1724 100 30 luce,
787 1724 211 30 communicationem
953 1724 56 30 ha¬-

207 1753 105 42 bemus
278 1753 82 42 cum
324 1753 70 42 eo
359 1753 129 42 mutuam;
453 1753 59 42 &
477 1753 129 42 sanguis
570 1753 94 42 Iesu
629 1753 129 42 Christi
722 1753 105 42 Filii
793 1753 94 42 eius
851 1753 152 42 purificat
956 1753 59 42 nos

211 1782 71 43 ab
247 1782 94 43 omni
294 1782 118 43 peccato.

240 1805 120 54 Tertia
324 1805 96 54 unio
384 1805 96 54 fiet
443 1805 72 54 ad
479 1805 96 54 hunc
539 1805 120 54 finem,
623 1805 72 54 ut
659 1805 132 54 gloriam
755 1805 132 54 Christi
850 1805 168 54 spectemus,
970 1805 36 54 e

219 1849 100 38 usque
286 1849 156 38 participes
408 1849 122 38 fiamus,
497 1849 100 38 sicut
563 1849 133 38 Christus
663 1849 89 38 ipse
719 1849 56 38 a
741 1849 100 38 Patre
808 1849 100 38 petit
875 1849 89 38 Joh.
930 1849 78 38 17.
963 1849 56 38 24.

201 1887 98 39 Pater
266 1887 87 39 quos
321 1887 120 39 dedisti
408 1887 98 39 mihi,
473 1887 98 39 velim
538 1887 65 39 ut
571 1887 76 39 ubi
614 1887 76 39 sum
658 1887 87 39 ego,
712 1887 54 39 &
734 1887 87 39 illi
788 1887 87 39 sint
843 1887 109 39 mecum.
919 1887 65 39 Vt
941 1887 65 39 spo¬-

204 1916 118 45 ctent
283 1916 145 45 gloriam
388 1916 118 45 illam
467 1916 118 45 meam,
546 1916 105 45 quam
611 1916 145 45 dedisti
717 1916 105 45 mihi
782 1916 105 45 ante
848 1916 131 45 iactum
927 1916 92 45 mundi

188 1945 195 49 fundamentum

260 1984 96 50 Iam
315 1984 205 50 explicandum
479 1984 137 50 qualis
575 1984 96 50 sit
630 1984 109 50 unio
698 1984 150 50 Christi
794 1984 150 50 nobiscum.

237 2037 97 47 Unio
298 2037 133 47 Christi
395 2037 146 47 nobiscum
504 2037 85 47 est
552 2037 97 47 vera
613 2037 73 47 ac
649 2037 133 47 realis,
746 2037 85 47 non
795 2037 109 47 autem
868 2037 158 47 opinabili

203 2071 60 52 &
227 2071 181 52 imaginaria.
372 2071 97 52 Vere
432 2071 97 52 enim
493 2071 60 52 &
517 2071 157 52 realiter,
638 2071 60 52 &
662 2071 85 52 non
710 2071 205 52 opinabiliter,
879 2071 85 52 non
915 2071 85 52 imagi

194 2110 107 37 natie
265 2110 119 37 Filius
349 2110 83 37 Dei
396 2110 95 37 sibi
456 2110 119 37 univit
539 2110 131 37 naturam
634 2110 143 37 humanam,
741 2110 83 37 sic
789 2110 71 37 ut
825 2110 167 37 detestemur
944 2110 59 37 do¬-

198 2143 87 44 gma
247 2143 212 44 Marcionitarum
422 2143 175 44 aliorumque
560 2143 212 44 haereticorum,
734 2143 87 44 qui
784 2143 150 44 Christum
884 2143 125 44 δοκήσειν

200 2181 152 38 opinione
314 2181 152 38 duntaxat
428 2181 63 38 &
453 2181 76 38 κγ
491 2181 164 38 φμυτασίαν
617 2181 139 38 hominem
718 2181 101 38 esse
781 2181 164 38 blaspheme
895 2181 101 38 affir¬-

192 2213 109 42 mant.
265 2213 158 42 Similiter
386 2213 97 42 vere
447 2213 61 42 &
471 2213 158 42 realiter,
592 2213 85 42 non
641 2213 158 42 opinione,
762 2213 85 42 non
811 2213 194 42 imaginatione
956 2213 49 42 u¬-

198 2250 89 32 niti
253 2250 100 32 sumus
320 2250 122 32 Christo
409 2250 67 32 in
442 2250 122 32 gratia,
531 2250 78 32 sic
576 2250 67 32 ut
609 2250 89 32 ipse
665 2250 89 32 vere
720 2250 56 32 &
742 2250 133 32 realiter
842 2250 78 32 sit
887 2250 100 32 caput
942 2250 56 32 no¬-

190 2282 116 33 strum,
271 2282 116 33 nosque
353 2282 93 33 vere
410 2282 58 33 &
434 2282 139 33 realiter
538 2282 104 33 simus
607 2282 116 33 corpus
688 2282 104 33 ejus.
758 2282 93 33 Vere
816 2282 116 33 itidem
897 2282 58 33 &
908 2282 93 33 reali¬-

198 2314 100 40 ter,
260 2314 87 40 non
310 2314 212 40 opinabiliter,
484 2314 87 40 non
534 2314 174 40 imaginarie
671 2314 149 40 jungemur
783 2314 137 40 Christo
882 2314 100 40 post
932 2314 75 40 hanc

189 2346 111 47 vitam
263 2346 74 47 in
288 2346 111 47 gloria.

224 2380 119 40 Eadem
303 2380 106 40 unio
369 2380 93 40 est
422 2380 198 40 arctissima.
581 2380 93 40 Nam
634 2380 119 40 primo
713 2380 145 40 humanam
819 2380 145 40 nostram
911 2380 93 40 natu¬-

192 2413 83 43 ram
239 2413 118 43 univit
322 2413 94 43 sibi
381 2413 142 43 Christus
487 2413 130 43 vinculo
582 2413 201 43 indissolubili
747 2413 130 43 unionis
830 2413 177 43 hypostaticae,

190 2451 81 39 nec
237 2451 116 39 unquam
318 2451 104 39 illam
388 2451 139 39 deseret.
492 2451 116 39 Deinde
573 2451 93 39 unio
632 2451 128 39 Christi
724 2451 81 39 cum
771 2451 139 39 Ecclesia
875 2451 70 39 in
899 2451 104 39 gratiae

191 2484 100 37 adeo
254 2484 88 37 est
304 2484 125 37 arcta,
392 2484 75 37 ut
430 2484 175 37 nonnunquam
567 2484 138 37 Christi
668 2484 125 37 nomine
755 2484 88 37 non
806 2484 125 37 tantum
881 2484 125 37 Christus

182 2515 118 48 Caput
260 2515 157 48 nostrum,
378 2515 91 48 sed
430 2515 118 48 etiam
509 2515 131 48 corpus
600 2515 105 48 ejus
665 2515 170 48 mysticum,
796 2515 105 48 quod
861 2515 91 48 est
900 2515 131 48 Ecclesia

191 2549 185 37 intelligatur:
343 2549 98 37 velut
409 2549 65 37 1.
441 2549 87 37 Cor.
496 2549 76 37 12.
539 2549 65 37 v.
572 2549 76 37 12.
615 2549 76 37 ubi
659 2549 141 37 Apostolus
768 2549 87 37 ait:
822 2549 98 37 Sicut
887 2549 87 37 enim
931 2549 65 37 cor¬-

183 2583 87 41 pus
232 2583 100 41 unum
295 2583 100 41 est,
357 2583 62 41 &
382 2583 124 41 membra
469 2583 112 41 habet
543 2583 124 41 multa,
631 2583 112 41 omnia
705 2583 100 41 vero
768 2583 100 41 illa
830 2583 124 41 membra
904 2583 100 41 corpo¬-

187 2617 79 34 ris
232 2617 91 34 quod
289 2617 113 34 unicum
368 2617 91 34 est,
425 2617 102 34 multa
493 2617 102 34 sunt,
561 2617 79 34 sed
606 2617 91 34 unum
662 2617 91 34 sunt
719 2617 125 34 corpus:
810 2617 79 34 ita
855 2617 57 34 &
866 2617 125 34 Christus.

186 2651 81 38 Hic
233 2651 93 38 enim
291 2651 186 38 intelligitur
442 2651 139 38 Christus
547 2651 151 38 mysticus,
663 2651 70 38 id
698 2651 93 38 est,
756 2651 139 38 Christus
861 2651 81 38 cum
907 2651 81 38 sua
942 2651 58 38 Ec¬-

172 2686 122 35 clesia.
261 2686 100 35 Utque
327 2686 166 35 declaretur,
460 2686 89 35 quam
515 2686 100 35 arcta
582 2686 78 35 sit
626 2686 89 35 ista
682 2686 100 35 unio,
748 2686 111 35 utitur
826 2686 144 35 Scriptura
925 2686 78 35 Sacra

181 2718 194 43 similitudine
339 2718 134 43 capitis
436 2718 61 43 &
460 2718 158 43 corporis:
582 2718 109 43 vitis
655 2718 61 43 &
679 2718 158 43 palmitum:
800 2718 121 43 mariti
886 2718 61 43 &
898 2718 109 43 uxoris,

178 2750 84 44 seu
226 2750 120 44 sponsi
310 2750 60 44 &
334 2750 144 44 sponsae:
442 2750 168 44 fundamenti
574 2750 60 44 &
599 2750 108 44 domus
671 2750 252 44 superaedificatae:
887 2750 132 44 arboris
971 2750 36 44 &

152 2787 171 40 ramorum.

213 2820 105 43 Eadem
283 2820 93 43 unio
342 2820 82 43 est
388 2820 187 43 essentialis:
540 2820 93 43 quia
598 2820 82 43 nos
645 2820 105 43 licet
715 2820 70 43 in
750 2820 117 43 terris
832 2820 163 43 corporibus
949 2820 58 43 no¬-

170 2852 113 42 stris
246 2852 63 42 &
271 2852 176 42 substantia
409 2852 125 42 animae
497 2852 201 42 exsistentes,
660 2852 113 42 tamen
735 2852 63 42 &
760 2852 88 42 cum
810 2852 125 42 divina
886 2852 125 42 Christi¬-

181 2891 130 42 batura
272 2891 78 42 in
311 2891 117 42 nobis
388 2891 181 42 habitante,
531 2891 65 42 &
557 2891 91 42 cum
608 2891 142 42 humana,
712 2891 104 42 quam
777 2891 91 42 jam
829 2891 78 42 in
867 2891 117 42 caelo
932 2891 65 42 est

183 2927 94 32 per
236 2927 134 32 eundem
330 2927 160 32 Spiritum
450 2927 147 32 Sanctum
557 2927 80 32 in
597 2927 107 32 illa
664 2927 67 32 &
691 2927 80 32 in
731 2927 120 32 nobis
811 2927 160 32 manentem
918 2927 80 32 ver¬-

184 2959 175 35 copulamur,
321 2959 87 35 non
371 2959 112 35 minus
446 2959 100 35 quam
508 2959 87 35 per
558 2959 125 35 animam
645 2959 125 35 capiti
733 2959 150 35 brachia,
845 2959 137 35 tibiae,
933 2959 62 35 pe¬-

173 2991 91 36 des
225 2991 65 36 &
251 2991 142 36 reliqua
354 2991 129 36 membra
445 2991 155 36 corporis
561 2991 220 36 conjunguntur:
742 2991 78 36 ac
781 2991 142 36 proinde
885 2991 91 36 non
923 2991 78 36 tan¬-

173 3026 91 47 tum
225 3026 156 47 donorum,
342 3026 91 47 sed
394 3026 117 47 etiam
472 3026 195 47 substantiae
627 3026 143 47 Christi
731 3026 234 47 communicatione
913 3026 91 47 unio¬-

176 3058 85 43 haec
229 3058 127 43 constat.

207 3092 100 41 Unde
270 3092 113 41 eadem
345 3092 100 41 unio
408 3092 226 41 substantialis,
596 3092 163 41 naturalis
721 3092 63 41 &
746 3092 175 41 corporalis
884 3092 100 41 est,
934 3092 63 41 non

177 3130 140 40 respectu
282 3130 93 40 modi
341 3130 82 40 quo
387 3130 93 40 unio
446 3130 93 40 sit,
504 3130 82 40 qui
551 3130 82 40 non
598 3130 93 40 nium
656 3130 175 40 spiritualis
796 3130 93 40 est:
854 3130 82 40 sed
889 3130 117 40 respectu

167 3162 107 39 subj
234 3162 94 39 cti
287 3162 94 39 seu
341 3162 148 39 objecti
448 3162 94 39 cui
502 3162 148 39 unimur,
609 3162 107 39 quia
676 3162 121 39 illud
757 3162 94 39 est
810 3162 107 39 vera
864 3162 134 39 substan¬-

168 3194 99 47 tia
224 3194 71 47 &
253 3194 142 47 natura
352 3194 127 47 verum
437 3194 142 47 ipsius
536 3194 142 47 corpus
635 3194 71 47 &
663 3194 156 47 nostrae
776 3194 156 47 naturae
890 3194 156 47 affine:
989 3194 42 47 N

165 3230 59 52 &
189 3230 178 52 substantiae
331 3230 59 52 &
355 3230 131 52 naturae
450 3230 131 52 Christi
545 3230 142 52 utrique,
652 3230 107 52 atque
723 3230 83 52 sic
771 3230 59 52 &
794 3230 131 52 corpori
889 3230 95 52 ejus
937 3230 71 52 vete

163 3267 174 49 jungimur.

1074 180 113 47 Ergo
1144 180 127 47 vanum
1229 180 183 47 commentum
1369 180 113 47 est,
1440 180 211 47 communionem
1609 180 155 47 Christi
1721 180 113 47 esse
1778 180 99 47 exsi¬-

1054 220 141 47 stentiam
1160 220 141 47 corporis
1266 220 129 47 Christi
1360 220 106 47 intra
1431 220 118 47 nostra
1513 220 141 47 corpora.
1619 220 94 47 Unio
1678 220 118 47 nestri
1760 220 82 47 cum
1796 220 82 47 Chri¬-

1053 258 94 40 sto
1106 258 94 40 est
1160 258 147 40 tanquam
1267 258 174 40 membrorum
1401 258 94 40 cum
1454 258 147 40 capite,
1562 258 67 40 &
1588 258 161 40 palmitum
1709 258 161 40 cumvite.
1816 258 67 40 Ca¬-

1060 290 79 53 put
1105 290 79 53 non
1150 290 79 53 est
1196 290 102 53 intra
1263 290 125 53 membra:
1354 290 79 53 nec
1399 290 102 53 vitis
1467 290 102 53 intra
1535 290 147 53 palmites:
1648 290 79 53 sed
1694 290 91 53 situ
1750 290 158 53 differunt,

1053 324 102 41 nexu
1117 324 115 41 autem
1194 324 191 41 conveniente
1347 324 77 41 in
1385 324 102 41 unum
1449 324 128 41 corpus
1538 324 191 41 copulantur.

1083 356 104 53 Utque
1153 356 69 53 in
1187 356 127 53 Christi
1280 356 127 53 persona
1372 356 92 53 duae
1430 356 92 53 sunt
1488 356 139 53 naturae:
1591 356 81 53 ita
1638 356 115 53 quoque
1718 356 150 53 subjectum
1822 356 58 53 cui

1053 389 74 45 in
1090 389 136 45 Christo
1189 389 136 45 unimur,
1288 389 87 45 est
1337 389 136 45 duplex,
1436 389 124 45 divina
1523 389 124 45 natura
1609 389 62 45 &
1622 389 111 45 humana.

1081 428 142 38 Unimur
1180 428 113 38 enim
1251 428 156 38 Christo
1364 428 198 38 θεαθθρωπῳ,
1520 428 170 38 secundum
1647 428 170 38 utramque
1761 428 127 38 naturam

1057 454 160 44 divinam
1173 454 73 44 &
1187 454 145 44 humanam.

1077 486 164 43 Communio
1201 486 96 43 cum
1255 486 151 43 Christo
1365 486 164 43 secundum
1488 486 151 43 divinam
1598 486 164 43 naturam,
1721 486 96 43 est
1775 486 110 43 quod
1830 486 55 43 i¬-

1053 528 83 44 pse
1100 528 83 44 sua
1148 528 130 44 Deitate
1242 528 118 44 reipsa
1325 528 71 44 in
1360 528 106 44 nobis
1431 528 130 44 habitat
1526 528 59 44 &
1549 528 83 44 nos
1597 528 94 44 sibi
1656 528 154 44 conformes
1774 528 130 44 reddit.

1050 567 67 40 2.
1083 567 90 40 Pet.
1140 567 67 40 1.
1173 567 67 40 4.
1207 567 112 40 Maxima
1285 567 90 40 illa
1341 567 101 40 nobis
1409 567 67 40 ac
1442 567 135 40 pretiosa
1543 567 135 40 promissa
1644 567 135 40 donavit,
1745 567 67 40 ut
1779 567 79 40 per
1813 567 67 40 haec

1060 598 175 44 ifficeremini
1202 598 120 44 divinae
1290 598 142 44 consortes
1399 598 131 44 naturae,
1498 598 109 44 elapsi
1575 598 66 44 ex
1607 598 175 44 corruptione,
1750 598 88 44 quae
1804 598 77 44 est
1837 598 44 44 in

1046 628 107 46 mundo
1118 628 83 46 per
1165 628 191 46 cupiditatem.
1320 628 95 46 Joh.
1380 628 83 46 14.
1415 628 60 46 23.

1081 652 173 48 Communio
1210 652 101 48 cum
1268 652 158 48 Christo
1383 652 173 48 secundum
1513 652 158 48 humanam
1628 652 173 48 naturam,
1758 652 101 48 est
1801 652 72 48 no¬-

1052 696 116 38 stram
1130 696 142 38 naturam
1233 696 116 38 fieri
1311 696 168 38 conformem
1440 696 142 38 humanae
1544 696 142 38 naturae
1647 696 155 38 Christi:
1764 696 116 38 idque
1828 696 52 38 I.

1058 730 70 40 In
1093 730 209 40 participatione
1267 730 139 40 naturae.
1372 730 104 40 Hebr.
1441 730 70 40 2.
1476 730 81 40 14.
1523 730 128 40 Quoniam
1616 730 104 40 pueri
1685 730 163 40 participes
1801 730 70 40 sum¬-

1046 770 120 46 carnis
1130 770 60 46 &
1154 770 167 46 sanguinis,
1285 770 96 46 ipse
1345 770 120 46 quoque
1429 770 191 46 consimiliter
1584 770 155 46 particeps
1704 770 120 46 factus
1787 770 84 46 est
1823 770 48 46 eo

1039 800 121 41 rundem.

1085 837 100 43 Haec
1147 837 137 43 naturae
1246 837 199 43 participatio
1408 837 87 43 non
1458 837 87 43 est
1508 837 199 43 intelligenda
1669 837 75 43 de
1707 837 124 43 natura
1781 837 100 43 corru¬-

1047 883 95 38 pta
1102 883 68 38 &
1129 883 149 38 peccato
1237 883 203 38 comquinata:
1400 883 95 38 sed
1454 883 217 38 sanctificata
1630 883 95 38 per
1684 883 163 38 Spiritum
1793 883 81 38 San¬-

1042 905 131 42 ctum.
1129 905 87 42 Et
1172 905 160 42 quoniam
1288 905 87 42 ex
1332 905 160 42 Christo
1448 905 145 42 natura
1549 905 290 42 sanctificationem
1781 905 87 42 hau¬-

1055 945 95 42 rit,
1115 945 95 42 ideo
1174 945 119 42 Paulus
1258 945 83 42 non
1305 945 107 42 dicit
1377 945 95 42 Eph.
1436 945 71 42 5.
1472 945 107 42 vers.
1543 945 83 42 30.
1591 945 143 42 Christum
1698 945 95 42 esse
1758 945 71 42 ex
1782 945 95 42 carne.

1063 981 107 45 postra
1138 981 54 45 &
1160 981 64 45 ex
1192 981 118 45 ossibus
1278 981 129 45 nostris,
1375 981 75 45 sed
1418 981 75 45 nos
1461 981 86 45 esse
1515 981 107 45 membra
1590 981 129 45 corporis
1687 981 97 45 ejus,
1751 981 64 45 ex
1783 981 97 45 carne
1837 981 43 45 e¬-

1054 1009 74 50 jus
1097 1009 53 50 &
1118 1009 64 50 ex
1150 1009 117 50 ossibus
1225 1009 74 50 ejus,

1089 1048 82 43 II.
1136 1048 70 43 In
1171 1048 211 43 participatione
1347 1048 152 43 Spiritus.
1464 1048 70 43 I.
1499 1048 94 43 Cor.
1558 1048 70 43 6.
1593 1048 70 43 v.
1628 1048 82 43 17.
1675 1048 82 43 Qui
1710 1048 164 43 agglutinatur

1053 1092 114 33 Domino,
1136 1092 83 33 unus
1187 1092 73 33 cum
1229 1092 62 33 eo
1260 1092 124 33 Spiritus
1353 1092 83 33 est,
1405 1092 52 33 &
1426 1092 83 33 cap.
1477 1092 73 33 12.
1519 1092 62 33 v.
1550 1092 73 33 13.
1591 1092 62 33 1.
1622 1092 83 33 Joh.
1674 1092 62 33 3.
1705 1092 73 33 24.
1747 1092 52 33 &
1767 1092 62 33 4.
1798 1092 62 33 v.
1819 1092 52 33 13:

1053 1121 78 36 Per
1098 1121 78 36 hoc
1142 1121 168 36 cognoscimus
1276 1121 78 36 nos
1321 1121 67 36 in
1355 1121 67 36 eo
1388 1121 145 36 habitare,
1500 1121 56 36 &
1522 1121 101 36 ipsum
1589 1121 67 36 in
1623 1121 112 36 nobis,
1701 1121 89 36 quod
1757 1121 67 36 de
1780 1121 89 36 Spiri¬-

1054 1155 67 47 tu
1087 1155 78 47 suo
1132 1155 100 47 dedit
1198 1155 111 47 nobis.
1276 1155 89 47 Rom.
1332 1155 67 47 8.
1365 1155 78 47 11.
1409 1155 89 47 Eph.
1465 1155 67 47 4.
1498 1155 67 47 v.
1521 1155 44 47 4.

1088 1190 96 46 III.
1148 1190 72 46 In
1184 1190 216 46 participatione
1364 1190 204 46 afflictionum,
1533 1190 96 46 Rom.
1593 1190 72 46 8.
1629 1190 84 46 17,
1677 1190 84 46 18.
1725 1190 72 46 Vt
1761 1190 108 46 simul
1821 1190 60 46 et¬-

1047 1234 84 42 iam
1095 1234 84 42 cum
1143 1234 72 42 eo
1179 1234 204 42 glorificemur.
1347 1234 84 42 Nam
1395 1234 120 42 statuo
1478 1234 120 42 minime
1562 1234 96 42 esse
1622 1234 108 42 paria
1694 1234 96 42 quae
1742 1234 144 42 praesenti¬-

1061 1269 115 32 tempore
1144 1269 157 32 perpetimur,
1270 1269 115 32 gloriae
1354 1269 63 32 in
1385 1269 94 32 nobis
1448 1269 157 32 retegendae.
1574 1269 115 32 Philip.
1658 1269 63 32 3.
1689 1269 63 32 v.
1720 1269 73 32 21.
1762 1269 73 32 Qui
1794 1269 73 32 trans

1059 1300 146 44 figurabit
1171 1300 112 44 corpus
1249 1300 123 44 nostrum
1339 1300 123 44 humile,
1428 1300 67 44 ut
1462 1300 134 44 conforme
1563 1300 78 44 fin
1607 1300 90 44 ejus
1663 1300 123 44 corpori
1742 1300 123 44 gloriosos

1054 1334 105 52 Apoc.
1124 1334 70 52 2.
1159 1334 81 52 26,
1206 1334 81 52 27.
1252 1334 70 52 1.
1287 1334 93 52 Cor.
1345 1334 81 52 15.
1392 1334 70 52 49
1426 1334 105 52 Sicut
1496 1334 163 52 gestavimus
1624 1334 140 52 imaginem
1729 1334 140 52 terreni,
1822 1334 58 52 ge¬-

1053 1367 140 45 stabimus
1159 1367 105 45 etiam
1229 1367 140 45 imaginem
1323 1367 140 45 caelestis.

1097 1421 168 45 Hactenus
1223 1421 84 45 de
1265 1421 195 45 communione
1418 1421 181 45 ipsiusmet
1558 1421 168 45 Christi:
1683 1421 168 45 sequitur

1249 1463 92 44 de
1295 1463 215 44 communione
1464 1463 169 44 bonorum
1571 1463 108 44 eius.

1083 1516 148 47 Communio
1194 1516 135 47 bonorum
1292 1516 148 47 Christi,
1403 1516 86 47 est
1452 1516 197 47 participatio
1612 1516 123 47 totius
1698 1516 123 47 meriti
1785 1516 62 47 &
1797 1516 86 47 effi¬-

1056 1557 123 44 caciae
1142 1557 136 44 ipsius,
1241 1557 86 44 per
1290 1557 148 44 Spiritum
1401 1557 136 44 Sanctum
1500 1557 62 44 &
1525 1557 86 44 per
1574 1557 123 44 fidem:
1661 1557 235 44 beneficiorumque
1846 1557 37 44 &

1058 1590 141 38 donorum
1161 1590 90 38 tum
1212 1590 77 38 ad
1251 1590 154 38 salutem,
1366 1590 90 38 tum
1418 1590 77 38 ad
1456 1590 180 38 vocationem
1597 1590 154 38 singulis
1713 1590 193 38 necessario¬

1066 1628 91 39 tum.
1122 1628 68 39 1.
1156 1628 91 39 Cor.
1213 1628 68 39 1.
1247 1628 79 39 30.
1292 1628 136 39 Christus
1394 1628 102 39 Iesus
1462 1628 113 39 factus
1541 1628 79 39 est
1587 1628 102 39 nobis
1655 1628 57 39 a
1677 1628 79 39 Deo
1722 1628 102 39 Patre
1779 1628 102 39 Sapien¬-

1067 1655 77 39 tia
1111 1655 166 39 justitiaque
1244 1655 55 39 &
1266 1655 188 39 sanctificatio
1421 1655 55 39 &
1443 1655 144 39 redemtio.
1553 1655 88 39 Rom.
1609 1655 66 39 3.
1642 1655 77 39 25,
1686 1655 77 39 26,
1730 1655 77 39 28.
1775 1655 55 39 &
1797 1655 77 39 51.
1830 1655 44 39 A.

1062 1689 100 41 ctor.
1129 1689 67 41 15
1162 1689 67 41 9.
1196 1689 89 41 Fide
1251 1689 134 41 purgatis
1351 1689 134 41 cordibus
1452 1689 111 41 eorum.
1530 1689 89 41 Rom.
1585 1689 67 41 8.
1619 1689 67 41 v.
1652 1689 67 41 1.
1686 1689 100 41 Nulla
1752 1689 111 41 igitur
1819 1689 67 41 nunc

1067 1725 71 45 est
1108 1725 153 45 condemnatio
1230 1725 71 45 iis
1271 1725 71 45 qui
1312 1725 82 45 sunt
1363 1725 61 45 in
1393 1725 112 45 Christo
1475 1725 92 45 Iesu.
1536 1725 51 45 &
1557 1725 61 45 v.
1587 1725 71 45 10,
1628 1725 71 45 11.
1669 1725 51 45 &
1689 1725 61 45 1.
1720 1725 82 45 Cor.
1771 1725 71 45 12.
1812 1725 61 45 v.
1832 1725 41 45 3.

1068 1756 50 52 &
1088 1756 91 52 seqq.
1148 1756 80 52 Heb.
1199 1756 60 52 3.
1229 1756 60 52 1.
1259 1756 60 52 1.
1289 1756 80 52 Cor.
1340 1756 60 52 9.
1360 1756 50 52 23.

1088 1796 119 45 Porro
1167 1796 106 45 unio
1233 1796 93 45 cum
1286 1796 145 45 Christo
1392 1796 172 45 contingit
1524 1796 119 45 solis
1603 1796 66 45 &
1630 1796 145 45 omnibus
1736 1796 145 45 electis
1828 1796 53 45 ac

1060 1834 178 36 credentibus
1202 1834 95 36 inde
1261 1834 71 36 ab
1297 1834 118 36 initio
1380 1834 107 36 usque
1451 1834 71 36 ad
1486 1834 107 36 finem
1557 1834 118 36 mundi,
1640 1834 71 36 I.
1676 1834 118 36 Johan.
1758 1834 71 36 3.
1794 1834 71 36 v.
1818 1834 47 36 2.

1061 1869 80 38 Nam
1106 1869 80 38 qui
1152 1869 114 38 servat
1232 1869 92 38 eius
1289 1869 137 38 mandata,
1392 1869 69 38 in
1427 1869 69 38 eo
1461 1869 126 38 habitat
1553 1869 57 38 &
1575 1869 92 38 ipse
1633 1869 69 38 in
1667 1869 80 38 eo,
1713 1869 57 38 &
1736 1869 80 38 per
1781 1869 80 38 noc
1816 1869 57 38 no¬-

1059 1902 124 36 vimus,
1146 1902 87 36 eum
1195 1902 149 36 habitare
1307 1902 75 36 in
1345 1902 124 36 nobis,
1432 1902 112 36 nempe
1507 1902 75 36 ex
1544 1902 137 36 Spiritu
1644 1902 100 36 quem
1706 1902 112 36 nobis
1780 1902 124 36 dedit.

1052 1939 70 39 I.
1087 1939 116 39 Johan.
1169 1939 70 39 4.
1204 1939 82 39 13.
1250 1939 116 39 Johan.
1332 1939 82 39 14.
1378 1939 82 39 23.
1425 1939 70 39 Si
1460 1939 93 39 quis
1518 1939 128 39 diligit
1611 1939 82 39 me,
1658 1939 140 39 sermonem
1763 1939 93 39 meum
1809 1939 70 39 ser¬-

1058 1972 131 39 vabit:
1150 1972 65 39 &
1176 1972 118 39 Pater
1254 1972 105 39 meus
1320 1972 144 39 diliget
1425 1972 105 39 eum,
1490 1972 65 39 &
1516 1972 79 39 ad
1556 1972 92 39 eum
1608 1972 170 39 veniemus,
1739 1972 65 39 &
1765 1972 105 39 apud
1818 1972 65 39 eum

1058 2003 138 39 manebimus
1165 2003 64 39 Et
1197 2003 85 39 cap.
1250 2003 74 39 15.
1292 2003 96 39 vers.
1356 2003 64 39 1,
1388 2003 64 39 2,
1420 2003 64 39 3.
1452 2003 64 39 4,
1484 2003 64 39 5,
1516 2003 64 39 6.
1547 2003 117 39 Proinde
1632 2003 85 39 soli
1686 2003 85 39 vere
1739 2003 117 39 fideles
1813 2003 64 39 sunt

1061 2040 129 40 nembra
1151 2040 155 40 Christi:
1267 2040 116 40 idque
1345 2040 90 40 non
1396 2040 155 40 quatenus
1512 2040 155 40 homines,
1628 2040 90 40 sed
1680 2040 155 40 quatenus
1783 2040 90 40 Chri¬-

1045 2072 149 45 stiani:
1154 2072 95 45 nec
1208 2072 163 45 secundum
1331 2072 136 45 primam
1426 2072 231 45 generationem,
1616 2072 95 45 sed
1670 2072 163 45 secundum
1779 2072 95 45 rege¬-

1050 2111 213 35 nerationem:
1220 2111 85 35 ac
1263 2111 156 35 proinde
1377 2111 99 35 non
1433 2111 171 35 secundum
1561 2111 128 35 ipsam
1647 2111 156 35 humanae
1746 2111 128 35 naturae

1050 2139 178 40 substantiam
1193 2139 83 40 per
1240 2139 83 40 se,
1287 2139 83 40 sed
1335 2139 142 40 quatenus
1442 2139 95 40 illa
1501 2139 71 40 in
1537 2139 131 40 Christo
1632 2139 71 40 ut
1667 2139 119 40 altero
1750 2139 107 40 Adamo
1810 2139 59 40 re¬-

1058 2171 131 38 novatur,
1157 2171 131 38 singulis
1255 2171 88 38 ejus
1310 2171 131 38 partibus
1408 2171 99 38 novam
1474 2171 66 38 ac
1507 2171 153 38 spirituali
1627 2171 142 38 qualitate
1726 2171 142 38 sanctificat

1050 2207 100 39 tis,
1113 2207 75 39 ut
1151 2207 113 39 simus
1226 2207 100 39 novi
1289 2207 150 39 homines,
1402 2207 88 39 jam
1452 2207 100 39 nunc
1514 2207 125 39 quidem
1602 2207 150 39 inchoata
1715 2207 125 39 animae
1790 2207 88 39 novi¬-

1055 2241 113 40 tate,
1131 2241 150 40 corporis
1243 2241 113 40 autem
1319 2241 213 40 incorruptione
1494 2241 125 40 tandem
1582 2241 125 40 quoque
1670 2241 175 40 sequutura,
1795 2241 75 40 Rom.

1057 2277 56 39 8.
1085 2277 56 39 v.
1113 2277 65 39 10,
1141 2277 37 39 11

1082 2301 143 45 Insuper
1186 2301 91 45 cum
1238 2301 143 45 Christo
1343 2301 117 45 nobis
1421 2301 156 45 communio
1538 2301 104 45 est,
1603 2301 104 45 inde
1668 2301 65 45 a
1695 2301 130 45 sancta
1773 2301 104 45 conce¬-

1060 2341 110 57 atione
1137 2341 55 57 &
1159 2341 154 57 nativitate
1280 2341 99 57 ejus:
1346 2341 88 57 quia
1401 2341 88 57 ipse
1456 2341 77 57 est
1501 2341 99 57 nobis
1567 2341 143 57 conceptus
1677 2341 55 57 &
1699 2341 110 57 natus,
1776 2341 88 57 Jes.
1820 2341 44 57 6.

1056 2379 59 39 v.
1086 2379 59 39 6.
1115 2379 79 39 Luc.
1164 2379 59 39 2.
1194 2379 59 39 v.
1223 2379 69 39 10,
1253 2379 39 39 11

1069 2400 196 52 Compatatur
1223 2400 238 52 desponsationi
1419 2400 84 52 in
1461 2400 154 52 Cantico
1574 2400 210 52 Canticorum,
1742 2400 112 52 item
1798 2400 70 52 Hos

1057 2449 68 36 2.
1091 2449 79 36 19,
1136 2449 79 36 20.
1181 2449 68 36 Et
1214 2449 158 36 desponsabo
1338 2449 68 36 te
1372 2449 90 36 mihi
1428 2449 68 36 in
1462 2449 135 36 saculum,
1563 2449 158 36 desponsabo
1687 2449 79 36 te,
1732 2449 124 36 inquam,
1811 2449 56 36 mi¬-

1051 2477 67 40 hi
1084 2477 146 40 justitia,
1197 2477 157 40 judicioque
1320 2477 56 40 &
1343 2477 180 40 benignitate,
1488 2477 67 40 ac
1522 2477 191 40 misericordia:
1679 2477 67 40 Et
1713 2477 157 40 desponsabo
1825 2477 45 40 te

1056 2511 96 43 mihi
1116 2511 107 43 fide,
1187 2511 72 43 ut
1223 2511 143 43 agnoscas
1331 2511 143 43 Iehovam.
1438 2511 96 43 Unde
1498 2511 143 43 Christus
1605 2511 84 43 est
1653 2511 131 43 sponsus
1737 2511 143 43 Ecclesiae,

1051 2546 89 40 haec
1106 2546 89 40 vero
1162 2546 111 40 sponsa
1229 2546 111 40 Christi¬-

1070 2571 124 48 Sacrae
1157 2571 137 48 illius,
1256 2571 211 48 augustissimae
1430 2571 62 48 &
1455 2571 187 48 beatissimae
1604 2571 224 48 desponsationis
1779 2571 100 48 causa¬-

1052 2611 166 51 efficiens
1180 2611 64 51 &
1206 2611 179 51 conservans
1346 2611 90 51 est
1398 2611 154 51 aeternus
1513 2611 102 51 amor
1577 2611 141 51 Christi
1679 2611 102 51 erga
1730 2611 141 51 Ecclesiam

1062 2649 96 41 Cantic.
1132 2649 53 41 1.
1159 2649 53 41 v.
1176 2649 35 41 2.

1081 2674 193 57 Compatatur
1233 2674 124 57 eadem
1315 2674 151 57 Christi
1426 2674 165 57 communio
1549 2674 165 57 convivio
1673 2674 124 57 rerum
1742 2674 138 57 pinguium

1042 2718 56 44 &
1064 2718 89 44 vini
1120 2718 145 44 defecati,
1231 2718 89 44 Jes.
1287 2718 78 44 25.
1332 2718 67 44 6.
1365 2718 89 44 item
1421 2718 134 44 nuptiis,
1521 2718 111 44 Matth.
1599 2718 67 44 22
1633 2718 56 44 &
1655 2718 89 44 cap.
1711 2718 78 44 25.
1755 2718 78 44 10.
1800 2718 100 44 Apoc.

1049 2753 72 41 19.
1090 2753 61 41 7.
1110 2753 41 41 9.

1077 2797 148 54 eAdhuc
1181 2797 89 54 de
1226 2797 208 54 communione
1389 2797 104 54 cum
1448 2797 178 54 Christo:
1582 2797 178 54 sequitur
1715 2797 89 54 de
1745 2797 89 54 com¬-

1252 2847 168 58 munione
1374 2847 107 58 cum
1435 2847 168 58 Spiritu
1542 2847 122 58 Sancto

1082 2894 152 51 Communio
1196 2894 89 51 cum
1247 2894 139 51 Spiritu
1348 2894 139 51 Sancto,
1450 2894 89 51 est
1500 2894 203 51 participatio
1665 2894 152 51 Spiritus
1766 2894 114 51 Sancti,

1046 2941 82 40 qua
1093 2941 70 40 in
1128 2941 105 40 nobis
1198 2941 140 40 habitat,
1303 2941 58 40 &
1326 2941 82 40 nos
1373 2941 93 40 sibi
1431 2941 105 40 unit,
1501 2941 82 40 nos
1548 2941 152 40 regenerat
1664 2941 58 40 &
1687 2941 117 40 ducit,
1757 2941 117 40 testatur

1044 2980 84 35 una
1092 2980 84 35 cum
1140 2980 131 35 Spiritu
1235 2980 119 35 nostro
1319 2980 84 35 nos
1366 2980 96 35 esse
1426 2980 119 35 filios
1510 2980 96 35 Dei,
1570 2980 84 35 una
1617 2980 143 35 sublevat
1713 2980 167 35 infirmitates

1042 3008 139 39 nostras.
1147 3008 174 39 interpellat
1286 3008 81 39 pro
1332 3008 104 39 nobis
1402 3008 151 39 suspiriis
1518 3008 232 39 inenarrabilibus,
1715 3008 139 39 fortiter
1807 3008 70 39 cor¬-

1049 3041 138 40 roborat
1150 3041 75 40 in
1187 3041 163 40 interiore
1313 3041 138 40 homine,
1413 3041 63 40 &
1438 3041 151 40 obsignat
1551 3041 88 40 nos
1602 3041 138 40 tanquam
1702 3041 138 40 arrhabo
1790 3041 75 40 hae¬-

1057 3083 157 41 reditatis
1178 3083 145 41 nostrae,
1287 3083 85 41 dum
1335 3083 73 41 in
1372 3083 157 41 perfectam
1493 3083 169 41 libertatem
1626 3083 109 41 plene
1698 3083 182 41 vindicemur,
1832 3083 48 41 1.

1045 3112 85 38 Cor.
1099 3112 64 38 6,
1131 3112 75 38 19.
1173 3112 85 38 Rom.
1227 3112 64 38 8.
1259 3112 64 38 v.
1291 3112 64 38 9,
1323 3112 75 38 10.
1365 3112 107 38 14,16,
1440 3112 75 38 26.
1483 3112 85 38 Eph.
1536 3112 64 38 3.
1568 3112 75 38 16.
1611 3112 53 38 &
1632 3112 64 38 1.
1664 3112 75 38 13.
1696 3112 43 38 14

1082 3148 162 43 Beneficia
1206 3148 100 43 quae
1269 3148 150 43 Christus
1381 3148 75 43 in
1418 3148 112 43 illos
1493 3148 150 43 confert,
1605 3148 87 43 qui
1655 3148 87 43 per
1705 3148 150 43 Spiritum
1805 3148 62 43 San

1047 3182 97 46 ctum
1107 3182 61 46 &
1132 3182 109 46 sidem
1204 3182 97 46 ipsi
1265 3182 97 46 sunt
1326 3182 121 46 uniti,
1410 3182 97 46 ista
1471 3182 109 46 sunt:
1544 3182 194 46 justificatio
1701 3182 145 46 gratuita
1798 3182 85 46 coram

1052 3218 88 40 Deo
1103 3218 63 40 &
1128 3218 200 40 Regencratio:
1290 3218 138 40 Adoptio
1391 3218 63 40 &
1416 3218 150 40 Libertas
1528 3218 150 40 filiorum
1641 3218 100 40 Dei.
1704 3218 138 40 Philip.
1804 3218 75 40 3.
1829 3218 50 40 9.

1052 3257 59 49 2.
1082 3257 79 49 Cor.
1131 3257 59 49 5.
1151 3257 49 49 17.
