2063 3443
209 179 66 48 ma
242 179 87 48 cap.
297 179 66 48 1.
329 179 66 48 v.
362 179 66 48 8,
395 179 66 48 9,
428 179 77 48 10.
471 179 66 48 Si
504 179 142 48 dixerimus
613 179 77 48 nos
657 179 131 48 peccatum
756 179 77 48 non
799 179 120 48 habere,
887 179 77 48 nos
919 179 77 48 ipsos

202 214 141 54 fallimus,
311 214 54 54 &
332 214 119 54 veritas
419 214 65 54 in
452 214 98 54 nobis
517 214 76 54 non
560 214 87 54 est.
614 214 65 54 Si
647 214 163 54 confiteamur
777 214 119 54 peccata
864 214 119 54 nostra,
951 214 76 54 fi¬

203 248 98 50 delis
268 248 76 50 est
312 248 54 50 &
334 248 120 50 justus,
421 248 65 50 ut
454 248 131 50 remittat
552 248 98 50 nobis
617 248 131 50 peccata,
715 248 54 50 &
737 248 109 50 mundet
813 248 76 50 nos
856 248 65 50 ab
889 248 87 50 omni
933 248 65 50 ini¬-

201 280 139 52 quitate.
305 280 69 52 Si
340 280 150 52 dixerimus
456 280 81 52 nos
502 280 81 52 non
548 280 150 52 peccasse,
664 280 139 52 mendacem
768 280 127 52 facimus
860 280 92 52 eum,
918 280 58 52 &
930 280 69 52 ser¬-

213 319 69 40 mo
248 319 93 40 ejus
306 319 81 40 non
352 319 81 40 est
399 319 69 40 in
433 319 116 40 nobis.
514 319 162 40 Apostolus,
641 319 81 40 qui
688 319 139 40 profecto
792 319 174 40 regeneratus
931 319 93 40 erat

212 346 64 48 de
244 346 64 48 se
276 346 53 48 &
298 346 96 48 aliis
362 346 139 48 fidelibus
468 346 64 48 ea
500 346 160 48 pronunciat,
629 346 85 48 quae
682 346 107 48 nullam
757 346 64 48 in
789 346 75 48 hac
831 346 85 48 vita
874 346 128 48 justificat

198 388 136 37 tionem
293 388 122 37 coram
375 388 95 37 Deo
429 388 81 37 ex
470 388 149 37 nostris
578 388 163 37 operibus
700 388 122 37 bonis
781 388 190 37 concedunt.
917 388 95 37 Eodem

208 416 141 55 pertinent
317 416 54 55 &
338 416 87 55 haec
392 416 163 55 testimonia,
522 416 65 55 1.
555 416 87 55 Reg.
609 416 65 55 8.
642 416 76 55 46.
685 416 98 55 Jobi.
750 416 76 55 14.
793 416 65 55 4.
826 416 76 55 Ps.
869 416 76 55 51.
912 416 65 55 7.
934 416 76 55 Prov.

215 461 77 37 20.
259 461 66 37 9.
292 461 176 37 Ecclesiastae
435 461 143 37 Salomonis
545 461 88 37 cap.
600 461 66 37 7.
622 461 55 37 20.

241 477 104 54 Locus
311 477 104 54 Apoc.
381 477 81 54 22.
427 477 70 54 v.
462 477 81 54 11.
508 477 81 54 non
554 477 93 54 agit
612 477 70 54 de
647 477 209 54 justificatione
821 477 162 54 peccatoris
949 477 104 54 coram
1007 477 46 54 Bi

211 515 91 47 Deo,
268 515 91 47 quae
325 515 80 47 sit
370 515 80 47 uno
416 515 137 47 momento:
518 515 80 47 sed
564 515 68 47 de
598 515 137 47 justitia
700 515 148 47 habituali
814 515 68 47 in
849 515 103 47 nobis
905 515 103 47 inchoa¬-

216 552 79 42 ta,
261 552 90 42 quae
317 552 157 42 successive
440 552 157 42 incrementa
552 552 79 42 haber

243 587 103 40 Quod
307 587 219 40 distinctionem
488 587 129 40 operum
578 587 154 40 attinet,
693 587 193 40 falsissimum
848 587 90 40 est
899 587 64 40 a
912 587 103 40 nondum

216 618 127 42 renatis
309 618 150 42 hominibus
425 618 93 42 bona
483 618 104 42 opera
552 618 150 42 praestari
668 618 116 42 posse;
749 618 93 42 ideo
807 618 81 42 non
853 618 93 42 opus
911 618 81 42 est
946 618 69 42 illa

213 646 141 46 excludi:
319 646 82 46 nam
366 646 94 46 quod
425 646 82 46 non
472 646 94 46 est,
531 646 129 46 excludi
625 646 82 46 non
672 646 82 46 est
719 646 141 46 necesse.
825 646 94 46 Quod
884 646 94 46 vero
931 646 82 46 etiam

215 685 91 42 illa
271 685 102 42 opera
339 685 57 42 e
362 685 113 42 causis
441 685 215 42 justificationis
622 685 102 42 coram
690 685 79 42 Deo
735 685 181 42 excludantur,
882 685 91 42 quae
928 685 79 42 rege¬-

220 712 123 46 nerati
306 712 136 46 faciunt
405 712 86 46 per
454 712 148 46 Spiritum
565 712 148 46 Sanctum:
676 712 173 46 manifestum
812 712 86 46 est
862 712 74 46 ex
886 712 136 46 Abrahami¬-

221 754 68 40 &
249 754 177 40 sanctorum
385 754 204 40 Apostolorum
548 754 163 40 exemplo.
671 754 95 40 Nam
725 754 82 40 de
766 754 163 40 Abrahamo
875 754 136 40 credente

217 784 72 43 ac
253 784 132 43 proinde
349 784 168 43 regenerato
481 784 144 43 loquitur
589 784 120 43 Paulus
674 784 120 43 Roman.
758 784 60 43 4
782 784 60 43 &
806 784 120 43 Galat.
890 784 72 43 3.
914 784 108 43 diserte

212 819 143 40 negans,
316 819 169 40 Abrahamum
446 819 117 40 bonis
524 819 156 40 operibus
640 819 104 40 suis
705 819 208 40 justificatum
874 819 104 40 apud
926 819 91 40 Deum;

213 850 71 41 De
249 850 71 41 se
284 850 106 41 autem
355 850 59 41 &
379 850 106 41 aliis
450 850 154 41 Apostolis
568 850 83 41 ait
615 850 95 41 idem
674 850 118 41 Paulus
757 850 95 41 Gal.
816 850 71 41 2.
852 850 71 41 v.
887 850 118 41 15,16.
958 850 59 41 No¬-

215 882 111 44 natura
292 882 111 44 Iudei,
370 882 55 44 &
392 882 77 44 non
436 882 66 44 ex
470 882 133 44 Gentibus
569 882 166 44 peccatores:
702 882 133 44 Scientes
802 882 77 44 non
846 882 166 44 justificari
968 882 55 44 ho¬-

230 917 98 41 minem
296 917 65 41 ex
328 917 131 41 operibus
427 917 109 41 Ligis,
503 917 76 41 sed
547 917 76 41 per
590 917 98 41 fidem
656 917 87 41 Iesu
710 917 131 41 Christi:
809 917 98 41 etiam
874 917 76 41 nos
918 917 65 41 in
940 917 76 41 Chri¬-

220 955 89 40 stum
275 955 100 40 Iesum
342 955 166 40 credidimus,
475 955 66 40 ut
508 955 199 40 justificaremur
674 955 66 40 ex
707 955 89 40 fide
762 955 133 40 Christi,
862 955 55 40 &
884 955 77 40 non
928 955 66 40 ex
951 955 66 40 ope¬-

227 989 92 42 ribus
278 989 72 42 Legi,

247 1019 96 43 Illi
307 1019 96 43 vero
367 1019 84 43 non
415 1019 108 43 minus
486 1019 60 43 a
510 1019 108 43 mente
582 1019 108 43 Pauli
654 1019 144 43 Apostoli
762 1019 156 43 aberrant,
881 1019 84 43 qui
917 1019 96 43 opinam

220 1052 84 39 tur
268 1052 120 39 tantum
352 1052 108 39 opera
423 1052 108 39 Legis
495 1052 191 39 ceremonialia
650 1052 60 39 a
674 1052 120 39 causis
758 1052 227 39 justificationis
937 1052 84 39 coram

220 1088 84 44 Deo
268 1088 145 44 excludi,
377 1088 84 44 non
425 1088 109 44 autem
497 1088 145 44 moralia.
606 1088 109 44 Atqui
678 1088 157 44 Abrahamus
799 1088 193 44 justificatus
944 1088 84 44 fuit,

234 1125 118 32 coram
312 1125 105 32 Deo,
378 1125 118 32 sicut
456 1125 105 32 ante
521 1125 183 32 institutam
665 1125 235 32 circumcisionem
861 1125 65 32 &
874 1125 157 32 oblationem

230 1152 123 39 Isaaci,
319 1152 90 39 Gen.
376 1152 78 39 15.
420 1152 67 39 v.
454 1152 67 39 6.
488 1152 90 39 Rom.
544 1152 56 39 4
566 1152 101 39 vers.
633 1152 78 39 10.
678 1152 78 39 sic
723 1152 101 39 etiam
790 1152 112 39 absque
869 1152 135 39 operibus
959 1152 78 39 Legis

231 1194 153 37 moralis,
346 1194 76 37 ut
384 1194 127 37 Paulus
473 1194 140 37 prolixe
575 1194 115 37 docet
652 1194 102 37 Gal.
715 1194 76 37 3.
754 1194 178 37 Quapropter
881 1194 153 37 Augustinus

229 1225 112 40 tertio
307 1225 101 40 tomo,
374 1225 101 40 libro
441 1225 67 40 de
475 1225 123 40 Spiritu
564 1225 56 40 &
586 1225 112 40 litera
664 1225 89 40 cap.
720 1225 67 40 6.
754 1225 56 40 &
776 1225 78 40 14.
821 1225 89 40 ait:
877 1225 101 40 Legem
944 1225 67 40 ex
966 1225 67 40 qua¬-

226 1253 142 40 Apostolus
335 1253 207 40 constantissimus
510 1253 120 40 gratiae
597 1253 175 40 praedicator,
739 1253 98 40 dicit
805 1253 120 40 neminem
881 1253 153 40 justificari,

235 1288 80 37 non
280 1288 114 37 tantum
360 1288 69 37 in
394 1288 206 37 circumcisione,
566 1288 57 37 &
589 1288 69 37 in
623 1288 103 37 illis
691 1288 183 37 Sacramentis,
840 1288 91 37 quae
897 1288 148 37 habuerunt
1000 1288 34 37 ?

229 1324 168 41 promissivas
363 1324 134 41 figuras,
463 1324 101 41 verum
530 1324 101 41 etiam
597 1324 67 41 in
631 1324 101 41 illis
698 1324 134 41 operibus
798 1324 89 41 vult
854 1324 156 41 intelligi,
966 1324 67 41 quae

235 1356 132 42 quisquis
334 1356 132 42 fecerit,
433 1356 99 42 juste
499 1356 110 42 vivit,
576 1356 99 42 nempe
642 1356 66 42 de
674 1356 88 42 Lege
729 1356 99 42 decem
795 1356 187 42 praeceptorum.
949 1356 88 42 Vide
993 1356 44 42 in

235 1388 101 44 illis
302 1388 146 44 capitibus
414 1388 112 44 plura,
493 1388 90 44 quae
549 1388 79 44 huc
594 1388 168 44 adscribere,
728 1388 101 44 nimis
785 1388 123 44 prolixum.

257 1412 192 52 Consentiunt
411 1412 154 52 nobiscum
526 1412 166 52 orthodoxi
654 1412 141 52 Patres,
756 1412 128 52 quorum
846 1412 179 52 testimonia
974 1412 64 52 vi¬-

230 1453 128 54 deantur
323 1453 70 54 in
358 1453 151 54 Symphonia
474 1453 116 54 nostra
556 1453 163 54 Catholica,
683 1453 70 54 c.
718 1453 81 54 12.
765 1453 105 54 thesi
835 1453 116 54 tertia
916 1453 58 54 &
927 1453 105 54 quarta;

238 1488 116 52 quibus
319 1488 139 52 addantur
423 1488 58 52 &
435 1488 81 52 ista¬-

269 1517 156 43 AMEROSIUS
389 1517 96 43 lib.
449 1517 72 43 2.
485 1517 72 43 de
521 1517 156 43 Vocatione
641 1517 144 43 Gentium,
749 1517 72 43 c.
785 1517 72 43 8.
821 1517 96 43 ait:
881 1517 84 43 Qui
917 1517 108 43 gratiam

222 1554 86 40 Dei
271 1554 147 40 secundum
381 1554 123 40 merita
467 1554 135 40 hominum
565 1554 98 40 dari
626 1554 110 40 audet
700 1554 159 40 asserere,
823 1554 123 40 contra
908 1554 110 40 fidem
970 1554 61 40 Ca¬-

228 1587 140 44 tholicam
333 1587 152 44 praedicat

260 1618 181 47 HIERONXMUS
402 1618 129 47 contra
493 1618 194 47 Pelagianos,
649 1618 117 47 primo
726 1618 129 47 libro,
817 1618 129 47 capite
907 1618 142 47 tertio¬

227 1652 93 38 Tunc
285 1652 93 38 ergo
343 1652 104 38 justi
413 1652 116 38 sumus,
494 1652 116 38 quando
575 1652 81 38 nos
622 1652 162 38 peccatores
749 1652 139 38 fatemur.
853 1652 116 38 Nostra
923 1652 116 38 justitia

235 1688 77 43 non
279 1688 66 43 ex
312 1688 110 43 nostro
390 1688 121 43 merito,
478 1688 77 43 sed
522 1688 66 43 ex
555 1688 77 43 Dei
599 1688 144 43 consistit
710 1688 188 43 misericordia:
864 1688 77 43 Non
909 1688 66 43 in
931 1688 99 43 hominis

238 1721 118 43 merito,
324 1721 75 43 sed
367 1721 65 43 in
400 1721 75 43 Dei
432 1721 97 43 gratia.

266 1741 185 56 AUGUSTINUS
411 1741 132 56 tertio
504 1741 119 56 tomo,
584 1741 185 56 Enchiridio
729 1741 79 56 ad
769 1741 185 56 Laurentium
915 1741 106 56 cap.
968 1741 66 56 30.

238 1786 90 40 Haec
294 1786 90 40 pars
350 1786 124 40 generis
440 1786 124 40 humani,
530 1786 79 40 cui
575 1786 180 40 liberationem
721 1786 90 40 Deus
777 1786 146 40 regnumque
890 1786 135 40 promisit
980 1786 56 40 ae¬-

239 1852 87 38 enim
294 1852 87 38 boni
348 1852 120 38 operari
436 1852 109 38 potest
512 1852 142 38 perditus,
621 1852 87 38 nisi
676 1852 120 38 quantum
763 1852 109 38 fuerit
840 1852 55 38 a
861 1852 153 38 perditione
971 1852 76 38 libe¬-

232 1884 112 54 ratus?
310 1884 123 54 Nunquid
399 1884 112 54 libero
478 1884 156 54 voluntatis
600 1884 145 54 arbitrio?
712 1884 67 54 Et
746 1884 78 54 hoc
790 1884 112 54 absit,
868 1884 78 54 nam
913 1884 112 54 libero
980 1884 56 54 ar¬-

239 1918 114 41 bitrio
318 1918 91 41 male
375 1918 102 41 utens
443 1918 102 41 homo,
512 1918 57 41 &
534 1918 68 41 se
568 1918 136 41 perdidit
671 1918 57 41 &
682 1918 91 41 ipsum.

285 1948 85 46 iam
333 1948 73 46 si
370 1948 85 46 non
418 1948 194 46 justificamur
575 1948 97 46 apud
636 1948 97 46 Deum
696 1948 109 46 bonis
769 1948 133 46 nostris
866 1948 157 46 operibus,
975 1948 60 46 tum

237 1987 83 39 nec
284 1987 130 39 propter
379 1987 153 39 justitiam
497 1987 130 39 nostram
591 1987 153 39 propriam,
709 1987 106 39 sicut
780 1987 118 39 Paulus
863 1987 71 39 de
898 1987 118 39 seipso
969 1987 59 39 te¬-

244 2020 106 36 statur
319 2020 127 36 Philipp.
414 2020 64 36 3.
446 2020 64 36 v.
478 2020 64 36 7,
509 2020 64 36 8,
541 2020 64 36 9.
573 2020 74 36 Sed
615 2020 85 36 quae
669 2020 85 36 mihi
722 2020 95 36 erant
785 2020 106 36 lucra,
859 2020 64 36 ea
891 2020 85 36 duxi
934 2020 95 36 propter

248 2054 151 37 Christum
362 2054 126 37 damnum
450 2054 113 37 esse.
526 2054 101 37 Quin
589 2054 113 37 etiam
664 2054 113 37 cerre
740 2054 101 37 duco
803 2054 113 37 omnia
879 2054 126 37 damnum
954 2054 76 37 est.

250 2088 124 35 propter
340 2088 158 35 eminentiam
464 2088 135 35 notitiae
566 2088 124 35 Christi
656 2088 90 35 Iesu
712 2088 113 35 Domini
791 2088 90 35 mei:
848 2088 124 35 propter
938 2088 90 35 quem
983 2088 45 35 o¬-

254 2120 111 36 mnibus
332 2120 100 36 istis
399 2120 122 36 meipsum
488 2120 134 36 multavi,
588 2120 100 36 eaque
655 2120 89 36 duco
710 2120 78 36 pro
755 2120 178 36 stercoribus,
899 2120 67 36 ut
922 2120 111 36 Christum

241 2150 190 42 lucrifaciam,
396 2150 71 42 Et
431 2150 154 42 comperiar
550 2150 71 42 in
586 2150 83 42 eo,
633 2150 83 42 non
681 2150 119 42 habens
764 2150 95 42 meum
823 2150 166 42 justitiam,
954 2150 119 42 nempe,
1025 2150 36 42 &

251 2183 87 43 quae
306 2183 76 43 est
349 2183 65 43 ex
371 2183 76 43 Lege.

279 2213 104 45 Sed
339 2213 237 45 justificamur
531 2213 119 45 apud
606 2213 119 45 Deum
680 2213 119 45 SOLA
754 2213 119 45 FIDE
828 2213 119 45 VIVA
902 2213 89 45 in
932 2213 104 45 Jesum

236 2245 142 46 Christum.

289 2277 98 45 Quod
350 2277 98 45 side
412 2277 197 45 justificemur
571 2277 98 45 apud
633 2277 111 45 Deum,
706 2277 74 45 ne
743 2277 147 45 Papistae
854 2277 123 45 quidem
927 2277 111 45 negant;

244 2316 79 52 sed
289 2316 68 52 in
323 2316 68 52 eo
357 2316 57 52 a
379 2316 102 52 nobis
447 2316 170 52 discrepant,
583 2316 90 52 quod
639 2316 113 52 aliter
718 2316 102 52 fidei
786 2316 147 52 justitiam
899 2316 158 52 definiant,
1012 2316 34 52 &

250 2354 61 38 &
274 2354 97 38 quod
335 2354 97 38 SOLA
396 2354 97 38 fide
456 2354 85 38 nos
505 2354 182 38 justificari
650 2354 97 38 apud
711 2354 97 38 Deum
760 2354 109 38 nogent.

287 2381 145 43 Orthodoxa
399 2381 145 43 sententia
510 2381 89 43 haec
566 2381 89 43 est:
622 2381 168 43 Iustificari
756 2381 89 43 apud
812 2381 89 43 Deum
868 2381 89 43 sola
924 2381 101 43 fide,
980 2381 56 43 est

251 2416 147 40 justificari
369 2416 88 40 solam
427 2416 117 40 justitia
515 2416 98 40 fidei,
584 2416 68 40 seu
623 2416 117 40 justitia
711 2416 78 40 Jesu
760 2416 117 40 Christi,
848 2416 78 40 quam
897 2416 78 40 sola
946 2416 78 40 fide
985 2416 49 40 vi¬-

253 2455 71 39 va
289 2455 71 39 in
324 2455 141 39 Christum
430 2455 59 39 &
454 2455 141 39 efficace
560 2455 83 39 per
607 2455 177 39 charitatem,
748 2455 130 39 tanquam
843 2455 106 39 unica
913 2455 94 39 illa
960 2455 83 39 manu¬-

244 2483 216 48 apprehendimus,
424 2483 156 48 accipimus
544 2483 60 48 &
568 2483 108 48 nobis
640 2483 180 48 applicamus,
785 2483 96 48 Gal.
845 2483 72 48 2.
881 2483 72 48 v.
917 2483 84 48 16.
953 2483 132 48 scientes.

251 2520 118 42 nominem
337 2520 75 42 non
380 2520 161 42 justificari
509 2520 64 42 ex
541 2520 129 42 operibus
638 2520 107 42 Legis,
713 2520 75 42 ἐαν
756 2520 64 42 μη
788 2520 64 42 δα
820 2520 107 42 πισεως
896 2520 97 42 ιnσοῦ
949 2520 97 42 Xρισοῦ,

249 2548 75 53 hoc
292 2548 86 53 est,
346 2548 97 53 NISi,
411 2548 86 53 seu,
465 2548 75 53 sed
508 2548 108 53 tantum
583 2548 75 53 per
627 2548 97 53 fidem
691 2548 86 53 Iesu
745 2548 129 53 Christi,
842 2548 75 53 hoc
885 2548 86 53 est,
939 2548 75 53 per
972 2548 75 53 opera

255 2589 92 42 quae
313 2589 138 42 Christus
417 2589 92 42 loco
474 2589 115 42 nostro
555 2589 115 42 fecit,
635 2589 81 42 per
682 2589 173 42 obedientiam
820 2589 138 42 Christi,
923 2589 92 42 quam
969 2589 81 42 solam

249 2616 93 44 fide
307 2616 105 44 nobis
377 2616 174 44 applicamus.
516 2616 93 44 Unde
575 2616 105 44 fides
644 2616 151 44 imputatur
760 2616 70 44 ad
795 2616 163 44 justitiam,
923 2616 70 44 ut
946 2616 93 44 Paulus

240 2645 138 50 loquitur
344 2645 92 50 Rom.
402 2645 69 50 4.
437 2645 69 50 v.
471 2645 69 50 5.
506 2645 81 50 non
552 2645 138 50 quatenus
656 2645 81 50 est
702 2645 138 50 qualitas
806 2645 104 50 nobis
875 2645 162 50 inhaerens,
990 2645 58 50 nec

253 2689 147 41 quatenus
363 2689 86 41 est
412 2689 110 41 opus,
486 2689 110 41 multo
559 2689 110 41 minus
633 2689 147 41 quatenus
743 2689 86 41 est
792 2689 147 41 meritum,
902 2689 86 41 sed
939 2689 98 41 metony

242 2722 81 41 mia
289 2722 138 41 adjuncti
392 2722 173 41 correlative
531 2722 161 41 intellecta
658 2722 81 41 per
704 2722 104 41 vocem
773 2722 104 41 fidei
842 2722 138 41 justitia
934 2722 104 41 Christ¬-

244 2755 89 39 quam
300 2755 101 39 fides
367 2755 179 39 apprehendit,
512 2755 67 39 ut
546 2755 101 39 patet
613 2755 67 39 ex
646 2755 101 39 eodem
714 2755 89 39 cap.
769 2755 67 39 4.
803 2755 67 39 v.
837 2755 78 39 11,
870 2755 56 39 13:

279 2786 67 47 Ac
312 2786 122 47 proinde
401 2786 100 47 fides
468 2786 78 47 nos
512 2786 167 47 justificat,
645 2786 78 47 non
690 2786 67 47 in
723 2786 78 47 se,
767 2786 78 47 est
812 2786 89 47 enim
867 2786 67 47 ex
901 2786 100 47 parte
967 2786 56 47 &
978 2786 56 47 Leg

248 2805 84 56 Dei
296 2805 84 56 non
344 2805 179 56 satisfacit:
487 2805 84 56 non
535 2805 84 56 sua
582 2805 72 56 vi
618 2805 60 56 &
642 2805 167 56 dignitate:
773 2805 84 56 non
821 2805 72 56 ob
857 2805 167 56 charitatem
976 2805 60 56 pe¬-

239 2852 105 40 quam
304 2852 144 40 efficax
409 2852 105 40 est,
474 2852 91 40 non
526 2852 157 40 quatenus
644 2852 183 40 conjunctam
788 2852 105 40 sibi
853 2852 144 40 comitem
945 2852 91 40 habe¬-

243 2887 180 43 charitatem,
387 2887 84 43 nec
435 2887 144 43 quatenus
544 2887 84 43 est
592 2887 144 43 qualitas
700 2887 84 43 aut
748 2887 132 43 habitus
845 2887 108 43 nobis
905 2887 132 43 inhaerens

235 2917 83 53 nec
283 2917 142 53 quatenus
389 2917 83 53 est
436 2917 95 53 opus
496 2917 118 53 bonum,
578 2917 95 53 quia
638 2917 154 53 Apostolus
756 2917 130 53 diserte
851 2917 118 53 dicit,
933 2917 83 53 non
969 2917 71 53 ope¬-

237 2948 105 46 ribus
307 2948 198 46 justificamur,
470 2948 81 46 sed
517 2948 105 46 fide:
586 2948 81 46 nec
633 2948 140 46 quatenus
738 2948 81 46 est
784 2948 116 46 cultus
866 2948 81 46 Dei
912 2948 58 46 &
935 2948 105 46 radix
993 2948 47 46 o¬-

236 2985 120 42 mnium
315 2985 146 42 aliorum
422 2985 146 42 bonorum
528 2985 146 42 operum:
634 2985 93 42 sed
688 2985 159 42 quatenus
807 2985 93 42 nos
860 2985 146 42 Christo
953 2985 80 42 con¬-

235 3014 163 59 glutinat,
361 3014 75 59 ut
398 3014 100 59 unum
461 3014 88 59 cum
511 3014 100 59 illo
574 3014 125 59 facti,
661 3014 225 59 participatione
849 3014 163 59 justitiae
962 3014 75 59 ejus

229 3050 156 41 fruamur.

279 3081 117 53 colam
357 3081 117 53 fidem
434 3081 104 53 quum
499 3081 155 53 dicimus,
616 3081 91 53 non
668 3081 155 53 privamus
784 3081 91 53 eam
836 3081 117 53 bonis
901 3081 142 53 operibus:

224 3109 82 50 sed
271 3109 140 50 duntaxat
376 3109 163 50 excludimus
505 3109 93 50 bona
563 3109 105 50 opera
633 3109 58 50 a
656 3109 117 50 causis
738 3109 199 50 efficientibus
890 3109 140 50 justificat

225 3153 143 53 tionis.
329 3153 91 53 Nam
381 3153 104 53 bona
446 3153 117 53 opera
524 3153 91 53 non
576 3153 182 53 praecedunt
719 3153 234 53 justificandum,
914 3153 91 53 sed
953 3153 117 53 sequun¬-

223 3184 81 43 tur
270 3184 196 43 justificatum,
431 3184 69 43 ut
465 3184 161 43 Augustinus
592 3184 138 43 loquitur

264 3223 71 55 At
300 3223 179 55 Pontificiis
443 3223 226 55 jUSTIPICARIFIDA
633 3223 95 55 est,
693 3223 155 55 justifica
812 3223 143 55 ivirtute
919 3223 119 55 fidei,
990 3223 48 55 ut

1048 168 78 52 est
1092 168 111 52 operum
1170 168 167 52 principium:
1303 168 78 52 vel
1348 168 156 52 praepatati
1470 168 89 52 fide
1526 168 67 52 ad
1559 168 156 52 justitiam,
1681 168 78 52 hoc
1726 168 89 52 est,
1781 168 67 52 ad
1803 168 56 52 di¬-

1050 210 165 45 lectionem,
1180 210 130 45 propter
1275 210 94 45 quam
1334 210 118 45 postea
1416 210 130 45 accepti
1511 210 118 45 simus.
1593 210 71 45 Et
1629 210 83 45 sic
1676 210 94 45 quod
1735 210 106 45 dicit
1794 210 71 45 Pau¬-

1045 244 82 42 lus
1092 244 94 42 Rom.
1151 244 70 42 4.
1186 244 70 42 v.
1221 244 70 42 5.
1256 244 105 42 Fides
1326 244 105 42 impio
1396 244 152 42 imputatur
1513 244 70 42 ad
1548 244 164 42 justitiam:
1677 244 117 42 Papani
1747 244 129 42 interpre¬-

1041 280 139 41 tantur;
1143 280 101 41 Deus
1206 280 114 41 fidem
1282 280 152 41 inventam
1396 280 76 41 in
1434 280 165 41 peccatore
1560 280 127 41 dignam
1649 280 127 41 ducit,
1738 280 89 41 cui
1776 280 101 41 confe¬

1034 318 30 41 i

1092 344 83 41 Sed
1139 344 94 41 ista
1198 344 201 41 interpretatio
1364 344 165 41 Pontificia
1493 344 83 41 est
1541 344 106 41 falsa
1611 344 130 41 propter
1706 344 153 41 sequentes
1812 344 59 41 ra¬

1039 375 104 43 tiones.

1077 406 80 44 I.
1117 406 106 44 Quia
1183 406 80 44 in
1223 406 120 44 impio
1303 406 106 44 Deus
1369 406 120 44 nihil
1449 406 159 44 reperit,
1568 406 80 44 ob
1608 406 120 44 cujus
1688 406 186 44 dignitatem
1821 406 66 44 eum

1054 445 170 43 justificet,
1189 445 136 43 alioquin
1291 445 79 43 jam
1336 445 79 43 non
1382 445 102 43 esset
1450 445 113 43 impius
1529 445 90 43 ante
1585 445 226 43 justificationem,
1778 445 79 43 sed
1811 445 57 43 pi¬-

1057 479 72 38 us
1093 479 60 38 &
1117 479 132 38 justus.
1213 479 96 38 Haec
1274 479 96 38 enim
1334 479 108 38 mutuo
1406 479 72 38 se
1442 479 168 38 destruunt,
1574 479 96 38 esse
1634 479 132 38 impium,
1731 479 60 38 &
1755 479 120 38 habere
1827 479 48 38 in

1055 516 67 38 se
1088 516 135 38 aliquid,
1189 516 67 38 ob
1223 516 101 38 cujus
1290 516 157 38 dignitatem
1403 516 168 38 justificeris.

1090 533 87 53 II.
1139 533 100 53 Quia
1202 533 150 53 perpetua
1314 533 175 53 antithesis
1452 533 112 53 fidei
1526 533 62 53 &
1551 533 137 53 operum:
1651 533 100 53 item
1714 533 137 53 gratiae
1814 533 62 53 &
1826 533 50 53 o¬-

1073 581 96 37 erum:
1137 581 85 37 item
1191 581 138 37 justitiae
1297 581 96 37 fidei
1361 581 53 37 &
1382 581 138 37 justitiae
1489 581 107 37 legis:
1563 581 85 37 item
1617 581 138 37 justitiae
1723 581 128 37 propriae
1819 581 53 37 &
1830 581 53 37 ju¬-

1056 620 126 39 stitiae
1147 620 137 39 Christi,
1250 620 91 39 quam
1307 620 148 39 Apostolus
1421 620 114 39 Paulus
1501 620 69 39 in
1535 620 80 39 hac
1581 620 183 39 disputatione
1730 620 114 39 urget,
1809 620 57 39 &
1821 620 57 39 ex¬-

1071 647 85 51 qua
1119 647 121 51 contra
1204 647 157 51 justitiam
1325 647 121 51 operum
1410 647 121 51 passim
1495 647 206 51 argumentatur,
1664 647 133 51 glossam
1749 647 121 51 Pontifi¬-

1063 680 91 41 ciam
1120 680 103 41 nulla
1188 680 126 41 ratione
1280 680 137 41 admittit

1099 702 172 60 justificatur
1239 702 97 60 autem
1304 702 119 60 quisque
1390 702 86 60 fide
1444 702 86 60 SUA,
1498 702 65 60 id
1530 702 86 60 est,
1584 702 119 60 propria
1670 702 65 60 ac
1703 702 151 60 singulari,
1821 702 75 60 qui

1068 752 192 40 unusquisque
1222 752 141 40 gratiam
1324 752 90 40 Dei
1375 752 77 40 in
1414 752 141 40 Christo
1516 752 128 40 Domino
1605 752 90 40 pro
1657 752 77 40 se
1695 752 192 40 apprehendit
1836 752 38 40 &

1060 780 140 45 firmiter
1165 780 128 45 cuedit,
1259 780 82 45 sua
1305 780 93 45 sibi
1364 780 128 45 peccata
1457 780 93 45 esse
1516 780 58 45 a
1539 780 82 45 Deo
1586 780 128 45 propter
1679 780 140 45 Christum
1772 780 117 45 remissa,

1094 840 87 44 Tali
1149 840 87 44 fide
1203 840 131 44 propria,
1302 840 77 44 seu
1345 840 131 44 speciali
1444 840 55 44 &
1466 840 142 44 singulari
1575 840 142 44 unicuique
1684 840 66 44 ad
1717 840 186 44 justificatio¬

1061 885 86 44 nem
1110 885 86 44 sui
1159 885 99 44 opus
1221 885 111 44 esse,
1295 885 161 44 argumenta
1419 885 161 44 sequentia
1542 885 185 44 confirmant:
1691 885 74 44 I.
1728 885 99 44 Quia
1777 885 99 44 justus

1066 919 66 39 ex
1099 919 88 39 fide
1154 919 77 39 SUA
1198 919 110 39 vivet.
1274 919 66 39 ut
1307 919 132 39 Spiritus
1406 919 121 39 Sanctus
1494 919 99 39 dicit
1560 919 110 39 Habac.
1636 919 66 39 2.
1669 919 66 39 v.
1691 919 44 39 4.

1091 939 85 52 II.
1139 939 97 52 Quia
1200 939 73 52 ad
1236 939 145 52 singulos
1345 939 133 52 electos
1442 939 145 52 pertinet
1550 939 73 52 in
1587 939 121 52 specie
1671 939 157 52 promissio
1780 939 109 52 federit

1068 984 144 47 gratiae,
1176 984 84 47 Ego
1224 984 84 47 sum
1271 984 96 47 Deus
1331 984 96 47 tuus
1391 984 60 47 &
1415 984 96 47 Deus
1475 984 132 47 seminis
1570 984 84 47 tui
1618 984 96 47 post
1666 984 48 47 te

1095 1012 92 45 III.
1153 1012 92 45 Quia
1211 1012 127 45 singuli
1303 1012 81 45 pro
1349 1012 69 45 se
1384 1012 185 45 baptizantur:
1534 1012 115 45 igitur
1615 1012 127 45 singuli
1707 1012 81 45 pro
1753 1012 69 45 se
1776 1012 104 45 credere

1073 1046 131 44 debent,
1168 1046 71 44 se
1204 1046 131 44 ablutos
1299 1046 142 44 sanguine
1405 1046 131 44 Christi
1500 1046 59 44 a
1524 1046 154 44 peccatis,
1643 1046 71 44 se
1678 1046 142 44 Christum
1773 1046 119 44 induisse

1074 1086 84 38 Marc
1126 1086 73 38 16.
1168 1086 63 38 v.
1199 1086 73 38 16.
1241 1086 84 38 Rom.
1293 1086 63 38 6.
1325 1086 63 38 v.
1356 1086 63 38 3.
1387 1086 84 38 Gal.
1440 1086 63 38 3.
1461 1086 52 38 27.

1094 1117 88 40 IV.
1145 1117 101 40 Quia
1208 1117 139 40 singuli
1309 1117 101 40 vere
1372 1117 139 40 fideles
1473 1117 164 40 accipiunt
1599 1117 88 40 pro
1649 1117 76 40 se
1687 1117 88 40 tum
1738 1117 114 40 panem
1813 1117 63 40 &
1826 1117 63 40 vi¬-

1061 1156 94 39 num
1114 1156 148 39 Domini,
1222 1156 94 39 tum
1275 1156 134 39 corpus
1369 1156 67 39 &
1396 1156 174 39 sanguinem
1530 1156 121 39 ejus:
1610 1156 107 39 ergo
1677 1156 148 39 singuli
1771 1156 121 39 credere

1065 1185 141 36 debent,
1168 1185 77 36 se
1206 1185 180 36 obedientia
1347 1185 141 36 Christi
1450 1185 77 36 in
1488 1185 128 36 mortem
1578 1185 128 36 corpus
1668 1185 103 36 suum
1732 1185 167 36 tradentis
1848 1185 38 36 &

1078 1218 159 41 sanguinem
1200 1218 183 41 effundentis
1347 1218 183 41 justificari
1494 1218 110 41 coram
1567 1218 98 41 Deo.
1628 1218 73 41 1.
1665 1218 147 41 Corinth.
1775 1218 86 41 10.
1824 1218 86 41 17.
1860 1218 37 41 &

1070 1255 83 44 cap.
1122 1255 73 44 11.
1153 1255 52 44 28.

1108 1277 76 47 V.
1146 1277 101 47 Quia
1210 1277 140 47 singuli
1311 1277 190 47 profitentur
1463 1277 76 47 se
1502 1277 140 47 credere
1603 1277 76 47 in
1641 1277 114 47 Deum,
1717 1277 101 47 quum
1781 1277 127 47 dicunt

1070 1316 118 44 Credo
1149 1316 79 44 in
1188 1316 118 44 Deum,
1253 1316 66 44 &c.

1107 1347 94 39 VI.
1160 1347 107 39 Quia
1227 1347 147 39 singuli
1334 1347 160 39 invocant
1454 1347 67 39 &
1481 1347 160 39 invocare
1601 1347 160 39 tenentur
1722 1347 107 39 Deum
1788 1347 80 39 ut
1815 1347 67 39 Pa¬-

1066 1387 104 34 trem
1131 1387 104 34 suam
1196 1387 65 34 &
1222 1387 78 34 ab
1261 1387 78 34 eo
1300 1387 143 34 quisque
1404 1387 91 34 pro
1456 1387 78 34 se
1496 1387 143 34 salutem
1600 1387 182 34 exspectat:
1730 1387 156 34 Quapropter

1067 1420 172 35 unusquisque
1204 1420 138 35 fidelium
1307 1420 80 35 pro
1353 1420 80 35 se,
1399 1420 80 35 sua
1445 1420 138 35 speciali
1548 1420 57 35 &
1571 1420 126 35 propria
1663 1420 92 35 fide
1720 1420 103 35 coram
1789 1420 80 35 Deo
1824 1420 57 35 ju¬-

1075 1452 186 45 stificatur,
1223 1452 136 45 salutem
1323 1452 74 45 in
1360 1452 136 45 Christo
1459 1452 124 45 Domino
1546 1452 198 45 apprehendit,
1707 1452 198 45 complectitur
1856 1452 37 45 &

993 1483 93 47 E

1111 1516 87 44 Hoc
1160 1516 112 44 dogma
1235 1516 75 44 de
1272 1516 224 44 justificatione
1459 1516 149 44 cujusque
1571 1516 87 44 per
1621 1516 112 44 fidem
1695 1516 100 44 suam
1745 1516 137 44 specialem

1067 1553 189 34 singularem,
1218 1553 164 34 propriam,
1344 1553 164 34 nequaquam
1470 1553 113 34 novum
1546 1553 101 34 est,
1609 1553 88 34 sed
1659 1553 164 34 antiquum,
1785 1553 88 34 sed
1822 1553 76 34 per¬-

1074 1589 140 39 petuum,
1176 1589 127 39 utpote
1265 1589 89 39 per
1316 1589 165 39 Prophetas
1443 1589 140 39 veteris
1545 1589 191 39 Testamenti,
1698 1589 153 39 Christum
1800 1589 89 39 ipsum

1071 1623 60 42 &
1095 1623 156 42 Apostolos
1215 1623 144 42 traditum
1323 1623 60 42 &
1347 1623 72 42 in
1383 1623 144 42 Ecclesia
1491 1623 84 42 Dei
1538 1623 72 42 ad
1574 1623 84 42 nos
1622 1623 108 42 usque
1694 1623 180 42 propagatum,
1838 1623 84 42 sic

1078 1654 72 44 ut
1114 1654 120 44 temere
1198 1654 60 44 a
1222 1654 132 44 Papanis
1318 1654 180 44 suggilletur
1462 1654 132 44 tanquam
1557 1654 108 44 novum
1629 1654 60 44 &
1653 1654 156 44 Ecclesiae
1773 1654 84 44 Dei
1809 1654 84 44 prius

1056 1687 170 44 inauditum.

1103 1715 105 46 Causa
1173 1715 82 46 per
1220 1715 58 46 &
1243 1715 128 46 propter
1337 1715 93 46 quam
1395 1715 187 46 justificamur
1547 1715 93 46 apud
1605 1715 105 46 Deum,
1675 1715 82 46 est
1722 1715 152 46 justitia.
1827 1715 70 46 Pet.

1081 1753 152 36 justitiam
1198 1753 93 36 enim
1256 1753 82 36 nos
1303 1753 175 36 justificari
1443 1753 105 36 coram
1513 1753 93 36 Deo,
1571 1753 117 36 certum
1653 1753 93 36 est:
1711 1753 82 36 nam
1758 1753 93 36 sine
1805 1753 93 36 justi¬-

1085 1787 79 40 tia
1130 1787 113 40 justum
1209 1787 124 40 censeri
1299 1787 124 40 perinde
1389 1787 113 40 esset,
1467 1787 68 40 ac
1501 1787 90 40 sine
1557 1787 135 40 doctrina
1659 1787 124 40 doctum,
1749 1787 90 40 sine
1794 1787 101 40 sapien¬-

1071 1820 88 45 tia
1122 1820 163 45 sapientem
1235 1820 125 45 censeri.

1108 1839 68 52 Ea
1142 1839 102 52 autem
1209 1839 147 52 justitia,
1322 1839 79 52 non
1367 1839 79 52 est
1412 1839 113 52 nostra
1491 1839 124 52 propria
1581 1839 135 52 justitia
1683 1839 79 52 hoc
1728 1839 90 52 est,
1784 1839 102 52 nobis
1841 1839 45 52 in

1077 1874 139 52 haerens,
1182 1874 93 52 sive
1239 1874 81 52 sit
1286 1874 58 52 a
1309 1874 104 52 nobis
1378 1874 104 52 ipsis
1448 1874 162 52 comparata,
1575 1874 93 52 sive
1633 1874 58 52 a
1656 1874 127 52 Spiritu
1749 1874 81 52 Dei
1795 1874 69 52 in
1818 1874 81 52 homi¬-

1077 1921 82 41 nem
1124 1921 129 41 infusa,
1218 1921 94 41 illa
1277 1921 94 41 enim
1336 1921 106 41 coram
1406 1921 153 41 tribunali
1523 1921 82 41 Dei
1570 1921 82 41 non
1617 1921 164 41 consistit:
1746 1921 70 41 ut
1770 1921 129 41 sequentia

1107 1954 140 43 gumenta
1196 1954 153 43 ostendunt.

1106 1994 139 39 Primum:
1207 1994 164 39 Justitiam
1333 1994 101 39 quam
1396 1994 113 39 coram
1472 1994 164 39 tribunali
1598 1994 88 39 Dei
1648 1994 202 39 consistimus,
1799 1994 101 39 perfe¬-

235 1827 136 34 ternum,
334 1827 136 34 nunquid
433 1827 136 34 meritis
532 1827 124 34 operum
619 1827 124 34 suorum
706 1827 149 34 reparari
817 1827 136 34 potest?
916 1827 124 34 Absit:
1003 1827 99 34 Quid
1053 1827 37 34 F

1074 2018 97 40 ctam
1134 2018 133 40 omnibus
1231 2018 145 40 numeris,
1341 2018 145 40 partibus
1450 2018 61 40 &
1474 2018 145 40 gradibus
1583 2018 97 40 esse
1644 2018 133 40 necesse
1741 2018 97 40 est:
1801 2018 73 40 At
1825 2018 61 40 ju¬-

1077 2056 124 44 stitia
1163 2056 112 44 nobis
1238 2056 136 44 infusa,
1337 2056 87 44 non
1386 2056 87 44 est
1436 2056 136 44 omnibus
1535 2056 149 44 numeris,
1647 2056 149 44 partibus
1758 2056 62 44 &
1770 2056 112 44 gradibu

1087 2089 141 49 perfecta:
1196 2089 87 49 Ergo
1250 2089 130 49 justitia
1347 2089 98 49 nobis
1412 2089 108 49 infusa
1488 2089 76 49 non
1531 2089 76 49 est
1575 2089 130 49 justitia
1672 2089 87 49 illa
1726 2089 76 49 qua
1770 2089 98 49 coram
1824 2089 65 49 tri¬-

1074 2121 125 44 bunali
1161 2121 87 44 Dei
1198 2121 175 44 consistimus.

1114 2149 108 40 Major
1186 2149 168 40 propositio
1319 2149 84 40 est
1367 2149 180 40 certissima:
1511 2149 84 40 Nam
1559 2149 84 40 quo
1607 2149 108 40 coram
1679 2149 156 40 tribunali
1800 2149 84 40 Dei
1836 2149 60 40 co¬-

1079 2182 148 44 sistimus,
1193 2182 68 44 id
1227 2182 91 44 Legi
1284 2182 80 44 Dei
1329 2182 125 44 penitus
1420 2182 171 44 satisfacere
1557 2182 125 44 necesse
1648 2182 91 44 est.
1705 2182 91 44 Legi
1751 2182 148 44 satisfactum

1087 2222 97 37 esse
1148 2222 146 37 oportet,
1257 2222 85 37 aut
1305 2222 109 37 justi
1378 2222 97 37 esse
1439 2222 85 37 non
1487 2222 158 37 possumus.
1609 2222 85 37 Non
1657 2222 97 37 enim
1718 2222 109 37 aliam
1779 2222 109 37 Dominus

1083 2258 168 34 justitiam
1213 2258 142 34 probat,
1316 2258 104 34 quam
1381 2258 117 34 illam
1459 2258 117 34 ipsam
1536 2258 104 34 quae
1601 2258 104 34 Lege
1666 2258 207 34 describitur,
1821 2258 78 34 quam

1080 2324 95 44 ciantur.

1120 2349 107 50 Minor
1191 2349 166 50 propositio
1322 2349 107 50 etiam
1393 2349 166 50 certissima
1523 2349 95 50 est:
1582 2349 83 50 Nam
1629 2349 142 50 justitia
1736 2349 107 50 nobis
1795 2349 95 50 infusa

1080 2388 155 39 nequaquam
1199 2388 83 39 est
1247 2388 143 39 perfecta
1354 2388 71 39 in
1389 2388 83 39 hac
1437 2388 107 39 vita:
1508 2388 95 39 quia
1568 2388 107 39 fides
1639 2388 143 39 inchnata
1746 2388 95 39 est,
1806 2388 59 39 &
1818 2388 83 39 nobis

1082 2423 127 42 semper
1171 2423 166 42 precandum
1299 2423 102 42 est,
1363 2423 76 42 ut
1401 2423 76 42 ea
1439 2423 140 42 auctior
1541 2423 102 42 esse
1605 2423 140 42 possit:
1707 2423 140 42 orandum
1796 2423 102 42 semper

1086 2488 96 42 est,
1146 2488 72 42 ex
1182 2488 96 42 fide
1242 2488 108 42 etiam
1314 2488 168 42 imperfecta
1446 2488 60 42 &
1470 2488 144 42 quotidie
1577 2488 96 42 nova
1637 2488 168 42 incrementa
1757 2488 144 42 accipiento

1086 2532 75 37 in
1124 2532 151 37 Christo,
1237 2532 63 37 &
1262 2532 113 37 quasi
1338 2532 75 37 ex
1376 2532 101 37 fide
1438 2532 75 37 in
1476 2532 113 37 fidem
1552 2532 138 37 majorem
1652 2532 214 37 progrediente:
1816 2532 75 37 Quem

1085 2559 146 39 admodum
1191 2559 119 39 etiam
1270 2559 79 39 in
1310 2559 159 39 imaginem
1429 2559 238 39 Dtransformamur
1627 2559 79 39 ex
1667 2559 132 39 gloria
1760 2559 79 39 in
1786 2559 106 39 gloria

1089 2593 68 42 ut
1123 2593 124 42 dicitur
1213 2593 68 42 2.
1247 2593 90 42 Cor.
1303 2593 68 42 3.
1337 2593 68 42 v.
1371 2593 90 42 ult.
1427 2593 79 42 hoc
1472 2593 90 42 est,
1529 2593 158 42 successive
1653 2593 68 42 de
1687 2593 102 42 gradu
1754 2593 68 42 in
1788 2593 124 42 gradum,
1867 2593 34 42 &

1086 2630 118 40 gloria
1169 2630 71 40 in
1204 2630 130 40 gloriam
1299 2630 142 40 majorem.
1405 2630 94 40 Quod
1464 2630 71 40 si
1500 2630 106 40 fides
1570 2630 165 40 imperfecta
1700 2630 83 40 est
1747 2630 71 40 in
1783 2630 83 40 hac
1818 2630 83 40 vita;

1089 2657 125 40 justitia
1182 2657 104 40 infusa
1255 2657 83 40 quae
1307 2657 62 40 ex
1338 2657 83 40 fide
1390 2657 135 40 nascitur,
1494 2657 125 40 perfecta
1588 2657 83 40 esse
1640 2657 73 40 non
1681 2657 114 40 potest.
1764 2657 104 40 Estque
1827 2657 62 40 cer¬-

1090 2690 127 45 tissima
1183 2690 93 45 haec
1229 2690 174 45 argumentatio¬-

1121 2718 104 44 Qualis
1193 2718 73 44 est
1235 2718 93 44 fides
1297 2718 62 44 in
1328 2718 73 44 hac
1370 2718 93 44 vita,
1432 2718 93 44 talis
1494 2718 73 44 est
1536 2718 125 44 justitia
1629 2718 93 44 nobis
1691 2718 114 44 infusa:
1774 2718 62 44 At
1806 2718 93 44 fides
1857 2718 42 44 in

1094 2764 77 41 nac
1138 2764 88 41 vita
1193 2764 77 41 est
1238 2764 166 41 imperfecta:
1370 2764 88 41 Ergo
1426 2764 55 41 &
1448 2764 133 41 justitia
1547 2764 100 41 nobis
1614 2764 111 41 infusa
1691 2764 77 41 est
1735 2764 155 41 imperfecta
1846 2764 55 41 in¬-

1088 2791 74 37 hac
1120 2791 74 37 vita.

1113 2820 106 44 Major
1184 2820 82 44 est
1231 2820 177 44 indubitatae
1372 2820 165 44 veritatis:
1502 2820 82 44 nam
1549 2820 177 44 impossibile
1691 2820 82 44 est
1738 2820 118 44 causam
1809 2820 82 44 effi,

1088 2854 130 38 cientem
1183 2854 95 38 esse
1242 2854 165 38 deteriorem
1372 2854 83 38 suo
1419 2854 142 38 effectu:
1526 2854 177 38 impossibile
1667 2854 142 38 effectum
1774 2854 95 38 esse
1821 2854 71 38 per¬

1087 2893 22 40 s¬

1047 2922 63 40 b

1106 2951 158 43 Secundum
1225 2951 185 43 argumentum
1370 2951 172 43 Justitiam
1502 2951 106 43 quam
1568 2951 119 43 coram
1647 2951 172 43 tribunali
1779 2951 92 43 Dei
1819 2951 79 43 con¬

1086 2990 25 36 sit

1033 3027 81 32 A

1068 3065 48 36 ad

1077 3096 36 41 q

1125 3116 110 47 Minor
1198 3116 86 47 est
1247 3116 172 47 verissima:
1382 3116 86 47 Nam
1431 3116 147 47 Propheta
1542 3116 135 47 Jesaias
1640 3116 74 47 de
1676 3116 86 47 sua
1725 3116 61 47 &
1750 3116 135 47 aliorum
1836 3116 61 47 fi¬

1076 3158 38 41 de

1063 3194 52 34 ta

1075 3229 40 35 ni¬
