2063 3413
202 198 69 37 1.
237 198 58 37 &
260 198 69 37 2.
295 198 115 37 Dictum
375 198 127 37 Davidis
468 198 104 37 filii
537 198 127 37 Ischai,
629 198 115 37 dictum
710 198 115 37 inquam
790 198 92 37 viri
848 198 81 37 qui
883 198 115 37 constitu

199 228 78 42 tus
244 228 78 42 est
288 228 145 42 excelsus,
400 228 112 42 unctus
478 228 78 42 Dei
523 228 112 42 Iacobi
601 228 56 42 &
623 228 112 42 amenus
701 228 123 42 Psalmis
791 228 190 42 Israelitarum.
936 228 67 42 Spi-

211 265 98 34 ritus
276 265 119 34 Iehovae
363 265 119 34 locutus
450 265 76 34 est
494 265 65 34 in
526 265 76 34 me,
570 265 54 34 &
591 265 98 34 sermo
656 265 87 34 eius
711 265 76 34 per
754 265 119 34 linguam
841 265 98 34 meam.
906 265 65 34 Et
928 265 76 34 Chri-

200 298 93 32 stus
259 298 93 32 ipse
317 298 116 32 Matth.
398 298 82 32 22.
445 298 70 32 v.
480 298 82 32 43.
526 298 128 32 Quomodo
620 298 93 32 ergo
678 298 105 32 David
748 298 82 32 per
794 298 140 32 Spiritum
899 298 105 32 vocat
957 298 47 32 ei

211 324 148 39 Dominum:
321 324 135 39 dicens,
420 324 111 39 Dixit
494 324 135 39 Dominus
592 324 123 39 Domino
678 324 98 39 meo,
739 324 98 39 sede
801 324 74 39 ad
838 324 135 39 dextram
924 324 86 39 meum:

223 364 91 42 quae
279 364 102 42 verba
347 364 113 42 Psalm.
427 364 79 42 110
472 364 136 42 exstant.
574 364 68 42 Et
608 364 136 42 Apostoli
710 364 102 42 omnes
778 364 91 42 unam
834 364 91 42 voce
891 364 113 42 Actor.
959 364 45 42 4.

217 396 64 38 v.
249 396 75 38 42,
292 396 54 38 &
314 396 161 38 sequentibus
442 396 139 38 inquiunt:
549 396 118 38 Domine,
635 396 64 38 tu
667 396 64 38 es
699 396 86 38 Deus
753 396 86 38 ille
806 396 75 38 qui
849 396 118 38 fecisti
924 396 86 38 caelus

209 429 66 34 ac
242 429 121 34 terram,
330 429 99 34 mare,
395 429 55 34 &
417 429 99 34 omnia
483 429 88 34 quae
538 429 66 34 in
571 429 77 34 eis
615 429 99 34 sunt:
680 429 77 34 Qui
724 429 121 34 Spiritu
812 429 110 34 Sancto
888 429 77 34 per
932 429 66 34 os
954 429 55 34 Da-

221 463 95 35 vidis
285 463 95 35 pueri
348 463 74 35 tui
390 463 126 35 dixisti,
484 463 74 35 Cur
527 463 147 35 fremuerunt
642 463 105 35 gentes
716 463 53 35 &
737 463 105 35 populi
811 463 126 35 meditati
905 463 84 35 sunt
947 463 53 35 in-

219 498 104 33 ania?
289 498 173 33 Adstiterunt
427 498 104 33 Reges
496 498 115 33 terrae
577 498 58 33 &
600 498 150 33 principis
716 498 115 33 coacti
796 498 92 33 sunt
854 498 104 33 simul
912 498 115 33 adversus

223 525 135 38 Dominum
321 525 61 38 &
345 525 147 38 Christum
455 525 110 38 eius.
529 525 135 38 Denique
627 525 147 38 caeteris
737 525 159 38 Apostolis
847 525 159 38 consentiens

221 555 98 43 Paulus
290 555 59 43 ad
319 555 79 43 Heb.
368 555 59 43 5.
398 555 59 43 3.
427 555 59 43 v.
457 555 59 43 7.
486 555 49 43 &
506 555 59 43 8.
535 555 79 43 ait:
584 555 88 43 Sicut
643 555 88 43 dicit
702 555 118 43 Spiritus
790 555 79 43 ille
839 555 118 43 Sanctus;
928 555 88 43 Hodie
977 555 39 43 si

223 591 99 35 vocem
289 591 88 35 eius
344 591 165 35 audieritis,
476 591 66 35 Ne
509 591 132 35 obdurate
608 591 99 35 corda
674 591 121 35 vestra,
762 591 66 35 si
795 591 66 35 ut
828 591 66 35 in
850 591 165 35 exacerbatione

221 618 62 42 in
252 618 72 42 die
293 618 154 42 tentationis
416 618 103 42 illius
488 618 62 42 in
519 618 123 42 deserto,
611 618 72 42 &c.
652 618 134 42 quaeverba
755 618 82 42 sunt
806 618 92 42 Psal.
868 618 72 42 95.
909 618 92 42 juxta
961 618 51 42 nu-

217 657 170 40 merationem
351 657 158 40 Hebraeam.
472 657 97 40 Quod
533 657 97 40 vero
594 657 122 40 Paulum
679 657 182 40 Samosatenum
825 657 146 40 Eusebius
922 657 85 40 scri-

230 693 76 34 bit
274 693 65 34 de
306 693 130 34 Ecclesia
404 693 152 34 sustulisse
523 693 119 34 Psalmos
610 693 98 34 illos
675 693 76 34 qui
719 693 65 34 in
751 693 119 34 Christi
838 693 109 34 laudem
903 693 109 34 decanta.

229 720 129 42 bantur,
323 720 82 42 non
370 720 153 42 dePsalmis
488 720 164 42 Davidicis,
617 720 82 42 sed
664 720 70 42 de
699 720 117 42 hymnis
781 720 70 42 de
816 720 94 42 voto
863 720 153 42 Christiano-

228 754 84 49 rum
276 754 60 49 &
300 754 84 49 pio
347 754 119 49 studio
431 754 72 49 in
467 754 131 49 honorem
562 754 131 49 Christi
658 754 119 49 factis
741 754 203 49 intelligendum
897 754 107 49 videtur

269 790 79 38 Ec
308 790 304 38 CLESIASTENSALOMONIS
573 790 199 38 repudiarunt
732 790 146 38 quidam,
838 790 119 38 teste
904 790 106 38 Phila-

236 819 105 40 strio
306 819 70 40 in
341 819 139 40 catalogo
446 819 163 40 haereseon,
573 819 93 40 cap.
632 819 151 40 centesimo
748 819 244 40 trigesimosecundo,
945 819 70 40 quoc

236 853 87 38 eum
285 853 124 38 librum
372 853 137 38 Salomon
472 853 75 38 in
509 853 137 38 extrema
609 853 137 38 senecta
708 853 187 38 composuisse
857 853 149 38 videatur
957 853 62 38 cum

234 893 175 32 depiavatus
371 893 113 32 esset
446 893 113 32 amore
521 893 163 32 mulierum,
646 893 63 32 &
671 893 100 32 quod
734 893 75 32 in
771 893 75 32 eo
809 893 113 32 libro
884 893 125 32 summum
959 893 63 32 bo-

235 928 76 42 num
279 928 65 42 in
311 928 130 42 corporis
409 928 174 42 voluptatibus
550 928 184 42 constituerit,
701 928 98 42 atque
767 928 76 42 ita
810 928 65 42 ad
842 928 119 42 Epicuri
929 928 87 42 sive
973 928 43 42 A-

231 956 140 45 ristippi
336 956 151 45 (hilosoph
453 956 70 45 am
487 956 116 45 aditum
557 956 140 45 paraverit.

273 980 128 47 Scribit
367 980 105 47 etiam
436 980 175 47 Bellarminus
576 980 105 47 libro
646 980 105 47 primo
716 980 70 47 de
751 980 105 47 Verbo
821 980 93 47 Dei,
879 980 93 47 cap.
937 980 70 47 5.
961 980 58 47 se-

230 1027 128 31 ctione
320 1027 217 31 decimaquinta,
498 1027 153 31 Martinum
613 1027 153 31 Lutherum
728 1027 77 31 in
767 1027 204 31 Convivalibus
920 1027 102 31 sermo-

249 1053 104 39 nibus
319 1053 93 39 tit.
377 1053 70 39 de
412 1053 116 39 libris
493 1053 128 39 Veteris
586 1053 58 39 &
609 1053 93 39 Novi
667 1053 162 39 Testamenti
795 1053 128 39 dicere,
887 1053 128 39 autorem
969 1053 46 39 li

242 1088 74 39 bri
285 1088 74 39 qui
327 1088 170 39 Ecclesiastes
466 1088 160 39 inscribitur
593 1088 85 39 sibi
647 1088 106 39 videri
721 1088 106 39 ocreis
796 1088 53 39 &
817 1088 149 39 calcaribus
923 1088 96 39 destitu

250 1118 100 41 tum,
312 1118 149 41 equitare
424 1118 125 41 tantum
511 1118 75 41 in
548 1118 137 41 soccis,
648 1118 187 41 quemadmodum
797 1118 100 41 ipse
860 1118 149 41 soleret,
959 1118 75 41 quum

250 1153 99 44 adhuc
316 1153 99 44 esset
382 1153 66 44 in
403 1153 110 44 coenobio

279 1182 82 44 Sed
326 1182 93 44 quod
384 1182 128 44 attinet
478 1182 70 44 ad
513 1182 163 44 haereticos
641 1182 117 44 quorum
723 1182 175 44 Philastrius
863 1182 128 44 meminit
956 1182 58 44 &
980 1182 82 44 qui

250 1213 118 42 duobus
333 1213 165 42 argumentis
462 1213 94 42 moti
521 1213 118 42 librum
604 1213 189 42 Ecclesiastae
757 1213 165 42 repudiant,
887 1213 71 42 ii
922 1213 71 42 in
946 1213 82 42 primi

252 1259 173 38 argumento
385 1259 186 38 committunt
531 1259 173 38 fallaciam
663 1259 159 38 secundum
783 1259 120 38 plura
849 1259 173 38 interrogata

248 1284 217 45 conjungentes
425 1284 81 45 ea
465 1284 81 45 de
506 1284 136 45 quibus
601 1284 163 45 diversum
723 1284 95 45 est
777 1284 176 45 judicium.
913 1284 95 45 Nam
953 1284 68 45 quo

244 1317 123 37 Salomon
333 1317 112 37 librum
412 1317 179 37 Ecclesiastae
557 1317 157 37 scripserit
681 1317 67 37 in
714 1317 123 37 extrema
804 1317 134 37 senecta,
905 1317 101 37 ultro
961 1317 67 37 con-

255 1356 136 31 cedimus
354 1356 99 31 Quod
415 1356 99 31 vero
477 1356 148 31 additur,
588 1356 74 31 um
625 1356 173 31 depravatus
761 1356 111 31 esset
836 1356 111 31 amore
897 1356 124 31 multerum

252 1386 142 42 ambiguum
359 1386 95 42 est:
418 1386 95 42 quia
477 1386 118 42 duobus
560 1386 106 42 madis
631 1386 154 42 intelligi
749 1386 130 42 potest,
844 1386 83 42 vel
891 1386 95 42 quod
938 1386 83 42 Salo-

254 1421 80 39 mon
299 1421 92 39 ante
357 1421 172 39 scriptionem
495 1421 103 39 libri
563 1421 103 39 hujus
632 1421 161 39 depravatus
759 1421 126 39 fuerit,
850 1421 172 39 resipiscens
977 1421 57 39 au-

249 1453 83 37 tem
297 1453 71 37 ab
332 1453 95 37 illa
392 1453 155 37 pravitate
511 1453 119 37 librum
594 1453 95 37 hunc
653 1453 178 37 scripserit:
796 1453 83 37 vel
844 1453 95 37 quod
891 1453 143 37 depravatur

253 1483 141 38 manens
352 1483 141 38 librum
450 1483 113 38 hunc
521 1483 226 38 composuerit.
704 1483 127 38 Prior
789 1483 141 38 sensus
888 1483 99 38 est
930 1483 113 38 verus,

266 1515 149 37 posterior
380 1515 126 37 falsus.
472 1515 80 37 Nam
518 1515 126 37 Salomon
610 1515 69 37 in
644 1515 103 37 libro
713 1515 195 37 Ecclesiastis,
874 1515 115 37 ductus
943 1515 103 37 Spiritu

253 1555 78 31 Dei
298 1555 112 31 voluit
376 1555 101 31 coram
443 1555 134 31 Ecclesia
544 1555 89 31 ejus
600 1555 168 31 testificari
734 1555 112 31 seriam
812 1555 201 31 resipiscentiam
969 1555 78 31 suam,

257 1580 63 34 &
283 1580 152 34 abducere
397 1580 114 34 omnes
472 1580 63 34 a
498 1580 127 34 studio
586 1580 165 34 vanitatum
713 1580 63 34 &
738 1580 127 34 contra
827 1580 177 34 instituere
953 1580 89 34 omnes

257 1613 68 40 in
291 1613 79 40 via
336 1613 102 40 verae
403 1613 147 40 pietatis.
516 1613 124 40 Proinde
607 1613 181 40 professionem
753 1613 203 40 resipiscentiae
923 1613 90 40 suae
968 1613 79 40 ordi-

263 1648 79 34 tur
308 1648 79 34 his
353 1648 125 34 verbis:
444 1648 125 34 Vanitas
535 1648 148 34 vanissima
649 1648 114 34 inquit
728 1648 182 34 Ecclesiastes
876 1648 79 34 (id
921 1648 91 34 est,
967 1648 79 34 Salo-

265 1679 85 37 mon
314 1679 146 37 sermonem
423 1679 220 37 poenitentialem
607 1679 73 37 in
643 1679 146 37 Ecclesia
753 1679 85 37 Dei
802 1679 134 37 habens)
900 1679 134 37 vanitas
985 1679 61 37 va-

259 1710 138 39 nissima;
362 1710 92 39 ista
419 1710 103 39 omnia
488 1710 92 39 sunt
545 1710 138 39 vanitas:
649 1710 57 39 &
671 1710 115 39 passim
752 1710 69 39 in
786 1710 92 39 toto
844 1710 103 39 libro
912 1710 161 39 confitetur

263 1751 127 37 quibus
352 1751 76 37 in
390 1751 114 37 rebus
467 1751 191 37 peccaverit,
619 1751 191 37 agnoscitque
771 1751 114 37 earum
848 1751 178 37 vanitatem.
975 1751 64 37 Sum

270 1776 82 42 mam
317 1776 105 42 autem
387 1776 93 42 veri
445 1776 58 42 &
468 1776 151 42 salutaris
585 1776 117 42 studii
667 1776 186 42 complectitur
818 1776 117 42 ultimo
900 1776 117 42 capite
969 1776 82 42 ista-

265 1811 175 39 hortatione.
405 1811 93 39 DEUM
463 1811 105 39 ipsum
533 1811 140 39 reverere
638 1811 58 39 &
662 1811 151 39 praecepta
778 1811 93 39 eius
836 1811 140 39 observa,
941 1811 93 39 quia
988 1811 58 39 hoc

264 1844 82 39 est
311 1844 106 39 totum
382 1844 141 39 hominis.
488 1844 82 39 Nam
535 1844 94 39 omne
593 1844 94 39 opus
652 1844 94 39 Deus
711 1844 94 39 ipse
770 1844 129 39 adducet
864 1844 71 39 in
899 1844 141 39 iudicium
993 1844 59 39 cum

272 1881 91 35 omni
329 1881 69 35 re
363 1881 137 35 occulta;
466 1881 91 35 sive
523 1881 114 35 bonum,
603 1881 91 35 sive
660 1881 114 35 malum.
740 1881 91 35 Unde
797 1881 149 35 sententia
900 1881 137 35 veterumju-

273 1909 127 37 daeorum
366 1909 104 37 fuit,
435 1909 104 37 teste
505 1909 116 37 sancto
586 1909 150 37 Hieronymo
702 1909 69 37 in
736 1909 104 37 caput
806 1909 116 37 primum
875 1909 174 37 Ecclesiastis,

266 1942 128 43 librum
356 1942 102 43 hunc
419 1942 102 43 esse
483 1942 179 43 compositum
623 1942 64 43 a
649 1942 153 43 Salomone
764 1942 153 43 postquam
866 1942 179 43 resipuisset.

272 1977 107 38 quam
338 1977 187 38 sententiam
485 1977 107 38 idem
552 1977 187 38 Hieronymus
698 1977 173 38 approbare
832 1977 147 38 videtur
938 1977 80 38 in
965 1977 80 38 Com-

271 2014 139 33 mentario
376 2014 162 33 Ezechielis
503 2014 116 33 capite
572 2014 243 33 quadragesimotertio-

294 2038 154 44 Adversus
409 2038 115 44 datam
486 2038 179 44 solutionem
627 2038 128 44 quidam
717 2038 179 44 replicant,
845 2038 192 44 probabiliorem

255 2070 117 42 semper
337 2070 164 42 existimari
466 2070 117 42 sancti
548 2070 152 42 Augustini
665 2070 175 42 sententiam,
805 2070 82 42 qui
852 2070 70 42 in
887 2070 129 42 Psalmum
969 2070 70 42 cen-

255 2108 166 41 tesimum
376 2108 286 41 vigesimumsextum
617 2108 75 41 &
647 2108 136 41 alibi
737 2108 136 41 saepe
828 2108 196 41 Salomonem
964 2108 75 41 re-

274 2139 150 39 probatum
386 2139 63 39 a
411 2139 88 39 Deo
461 2139 125 39 fuisse
549 2139 150 39 scribit,
661 2139 100 39 quod
724 2139 163 39 Scriptura
849 2139 125 39 divina
924 2139 113 39 senectu

256 2172 81 40 tem
303 2172 93 40 ejus
361 2172 163 40 gravissime
489 2172 186 40 reprehendat,
641 2172 81 40 nec
687 2172 70 40 de
722 2172 175 40 soenitentia
862 2172 128 40 aliquid
955 2172 116 40 usquam

264 2202 96 42 addat,

287 2222 145 58 RESPON.
392 2222 158 58 Judicium
511 2222 119 58 istud
590 2222 172 58 Augustini
722 2222 185 58 horridulum
867 2222 92 58 est
920 2222 66 58 &
933 2222 106 58 durius

257 2262 145 48 sculum,
363 2262 93 48 nec
415 2262 119 48 nobis
495 2262 185 48 sequendum.
640 2262 172 48 Salomonem
773 2262 106 48 enim
839 2262 93 48 non
878 2262 159 48 reprobatum

267 2301 124 44 suisse
353 2301 62 44 a
378 2301 99 44 Deo,
440 2301 87 44 sed
490 2301 112 44 inter
564 2301 136 44 electos
664 2301 99 44 esse
726 2301 174 44 numerandum
862 2301 87 44 non
912 2301 112 44 levia
974 2301 74 44 mon-

267 2337 104 40 trant
337 2337 151 40 argumenta
453 2337 70 40 in
488 2337 151 40 Ddascalia
604 2337 70 40 de
639 2337 128 40 aeterna
732 2337 81 40 Dei
778 2337 232 40 praedestinatione
975 2337 58 40 a
987 2337 58 40 no-

260 2367 92 42 bis
313 2367 158 42 tradita.
431 2367 106 42 Quod
498 2367 106 42 vero
564 2367 172 42 Scriptura
696 2367 132 42 divina
788 2367 185 42 senectutem
920 2367 119 42 Salomo,

265 2402 82 49 nis
312 2402 165 49 gravissime
442 2402 188 49 reprehendit,
594 2402 71 49 de
630 2402 165 49 incipiente
759 2402 153 49 senectute
865 2402 176 49 intelligendum

256 2436 97 40 quum
317 2436 97 40 enim
377 2436 85 40 jam
426 2436 182 40 senesceret,
572 2436 170 40 depravatum
705 2436 97 40 fuit
766 2436 85 40 cor
814 2436 97 40 ejus
875 2436 85 40 per
911 2436 134 40 mulieres.

254 2470 91 40 non
306 2470 116 40 autem
383 2470 78 40 de
422 2470 142 40 extrema
526 2470 142 40 senecta
629 2470 78 40 in
668 2470 91 40 qua
720 2470 65 40 a
746 2470 91 40 Deo
797 2470 194 40 reprehensus
952 2470 65 40 &
965 2470 78 40 com-

267 2501 126 47 parata
355 2501 113 47 rerum
431 2501 176 47 plurimatum
569 2501 113 47 longa
644 2501 188 47 experientia
795 2501 226 47 pristinorumque
971 2501 75 47 suo-

268 2538 84 37 rum
316 2538 156 37 studiorum
436 2538 144 37 vanitate
543 2538 72 37 c.
579 2538 72 37 gn
615 2538 72 37 ta
651 2538 120 37 tandem
735 2538 156 37 resipuit,
855 2538 132 37 suaeque
938 2538 108 37 resipi-

262 2564 144 46 scentiae
370 2564 156 46 perpetuum
490 2564 72 46 ad
526 2564 108 46 omnem
598 2564 192 46 posteritatem
753 2564 180 46 testimonium
897 2564 120 46 librum
981 2564 84 46 Ec

267 2592 134 42 elesiastis
373 2592 77 42 esse
411 2592 77 42 voluit

306 2627 103 46 Quod
370 2627 116 46 autem
448 2627 180 46 Scripturam
589 2627 77 46 de
628 2627 219 46 resipiscentia
808 2627 167 46 Salomonis
936 2627 141 46 nusquam

261 2664 120 42 addere
345 2664 144 42 quicquam
453 2664 168 42 Augustinus
584 2664 72 42 ex
620 2664 132 42 stimat,
716 2664 144 42 repugnat
824 2664 72 42 id
859 2664 96 42 Ibro
907 2664 132 42 Ecclesiae

258 2695 93 43 stis
317 2695 82 43 qui
363 2695 105 43 totus
433 2695 82 43 est
480 2695 221 43 poenitentialis:
666 2695 140 43 repugnat
771 2695 105 43 libro
841 2695 128 43 secundo
923 2695 128 43 Chronico-

268 2732 91 44 rum,
325 2732 69 44 in
359 2732 80 44 quo
405 2732 114 44 capite
485 2732 149 44 undecimo,
599 2732 149 44 versiculo
713 2732 217 44 vicesimoseptimo
896 2732 137 44 dicitur,
988 2732 57 44 Ju-

267 2758 111 41 daeos
341 2758 86 41 cum
390 2758 172 41 Rechabeamo
525 2758 111 41 filio
599 2758 160 41 Salomonis
722 2758 185 41 ambulavisse
869 2758 74 41 in
906 2758 86 41 via
943 2758 111 41 Davidis

267 2793 58 48 &
291 2793 151 48 Salomonis
407 2793 151 48 triennio:
523 2793 93 48 unde
581 2793 105 48 satis
651 2793 151 48 perspicue
768 2793 128 48 colligi
861 2793 128 48 potest,
942 2793 128 48 Salomonem

265 2822 91 51 post
322 2822 114 51 lapsum
390 2822 149 51 resipuisse.

309 2859 145 46 Caeterum
418 2859 181 46 Bellarminus
562 2859 133 46 quatuor
659 2859 169 46 rationibus
792 2859 181 46 demonstrare
936 2859 145 46 conatur:

271 2885 150 46 Salomonem
387 2885 92 46 ante
445 2885 115 46 lapsum
525 2885 92 46 suum
583 2885 162 46 scripsisse
698 2885 162 46 Ecclesiastem

304 2922 97 46 Prima
369 2922 86 46 est,
423 2922 86 46 quia
477 2922 65 46 3.
509 2922 86 46 Reg.
563 2922 65 46 4.
595 2922 54 46 &
617 2922 75 46 11,
660 2922 54 46 &
681 2922 65 46 in
713 2922 183 46 Ecclesiastico
864 2922 65 46 c.
896 2922 75 46 47.
940 2922 75 46 cum
972 2922 86 46 ordine

268 2952 186 51 recenseantur
419 2952 93 51 ucta
477 2952 162 51 Salomonis,
605 2952 104 51 prius
675 2952 70 51 de
709 2952 116 51 libris
791 2952 104 51 ejus,
860 2952 93 51 quam
918 2952 70 51 de
941 2952 128 51 amoribus.

250 2986 128 40 narratur

295 3018 128 48 Secunda
388 3018 93 48 est,
446 3018 93 48 quia
504 3018 93 48 hunc
562 3018 116 48 librum
643 3018 162 48 scripserit
771 3018 81 48 cum
817 3018 151 48 sapientia
933 3018 116 48 divino
1003 3018 58 48 mu-

267 3052 93 51 nere
326 3052 128 51 accepta
419 3052 105 51 adhuc
488 3052 81 51 cum
535 3052 93 51 ipso
593 3052 116 51 esset,
674 3052 70 51 ut
709 3052 116 51 pateat
791 3052 70 51 ex
825 3052 116 51 capite
907 3052 140 51 secundo:
1000 3052 58 51 non

270 3085 91 50 esse
326 3085 102 50 autem
394 3085 170 50 verisimile,
530 3085 147 50 caelestis
643 3085 159 50 sapientiae
768 3085 102 50 lumen
836 3085 102 50 simul
904 3085 136 50 habitare
994 3085 57 50 po-

266 3117 117 53 tuisse
348 3117 82 53 cum
395 3117 70 53 ea
430 3117 117 53 cordis
513 3117 199 53 depravatione,
677 3117 70 53 de
712 3117 82 53 qua
759 3117 129 53 legitur
853 3117 70 53 3.
888 3117 106 53 Regum
958 3117 82 53 I1.
1005 3117 59 53 &
1017 3117 35 53 a

277 3149 139 53 verterunt
384 3149 128 53 mulieres
480 3149 75 53 cor
523 3149 96 53 eius:
587 3149 107 53 cumque
661 3149 75 53 iam
704 3149 96 53 esset
768 3149 107 53 senex,
843 3149 149 53 depravatum
960 3149 75 53 est
992 3149 64 53 cor-

259 3181 85 46 eius
312 3181 74 46 per
355 3181 138 46 mulieres,
461 3181 64 46 ut
492 3181 148 46 sequeretur
609 3181 85 46 deos
651 3181 106 46 alienos:

1086 188 120 43 Tertia
1170 188 108 43 ratio
1242 188 96 43 est,
1302 188 96 43 quia
1362 188 132 43 Salomon
1458 188 120 43 capite
1541 188 132 43 secundo
1637 188 156 43 enumerans
1745 188 120 43 volupta-

1059 221 81 45 es
1099 221 108 45 suas
1166 221 121 45 omnes
1247 221 67 45 &
1274 221 148 45 illarum
1382 221 216 45 instrumenta,
1557 221 135 45 vxorum
1651 221 67 45 &
1665 221 202 45 concubinarum.

1049 261 95 38 non
1090 261 136 38 meminit.

1091 277 111 57 Quarta
1169 277 100 57 ratio
1235 277 89 57 est,
1291 277 89 57 quia
1347 277 167 57 incredibile
1480 277 78 57 est
1524 277 67 57 ab
1558 277 100 57 animo
1624 277 89 57 illo
1680 277 78 57 tam
1724 277 100 57 molli
1791 277 100 57 atque

1053 324 199 36 effoeminato,
1214 324 125 36 qualis
1302 324 100 36 erat
1364 324 162 36 Salomonis
1488 324 87 36 cum
1538 324 75 36 is
1576 324 224 36 septingentatum
1750 324 112 36 vxorum.

1060 360 60 37 &
1084 360 181 37 trecentarum
1229 360 145 37 pellicum
1338 360 145 37 amoribus
1447 360 181 37 inserviret,
1592 360 85 37 tam
1640 360 121 37 graves
1713 360 145 37 sententias

1072 387 104 48 uales
1141 387 69 48 in
1175 387 81 48 hoc
1221 387 104 48 libro
1290 387 138 48 exstant,
1394 387 161 48 proficisci
1520 387 150 48 potuisse.
1635 387 81 48 His
1681 387 161 48 rationibus
1796 387 69 48 pro-

1054 419 91 44 bare
1110 419 170 44 Bellarminus
1246 419 136 44 nititur,
1349 419 113 44 librum
1428 419 181 44 Ecclesiastis
1575 419 57 44 a
1598 419 136 44 Salomone
1700 419 147 44 confectum
1802 419 57 44 an-

1060 458 67 47 te
1093 458 89 47 quam
1149 458 101 47 amare
1205 458 123 47 coepisset

1086 477 115 52 RESP.
1163 477 77 52 Ad
1201 477 128 52 primam
1291 477 166 52 rationem.
1418 477 102 52 Haec
1482 477 179 52 propositio
1622 477 140 52 infirma
1725 477 89 52 est
1776 477 77 52 ac
1801 477 64 52 non

1058 523 167 38 necessaria;
1192 523 134 38 Quicquid
1292 523 100 38 prius
1359 523 78 38 est
1404 523 167 38 narrationis
1538 523 123 38 ordine,
1627 523 67 38 id
1660 523 78 38 est
1705 523 100 38 prius
1761 523 100 38 tempore

1054 551 100 40 Haec
1116 551 175 40 propositio
1253 551 125 40 multis
1341 551 175 40 Scripturae
1478 551 162 40 exemplis,
1603 551 62 40 &
1628 551 87 40 usu
1678 551 150 40 communi,
1790 551 62 40 &
1803 551 62 40 do-

1053 587 126 40 ctorum
1142 587 152 40 consensu
1256 587 177 40 evertitur.
1395 587 114 40 Notum
1470 587 88 40 est
1521 587 114 40 illud
1597 587 177 40 Hebraeorum
1736 587 126 40 dictum
1811 587 51 40 i1

1063 620 200 45 Commentariis,
1228 620 82 45 non
1275 620 94 45 esse
1334 620 106 45 prius
1404 620 82 45 aut
1451 620 153 45 posterius
1569 620 71 45 in
1604 620 153 45 Scriptura
1721 620 118 45 Sacra.
1804 620 94 45 Quod

1059 660 70 39 ad
1094 660 210 39 Ecclesiasticum
1269 660 140 39 attinet,
1374 660 105 39 liber
1444 660 82 39 est
1479 660 140 39 Apocryphus

1096 690 74 35 Ad
1133 690 160 35 secundam.
1256 690 172 35 Concedimus
1391 690 123 35 librum
1477 690 197 35 Ecclesiastis
1637 690 86 35 non
1686 690 148 35 scriptum
1797 690 62 35 a
1809 690 62 35 Sa-

1062 720 126 37 domone
1151 720 88 37 tum
1201 720 88 37 cum
1251 720 76 37 in
1289 720 201 37 depravatione
1453 720 126 37 cordis
1541 720 176 37 versaretur
1679 720 63 37 &
1704 720 151 37 amoribus
1805 720 63 37 de-

1070 749 102 45 ditus
1138 749 113 45 esset;
1217 749 79 45 sed
1262 749 79 45 cum
1307 749 113 45 iterum
1386 749 136 45 saperet,
1488 749 124 45 donatus
1579 749 57 45 a
1601 749 79 45 Deo
1647 749 204 45 resipiscentia.
1805 749 68 45 Quod

1059 794 97 35 vero
1120 794 134 35 attinet
1217 794 85 35 duo
1266 794 170 35 Scripturae
1400 794 183 35 testimonia,
1546 794 97 35 quae
1606 794 183 35 Bellarminus
1752 794 146 35 allegat,

1057 817 74 41 in
1094 817 111 41 primi
1168 817 186 41 expositione
1316 817 136 41 decipit
1415 817 148 41 fallacia
1527 817 210 41 compositionis
1700 817 62 41 &
1712 817 161 41 divisionis.

1066 858 86 35 Non
1115 858 98 35 enim
1176 858 86 35 hoc
1226 858 98 35 vult
1287 858 148 35 Salomon,
1398 858 74 35 se
1434 858 123 35 librum
1521 858 197 35 Ecclesiastis
1680 858 61 35 s
1705 858 160 35 Iipsisse,
1816 858 61 35 cum

1072 883 113 42 adhuc
1148 883 163 42 sapientia
1273 883 125 42 divino
1361 883 125 42 munero
1448 883 138 42 accepta
1548 883 125 42 primum
1636 883 88 42 cum
1686 883 75 42 eo
1724 883 125 42 esset:
1811 883 88 42 sed

1068 920 90 37 hoc
1119 920 102 37 ta-
1183 920 90 37 tum
1234 920 179 37 praedicat,
1375 920 77 37 se
1414 920 128 37 magnum
1503 920 128 37 fuisse
1593 920 64 37 &
1618 920 141 37 omnibus
1721 920 153 37 commodis
1823 920 51 37 ac

1074 952 145 42 deliciis
1183 952 133 42 auctum,
1280 952 109 42 etiam
1353 952 85 42 quo
1401 952 133 42 tempore
1498 952 158 42 sapientia
1619 952 170 42 permanebat
1753 952 109 42 adhuc
1813 952 61 42 pe-

1074 990 84 38 nes
1122 990 108 38 psum.
1194 990 132 38 Secundi
1289 990 168 38 testimonii
1421 990 132 38 vulgata
1517 990 168 38 translatio
1649 990 96 38 mala
1708 990 96 38 est:
1768 990 84 38 nam
1804 990 72 38 pro-

1076 1023 68 39 to
1110 1023 91 39 quod
1166 1023 113 39 habet,
1245 1023 124 39 quumque
1336 1023 79 39 iam
1381 1023 102 39 esset
1449 1023 113 39 senex,
1528 1023 102 39 verti
1596 1023 136 39 oportet.
1698 1023 124 39 quumque
1788 1023 79 39 eam
1822 1023 57 39 su-

1069 1049 147 41 nesceret,
1182 1049 79 41 hoc
1227 1049 91 41 est,
1284 1049 91 41 quum
1341 1049 147 41 inciperet
1454 1049 113 41 senium
1534 1049 91 41 ejus
1590 1049 68 41 At
1624 1049 91 41 hunc
1681 1049 113 41 librum
1760 1049 147 41 scripsit,

1065 1085 72 37 in
1101 1085 133 37 extremo
1198 1085 109 37 senio
1270 1085 60 37 a
1294 1085 145 37 regressu
1403 1085 85 37 suo
1451 1085 72 37 in
1488 1085 169 37 Ecclesiam,
1620 1085 60 37 a
1645 1085 85 37 qua
1693 1085 169 37 aliquandiu
1826 1085 85 37 ab

1077 1122 99 36 fuerat,

1092 1146 86 44 Ad
1135 1146 158 44 tertiam
1250 1146 187 44 rationem.
1393 1146 101 44 Non
1451 1146 158 44 meminit
1566 1146 144 44 quidem
1666 1146 158 44 Salomon
1767 1146 115 44 amorum

1082 1182 114 44 suorum
1162 1182 114 44 capite
1242 1182 126 44 secundo
1333 1182 80 44 sed
1379 1182 103 44 alibi
1448 1182 80 44 eos
1494 1182 137 44 fatetur,
1597 1182 114 44 veluti
1677 1182 114 44 capite
1757 1182 126 44 septimo
1837 1182 46 44 v.

1071 1217 82 40 25,
1118 1217 82 40 26.
1165 1217 141 40 Convert:
1271 1217 82 40 ego
1318 1217 71 40 me
1354 1217 71 40 ud
1389 1217 176 40 cogescendum
1530 1217 188 40 improbitatem
1683 1217 71 40 st
1718 1217 82 40 lia
1765 1217 118 40 tatis,
1836 1217 35 40 &

1074 1253 198 40 stoliditatem
1234 1253 185 40 insaniarum.
1382 1253 123 40 Invens
1469 1253 111 40 autem
1543 1253 86 40 igo
1592 1253 136 40 amarius
1691 1253 136 40 quiddam
1777 1253 99 40 morte.

1078 1284 132 39 nimirum
1174 1284 132 39 feminam
1270 1284 108 39 illam
1342 1284 108 39 cuius
1414 1284 72 39 in
1450 1284 108 39 antmo
1522 1284 96 39 sunt
1582 1284 108 39 retis
1654 1284 60 39 &
1678 1284 132 39 plagae,
1774 1284 108 39 cuius
1834 1284 48 39 in

1080 1319 127 46 manibus
1173 1319 127 46 vincti:
1265 1319 81 46 qui
1311 1319 104 46 bonus
1381 1319 81 46 est
1427 1319 104 46 coram
1496 1319 81 46 Deo
1542 1319 92 46 ino,
1600 1319 162 46 Iberaturab
1727 1319 81 46 ea:
1762 1319 115 46 peccatos

1079 1350 86 36 vero
1133 1350 118 36 capitur
1219 1350 75 36 ea.
1262 1350 86 36 Vide
1315 1350 75 36 hoc
1358 1350 118 36 inveni,
1444 1350 54 36 i
1465 1350 86 36 quit
1519 1350 86 36 Eccl
1562 1350 107 36 siasies.

1117 1380 119 49 Quarta
1200 1380 107 49 ratio
1272 1380 107 49 nihil
1343 1380 155 49 concludit
1462 1380 143 49 adversus
1570 1380 95 49 nos,
1629 1380 95 49 quia
1689 1380 83 49 non
1736 1380 143 49 dicimus.
1831 1380 60 49 Sa-

1076 1414 141 40 lomonem
1179 1414 180 40 scripsisse
1320 1414 103 40 hunc
1384 1414 128 40 librum
1474 1414 103 40 quum
1538 1414 154 40 serviret
1654 1414 154 40 amoribus
1757 1414 128 40 turpibus

1079 1451 57 47 &
1101 1451 91 47 diis
1158 1451 136 47 alienis,
1261 1451 80 47 sed
1306 1451 136 47 postquam
1408 1451 80 47 eos
1454 1451 171 47 abjecisset.
1590 1451 68 47 Ut
1624 1451 91 47 ergo
1681 1451 91 47 alia
1738 1451 125 47 sapiens
1818 1451 68 47 pri-

1079 1483 78 40 mum
1123 1483 145 40 scripsit:
1235 1483 78 40 ita
1280 1483 112 40 librum
1358 1483 178 40 Ecclesiastis
1503 1483 134 40 exaravit
1592 1483 156 40 pesipiscens.

1127 1521 180 55 Refutatum
1266 1521 97 55 est
1321 1521 138 55 primum
1418 1521 194 55 argumentum
1570 1521 97 55 quo
1626 1521 180 55 haeretici
1750 1521 97 55 Salo-

1284 1565 116 53 monis
1361 1565 206 53 Ecclesiasten
1516 1565 141 53 reiiciunt

1111 1606 164 45 Secundum
1234 1606 192 45 argumentum
1385 1606 109 45 est,
1453 1606 109 45 quod
1522 1606 82 45 in
1563 1606 82 45 eo
1604 1606 123 45 libro
1686 1606 150 45 Salomon
1782 1606 109 45 summum

1090 1645 104 42 bonum
1160 1645 69 42 in
1194 1645 139 42 corporis
1299 1645 185 42 voluptatibus
1449 1645 185 42 constiuerit,
1599 1645 104 42 atque
1668 1645 81 42 ita
1715 1645 69 42 ad
1749 1645 127 42 Epicuri
1830 1645 58 42 ne-

1102 1685 142 40 ristippi
1208 1685 189 40 Philosophiam
1362 1685 118 40 aditum
1432 1685 142 40 paraverits

1120 1716 111 36 RESP.
1194 1716 124 36 Falsum
1280 1716 111 36 istud
1354 1716 99 36 est.
1416 1716 99 36 quia
1478 1716 124 36 tantum
1565 1716 111 36 abest
1639 1716 74 36 ut
1676 1716 161 36 Salomonis
1787 1716 99 36 Eccle-

1093 1742 136 40 siastes
1191 1742 123 40 lummum
1278 1742 111 40 bonum
1352 1742 74 40 in
1389 1742 198 40 voluptatibus
1550 1742 148 40 corporis
1661 1742 185 40 constituat,
1809 1742 74 40 ut
1834 1742 49 40 o-

1101 1787 103 34 mnes
1165 1787 129 34 potius
1255 1787 154 34 mortales
1371 1787 77 34 ad
1410 1787 167 34 humanarum
1538 1787 116 34 rerum
1615 1787 231 34 despicientiam,
1795 1787 103 34 Deique

1089 1819 203 31 reverentiam,
1254 1819 139 31 tanquam
1356 1819 152 31 magister
1470 1819 114 31 morum
1546 1819 139 31 severus
1647 1819 63 31 &
1672 1819 165 31 vehemens,
1787 1819 101 31 orati-

1092 1843 83 38 one
1140 1843 154 38 gravssima
1258 1843 178 38 adhortetur,
1401 1843 131 38 secutus
1496 1843 143 38 exemplum
1603 1843 83 38 sui
1650 1843 119 38 patris
1734 1843 143 38 Davidis,
1829 1843 59 38 qui

1092 1879 153 41 resipiscens
1214 1879 82 41 Psal
1266 1879 72 41 51.
1306 1879 61 41 v.
1337 1879 72 41 14,
1378 1879 72 41 15.
1419 1879 82 41 ait,
1470 1879 92 41 Redde
1531 1879 82 41 mihi
1582 1879 112 41 gaudium
1664 1879 112 41 salutis
1746 1879 82 41 tuae
1797 1879 51 41 &
1807 1879 82 41 spiri-

1094 1916 64 31 tu
1126 1916 172 31 ingenuitatis
1266 1916 150 31 sustentato
1384 1916 75 31 me.
1427 1916 107 31 Docebo
1502 1916 150 31 defectores
1621 1916 86 31 vias
1674 1916 97 31 tuas,
1739 1916 64 31 ut
1760 1916 129 31 peccatores

1087 1942 67 38 ad
1120 1942 67 38 te
1154 1942 67 38 co
1188 1942 168 38 ivertantur.
1323 1942 101 38 Quale
1390 1942 79 38 est
1435 1942 101 38 illud
1502 1942 135 38 exordium
1603 1942 191 38 Ecclesiastae?
1760 1942 123 38 Vanitas
1839 1942 56 38 va-

1093 1982 138 37 nitatum,
1196 1982 115 37 inquit
1277 1982 196 37 Ecclesiastes,
1438 1982 127 37 vanitas
1530 1982 161 37 vanitatum:
1656 1982 104 37 omnia
1725 1982 92 37 ista
1783 1982 92 37 sunt
1829 1982 58 37 va-

1087 2013 114 36 nitas.
1167 2013 114 36 Qualis
1247 2013 91 36 illa
1304 2013 160 36 peroratio?
1429 2013 103 36 Summa
1498 2013 80 36 rei
1544 2013 91 36 est,
1601 2013 80 36 his
1647 2013 126 36 omnibus
1738 2013 137 36 auditis:
1829 2013 69 36 Deum

1102 2045 87 39 psum
1157 2045 131 39 reverere
1255 2045 55 39 &
1277 2045 142 39 praecepta
1386 2045 87 39 eius
1440 2045 131 39 observa,
1539 2045 87 39 quia
1593 2045 76 39 hoc
1637 2045 76 39 est
1681 2045 98 39 totum
1746 2045 131 39 hominis.
1833 2045 55 39 Ni-

1097 2083 91 37 omne
1154 2083 91 37 opus
1211 2083 91 37 Deus
1268 2083 91 37 ipse
1325 2083 125 37 adducet
1416 2083 68 37 in
1450 2083 137 37 iudicium
1553 2083 80 37 cum
1598 2083 91 37 omni
1655 2083 68 37 re
1690 2083 137 37 occulta;
1792 2083 91 37 sive
1838 2083 57 37 bo-

1087 2105 82 42 num
1134 2105 106 42 illud
1205 2105 129 42 fuerit,
1299 2105 94 42 sive
1358 2105 118 42 malum.
1440 2105 82 42 Nec
1487 2105 94 42 vero
1546 2105 59 42 a
1569 2105 153 42 principio
1687 2105 59 42 &
1710 2105 94 42 fine
1769 2105 106 42 media
1828 2105 71 42 dis-

1090 2141 120 40 crepant
1177 2141 55 40 e
1199 2141 109 40 quibus
1276 2141 120 40 paucula
1363 2141 87 40 haec
1418 2141 98 40 sunto
1483 2141 153 40 speciminis
1603 2141 109 40 gratia
1680 2141 87 40 Cap.
1734 2141 66 40 2.
1767 2141 66 40 v.
1800 2141 66 40 3.
1832 2141 66 40 a.
1854 2141 44 40 1.

1092 2174 60 37 De
1122 2174 80 37 risu
1172 2174 90 37 dico,
1232 2174 110 37 insanus
1311 2174 80 37 est:
1361 2174 50 37 &
1381 2174 60 37 de
1411 2174 130 37 laetitia,
1510 2174 100 37 ecquid
1580 2174 80 37 ista
1630 2174 100 37 facit:
1700 2174 50 37 &
1720 2174 60 37 v.
1750 2174 70 37 14.
1789 2174 70 37 Est
1829 2174 60 37 en
1849 2174 40 37 o-

1099 2209 128 34 lumentum
1195 2209 149 34 sapientiae
1312 2209 85 34 prae
1365 2209 170 34 stoliditate,
1503 2209 64 34 ut
1535 2209 74 34 est
1578 2209 159 34 emolumentum
1705 2209 96 34 lucis
1769 2209 85 34 prae
1812 2209 74 34 tene-

1090 2241 100 41 bris.
1157 2241 89 41 Cap.
1212 2241 67 41 3.
1246 2241 67 41 v.
1279 2241 78 41 17.
1324 2241 111 41 Iustum
1401 2241 56 41 &
1424 2241 122 41 improbi
1513 2241 100 41 ipsum
1579 2241 167 41 iudicaturus
1713 2241 78 41 est
1757 2241 100 41 Deus.
1824 2241 89 41 Cap.

1098 2272 72 43 4.
1134 2272 72 43 v.
1170 2272 96 43 ult.
1231 2272 133 43 Observa
1327 2272 109 43 pedem
1399 2272 96 43 tuum
1460 2272 145 43 utrumque
1568 2272 96 43 quum
1629 2272 96 43 adis
1689 2272 109 43 domum
1761 2272 109 43 ipsam
1822 2272 72 43 Dei.

1093 2308 105 37 idque
1164 2308 129 37 paratus
1257 2308 70 37 ad
1292 2308 152 37 audiendum
1409 2308 129 37 potius,
1503 2308 94 37 quam
1561 2308 70 37 ad
1596 2308 117 37 dandum
1678 2308 117 37 stolid
1760 2308 82 37 rum
1795 2308 94 37 facri-

1100 2339 122 38 ficium:
1189 2339 78 38 nam
1233 2339 67 38 hi
1266 2339 78 38 non
1311 2339 144 38 advertunt
1421 2339 67 38 se
1455 2339 111 38 facere
1532 2339 100 38 malum
1599 2339 67 38 Et
1632 2339 67 38 c.
1665 2339 55 38 5
1687 2339 67 38 v.
1721 2339 67 38 1.
1754 2339 67 38 Ne
1776 2339 122 38 atceleret

1090 2373 80 37 ore
1135 2373 80 37 tuo
1181 2373 57 37 &
1204 2373 114 37 animus
1284 2373 91 37 tuus
1341 2373 69 37 ne
1375 2373 137 37 festinet
1478 2373 137 37 proferre
1581 2373 137 37 quicquam
1683 2373 91 37 coam
1741 2373 91 37 ipso
1798 2373 91 37 Deo:
1843 2373 46 37 nd

1094 2409 82 33 Deus
1145 2409 82 33 ipse
1197 2409 62 33 in
1228 2409 103 33 caelis
1300 2409 82 33 est,
1351 2409 62 33 tu
1382 2409 93 33 autem
1444 2409 93 33 super
1506 2409 113 33 terram:
1589 2409 93 33 idci:
1651 2409 62 33 co
1681 2409 93 33 sunto
1743 2409 93 33 verba
1805 2409 72 33 tua
1836 2409 62 33 pau-

1100 2444 75 35 ca.
1143 2444 54 35 &
1165 2444 65 35 v.
1197 2444 65 35 6.
1229 2444 65 35 Ne
1262 2444 151 35 permittito
1380 2444 75 35 ori
1423 2444 75 35 tuo
1466 2444 65 35 ut
1499 2444 118 35 peccato
1585 2444 151 35 obstringat
1703 2444 108 35 carnem
1779 2444 86 35 tua;
1832 2444 54 35 &
1843 2444 54 35 ne-

1098 2468 104 46 dicito
1170 2468 93 46 coram
1233 2468 104 46 Angelo
1305 2468 93 46 illo,
1367 2468 114 46 errorem
1450 2468 93 46 istud
1513 2468 83 46 ess:
1565 2468 114 46 :ecquid
1648 2468 176 46 effervesceret
1793 2468 83 46 Deus
1845 2468 83 46 ipse

1088 2504 132 44 propter
1184 2504 96 44 voce
1244 2504 96 44 tuam
1303 2504 60 44 &
1327 2504 144 44 perderet
1435 2504 96 44 opus
1495 2504 120 44 manuum
1579 2504 132 44 tuarum?
1675 2504 60 44 &
1699 2504 72 44 v.
1734 2504 72 44 7.
1770 2504 96 44 Deum
1818 2504 84 44 ipsiu

1099 2534 143 45 reverere.
1209 2534 66 45 Et
1242 2534 66 45 c.
1275 2534 66 45 7.
1309 2534 66 45 v.
1342 2534 66 45 1,
1375 2534 66 45 2.
1408 2534 110 45 Melior
1485 2534 77 45 est
1529 2534 110 45 homini
1606 2534 88 45 fama
1661 2534 132 45 unguento
1761 2534 121 45 optimo,
1849 2534 77 45 sed

1097 2570 85 40 dies
1151 2570 107 40 mortis
1225 2570 75 40 die
1268 2570 75 40 quo
1311 2570 85 40 ille
1364 2570 139 40 nascitur.
1471 2570 107 40 Melius
1545 2570 75 40 est
1588 2570 64 40 ad
1620 2570 64 40 re
1652 2570 96 40 locum
1716 2570 117 40 luctus,
1801 2570 85 40 quam
1844 2570 53 40 ad-

1102 2600 75 42 ire
1145 2600 97 42 locum
1210 2600 140 42 convivii.
1317 2600 86 42 Cap.
1371 2600 65 42 8.
1403 2600 65 42 v.
1436 2600 75 42 11,
1479 2600 75 42 12,
1522 2600 86 42 novi
1575 2600 75 42 ego
1618 2600 86 42 fore
1672 2600 97 42 bonum
1737 2600 140 42 timetibus
1833 2600 65 42 Dei.

1102 2637 79 42 qui
1147 2637 147 42 timuerint
1260 2637 57 42 a
1283 2637 102 42 facie
1350 2637 102 42 eius.
1418 2637 102 42 Bonum
1486 2637 102 42 autem
1554 2637 79 42 non
1599 2637 90 42 fore
1655 2637 136 42 improbo,
1757 2637 102 42 neque
1814 2637 90 42 proro-

1100 2667 114 47 gaturum
1183 2667 83 47 esse
1235 2667 83 47 dies
1287 2667 114 47 similes
1370 2667 104 47 umbrae
1443 2667 83 47 Cap.
1495 2667 62 47 9.
1526 2667 62 47 v.
1557 2667 73 47 18,
1599 2667 73 47 19,
1640 2667 73 47 20.
1682 2667 104 47 Melior
1754 2667 73 47 est
1786 2667 114 47 sapientia

1093 2708 128 32 robore,
1186 2708 128 32 quamvis
1279 2708 151 32 sapientia
1396 2708 116 32 indigi
1477 2708 174 32 despiciatur
1616 2708 58 32 &
1640 2708 105 32 verba
1709 2708 93 32 eius
1768 2708 81 32 non
1802 2708 105 32 audian-

1108 2735 96 37 tur.
1168 2735 108 37 Verba
1240 2735 157 37 sapientum
1361 2735 181 37 submissorum
1505 2735 145 37 audienda
1614 2735 96 37 sunt
1674 2735 120 37 potius
1758 2735 96 37 quam
1807 2735 96 37 clamor

1106 2766 146 39 dominantis
1221 2766 73 39 cum
1262 2766 125 39 stolidis
1356 2766 94 39 suis,
1419 2766 105 39 Melior
1492 2766 73 39 est
1534 2766 136 39 sapientia
1639 2766 94 39 armis
1701 2766 136 39 bellicis:
1795 2766 105 39 peccans.

1106 2795 83 44 vero
1158 2795 62 44 in
1189 2795 83 44 uno,
1241 2795 104 44 perdit
1314 2795 83 44 boni
1366 2795 135 44 plurimum.
1470 2795 62 44 Et
1501 2795 62 44 c.
1532 2795 73 44 10.
1574 2795 62 44 v.
1605 2795 73 44 13,
1647 2795 73 44 14.
1688 2795 73 44 Vae
1730 2795 83 44 tibi
1782 2795 104 44 regio,
1845 2795 62 44 cuim

1105 2840 78 32 rex
1149 2840 89 32 puer
1205 2840 89 32 est,
1260 2840 55 32 &
1282 2840 100 32 cuius
1349 2840 144 32 principes
1460 2840 89 32 mane
1515 2840 144 32 comedunt.
1626 2840 78 32 Ote
1670 2840 100 32 beata
1737 2840 78 32 reg
1781 2840 100 32 onao,
1848 2840 78 32 cu

1111 2869 78 36 jus
1155 2869 78 36 rex
1200 2869 100 36 natus
1267 2869 78 36 est
1311 2869 178 36 clarissimis,
1456 2869 56 36 &
1478 2869 100 36 cuius
1545 2869 145 36 principes
1656 2869 78 36 suo
1701 2869 122 36 tempore
1790 2869 111 36 comedi
1856 2869 45 36 ac

1108 2899 112 31 robut,
1186 2899 78 31 non
1231 2899 101 31 autem
1298 2899 67 31 ad
1331 2899 134 31 luxuria.
1432 2899 89 31 Cap.
1488 2899 56 31 1
1510 2899 67 31 v.
1544 2899 67 31 1.
1577 2899 134 31 Cognosce
1678 2899 101 31 fore,
1745 2899 67 31 ut
1778 2899 123 31 protter
1856 2899 45 31 ex

1107 2929 93 41 haec
1165 2929 127 41 adducat
1258 2929 69 41 te
1293 2929 93 41 Deus
1351 2929 93 41 ipse
1408 2929 69 41 in
1443 2929 150 41 iudicium.
1559 2929 81 41 Num
1605 2929 93 41 ista
1663 2929 127 41 sapiunt
1756 2929 69 41 Ar
1779 2929 104 41 stipput

1110 2966 97 38 Anne
1171 2966 121 38 unquam
1255 2966 73 38 ex
1292 2966 133 38 Epicuri
1389 2966 146 38 efficina
1498 2966 85 38 tam
1546 2966 121 38 severa
1631 2966 158 38 praecepta
1753 2966 97 38 prod
1801 2966 97 38 eruns.

1125 3004 150 31 Replicant
1241 3004 185 31 impugnatores
1392 3004 104 31 libri
1461 3004 116 31 hujus,
1542 3004 69 31 in
1577 3004 69 31 eo
1612 3004 127 31 asseri,
1704 3004 81 31 ap.
1751 3004 58 31 3
1774 3004 69 31 v.
1808 3004 81 31 19,
1843 3004 58 31 26.

1111 3030 123 39 animam
1197 3030 135 39 hominis
1295 3030 86 39 cum
1344 3030 135 39 corpore
1443 3030 148 39 interire
1553 3030 111 39 situt
1627 3030 160 39 bisitarum
1750 3030 98 39 anim
1812 3030 123 39 anaiii

1106 3066 66 37 eo
1139 3066 132 37 praecipi
1238 3066 110 37 edendi
1314 3066 55 37 &
1336 3066 121 37 bibendi
1424 3066 186 37 delectationem
1577 3066 77 37 non
1621 3066 88 37 esse
1676 3066 55 37 /
1698 3066 175 37 spernundar:,
1829 3066 77 37 aono-

1115 3096 66 45 cap.
1156 3096 49 45 5.
1181 3096 49 45 v.
1205 3096 58 45 18,
1238 3096 58 45 19,
1263 3096 41 45 26.

1137 3125 111 43 RESP.
1211 3125 124 43 Capite
1297 3125 74 43 3.
1335 3125 74 43 v.
1372 3125 87 43 19.
1421 3125 62 43 &
1446 3125 186 43 sequentibus
1594 3125 87 43 non
1644 3125 111 43 docet
1718 3125 124 43 Salomo
1805 3125 99 43 quid
1854 3125 62 43 sut

1112 3158 80 38 ex
1152 3158 161 38 veritate
1272 3158 80 38 de
1313 3158 121 38 anima
1393 3158 134 38 hoinis
1487 3158 188 38 sentiendum
1634 3158 94 38 sed
1688 3158 121 38 ajuid
1769 3158 107 38 ante
1822 3158 94 38 Iesis

1098 3200 171 48 picentiam,
1232 3200 85 48 cum
1281 3200 171 48 voluptatis
1415 3200 73 48 us
1452 3200 110 48 mundi
1525 3200 110 48 hujus
1598 3200 110 48 esset
1671 3200 159 48 inimersus
1781 3200 134 48 statuer:;
