2063 3524
138 157 85 54 hnc
186 157 73 54 in
223 157 97 54 loco
283 157 97 54 nisi
344 157 85 54 per
392 157 61 54 &
417 157 133 54 propter
514 157 158 54 justitiam
635 157 133 54 Christi
732 157 145 54 gratuito
841 157 109 54 nobis
901 157 61 54 im¬-

145 212 138 42 putatam?
248 212 80 42 Sic
294 212 69 42 1.
328 212 92 42 Cor.
386 212 69 42 6.
420 212 69 42 v.
455 212 80 42 11.
501 212 172 42 Iustificati
639 212 103 42 estis
708 212 69 42 in
742 212 115 42 nomine
823 212 115 42 Domini
892 212 80 42 Iesu:

150 247 92 44 quid
207 247 81 44 hoc
253 247 104 44 aliud
322 247 92 44 est,
379 247 92 44 nisi
437 247 81 44 per
483 247 150 44 justitiam
598 247 115 44 Domini
679 247 92 44 Jesu
736 247 69 44 ex
771 247 115 44 gratia
840 247 127 44 imputata:

149 274 76 37 Ita
193 274 120 37 legitur
280 274 54 37 I
301 274 87 37 Joh.
356 274 65 37 2.
388 274 76 37 12.
432 274 109 37 Scribo
508 274 109 37 vobis,
584 274 130 37 fitioli,
682 274 120 37 quoniam
768 274 120 37 remissa
855 274 87 37 sunt
899 274 65 37 vobi

159 309 127 46 peccata
252 309 127 46 propter
345 309 104 46 nomen
414 309 104 46 ejus.
484 309 69 46 Si
518 309 127 46 propter
611 309 104 46 nomen
681 309 139 46 Christi,
785 309 69 46 id
819 309 93 46 est,
866 309 104 46 propter

156 340 157 40 justitiam
277 340 61 40 &
301 340 182 40 obedientiam
446 340 133 40 Christi
543 340 218 40 perfectissimam
725 340 73 40 ex
761 340 121 40 gratia
846 340 109 40 nobis
906 340 61 40 im¬-

153 379 136 37 putatam
252 379 136 37 peccata
351 379 112 37 nobis
425 379 136 37 remissa
525 379 112 37 sunt:
599 379 87 37 tum
649 379 149 37 profecto
760 379 161 37 imputatio
872 379 99 37 justi¬-

160 415 87 37 tiae
215 415 120 37 Christi
302 415 76 37 non
345 415 76 37 est
389 415 87 37 ipsa
443 415 131 37 remissio
541 415 163 37 peccatorum.
671 415 65 37 Et
704 415 109 37 Actor.
780 415 65 37 4.
813 415 65 37 v.
845 415 76 37 11,
889 415 76 37 12.
921 415 44 37 di

153 445 86 38 cunt
207 445 139 38 Apostoli:
314 445 75 38 Hic
357 445 75 38 est
400 445 97 38 lapis
464 445 86 38 ille
518 445 75 38 pro
561 445 107 38 nihilo
636 445 118 38 habitus
722 445 54 38 a
743 445 97 38 vobis
797 445 182 38 aedificantibus,

160 476 76 41 qui
204 476 109 41 factus
280 476 76 41 est
324 476 98 41 caput
389 476 120 41 angult.
476 476 76 41 Nec
520 476 76 41 est
564 476 65 41 in
596 476 87 41 alio
651 476 120 41 quoquam
738 476 109 41 salus,
814 476 76 41 nec
858 476 87 41 enim
902 476 65 41 ali¬-

153 517 68 39 ud
187 517 101 39 nomen
254 517 79 39 est
299 517 79 39 sub
344 517 101 39 caelo
412 517 90 39 quod
468 517 101 39 datum
536 517 79 39 sit
581 517 101 39 inter
648 517 135 39 homines,
750 517 79 39 per
795 517 90 39 quod
851 517 146 39 oporteat.

163 543 76 51 nos
207 543 131 51 servari.
305 543 65 51 Si
337 543 76 51 per
381 543 109 51 nomen,
457 543 65 51 id
489 543 87 51 est,
544 543 141 51 justitiam
653 543 109 51 solius
729 543 120 51 Christi
816 543 98 51 nobis
870 543 98 51 gratio¬-

159 581 76 38 Se
197 581 165 38 imputatam
324 581 165 38 servamur,
451 581 76 38 id
489 581 101 38 est,
552 581 190 38 remissionem
705 581 178 38 peccatorum
844 581 63 38 &
857 581 114 38 salutem

160 614 146 44 aeternam
269 614 195 44 consequimur:
428 614 85 44 tum
477 614 158 44 imputatio
598 614 158 44 justitiae
720 614 134 44 Christi
818 614 85 44 non
866 614 85 44 est
903 614 73 44 ipsa

173 646 80 36 tem
218 646 91 36 ssio
275 646 170 36 peccatorum.
411 646 80 36 Ita
457 646 68 36 in
491 646 80 36 his
536 646 114 36 dictis
616 646 125 36 omnibus
706 646 148 36 justitiae
820 646 125 36 Christi
900 646 80 36 impu¬-

167 681 107 34 tatio
238 681 59 34 a
262 681 166 34 remissione
392 681 166 34 peccatorum
523 681 201 34 distinguitur,
689 681 83 34 sic
736 681 71 34 ut
772 681 95 34 illa
831 681 95 34 hanc
878 681 95 34 ordine

158 716 118 36 causae
241 716 165 36 antecedat,
370 716 129 36 etiamsi
464 716 129 36 tempore
558 716 106 36 simul
629 716 106 36 sint.
700 716 141 36 Quisquis
805 716 118 36 igitur
888 716 118 36 negat,

165 748 148 36 imputari
276 748 111 36 nobis
350 748 161 36 justitiam
473 748 148 36 Christi,
585 748 74 36 is
622 748 124 36 quoque
708 748 185 36 remissionem
844 748 136 36 peccatore

171 784 120 41 negat:
255 784 120 41 negata
339 784 96 41 enim
399 784 120 41 causa,
483 784 132 41 negatur
579 784 156 41 effectus.
698 784 72 41 Et
734 784 144 41 quisquis
830 784 144 41 imputatio¬-

171 818 87 39 nem
220 818 161 39 justitiae
344 818 136 39 Christi
444 818 62 39 &
468 818 186 39 remissionem
617 818 174 39 peccatorum
754 818 136 39 proprie
853 818 87 39 pro
890 818 87 39 eodem

163 848 128 42 habet,
253 848 77 42 is
291 848 128 42 causam
381 848 90 42 cum
432 848 141 42 effecto
534 848 166 42 confundit
662 848 64 42 &
688 848 128 42 causam
777 848 192 42 effectumque
918 848 64 42 pro

178 878 109 35 eodem
250 878 121 35 habet,

207 915 104 44 Potro
277 915 92 44 duas
335 915 92 44 esse
392 915 219 44 justificationis
577 915 127 44 nostrae
670 915 104 44 coram
739 915 81 44 Deo
785 915 116 44 partes
854 915 139 44 distinctas

176 950 134 42 quidem,
273 950 85 42 sed
321 950 73 42 ad
358 950 134 42 ejusdem
455 950 158 42 beneficii
576 950 206 42 integrationem
746 950 206 42 concurrentes,
904 950 85 42 impu¬-

179 987 143 47 tationem
286 987 155 47 justitiae
405 987 131 47 Christi
500 987 59 47 &
524 987 178 47 remissionem
667 987 178 47 peccatorum,
810 987 71 47 ex
833 987 155 47 sequentibus

205 1017 153 45 gumentis
307 1017 102 45 patet:

164 1019 52 33 ar¬-

215 1044 133 47 Primum:
312 1044 97 47 Quia
373 1044 133 47 utraque
470 1044 97 47 pars
530 1044 73 47 in
567 1044 109 47 Sacra
639 1044 158 47 Scriptura
761 1044 146 47 docetur,
870 1044 73 47 ut
906 1044 73 47 ex
930 1044 61 47 his

180 1081 92 51 quae
238 1081 81 51 jam
284 1081 104 51 dicta
354 1081 104 51 sunt,
423 1081 208 51 manifestissime
585 1081 92 51 liquet

207 1122 72 36 S.
243 1122 132 36 cundum:
339 1122 96 36 quia
399 1122 84 36 per
447 1122 228 36 justificationem
639 1122 180 36 consequimur
783 1122 84 36 jus
831 1122 108 36 vitae
891 1122 96 36 aeter¬-

170 1148 107 41 nae,
236 1148 107 41 Rom.
303 1148 67 41 5
330 1148 80 41 v.
370 1148 93 41 21.
423 1148 80 41 Ut
463 1148 200 41 quemadmodum
623 1148 187 41 regnaverat
770 1148 160 41 peccatum
890 1148 80 41 ad
916 1148 107 41 morte:

177 1185 82 37 ita
224 1185 105 37 etiam
294 1185 117 37 gratia
376 1185 141 37 regnaret
482 1185 82 37 per
529 1185 152 37 iustitiam
646 1185 70 37 ad
681 1185 105 37 vitam
751 1185 152 37 aeternam,
868 1185 82 37 per
903 1185 94 37 Iesum.

186 1219 145 33 Christum
295 1219 133 33 Dominum
392 1219 133 33 nostrum
489 1219 97 33 Rom.
550 1219 73 33 8.
586 1219 85 33 10.
634 1219 145 33 Spiritus
743 1219 97 33 vita
804 1219 85 33 est
853 1219 133 33 propter
937 1219 61 33 iu¬-

192 1246 134 50 stitiam.
292 1246 123 50 Propter
381 1246 89 50 quam
437 1246 100 50 just.
504 1246 100 50 tiam,
571 1246 89 50 nisi
627 1246 112 50 fidei?
705 1246 67 50 ut
738 1246 100 50 recte
805 1246 123 50 exponit
883 1246 112 50 Augusti¬-

186 1289 85 33 nus
235 1289 134 33 septimo
332 1289 110 33 tomo,
405 1289 110 33 libro
479 1289 73 33 de
515 1289 171 33 peccatorum
649 1289 134 33 meritis
747 1289 61 33 &
771 1289 171 33 remissione
893 1289 98 33 contr¬-

182 1324 160 39 Pelagiano,
307 1324 91 39 cap.
364 1324 68 39 7.
398 1324 103 39 Atqui
467 1324 80 39 jus
513 1324 103 39 vitae
581 1324 137 39 aeternae
684 1324 80 39 non
729 1324 114 39 habet,
809 1324 80 39 qui
855 1324 126 39 praeter
935 1324 57 39 im¬-

176 1352 173 40 munitatem
309 1352 66 40 a
335 1352 159 40 peccato,
455 1352 93 40 non
508 1352 120 40 habet
587 1352 173 40 justitiam
720 1352 199 40 immutabilem
879 1352 66 40 &
893 1352 106 40 sempi¬-

186 1393 141 34 ternam,
288 1393 102 34 quam
352 1393 89 34 Lex
403 1393 166 34 requirit:
531 1393 115 34 velut
608 1393 128 34 Adamus
697 1393 102 34 ante
761 1393 128 34 lapsum
850 1393 128 34 nullum
927 1393 64 34 qui

189 1422 84 41 dem
237 1422 144 41 peccatum
345 1422 132 41 habebat
441 1422 84 41 vel
489 1422 144 41 fecerat,
597 1422 72 41 ac
634 1422 132 41 proinde
730 1422 144 41 peccator
838 1422 84 41 non
886 1422 108 41 erat:
946 1422 48 41 ne

187 1458 107 41 tamen
259 1458 131 41 habebat
354 1458 84 41 jus
402 1458 107 41 vitae
474 1458 143 41 aeternae
581 1458 72 41 ex
617 1458 131 41 formula
712 1458 119 41 Legis,
796 1458 96 41 quia
856 1458 84 41 non
892 1458 107 41 habebat

194 1486 163 41 justitiam
320 1486 138 41 propter
420 1486 100 41 quam
483 1486 88 41 Lex
533 1486 113 41 vitam
609 1486 188 41 pollicetur.
759 1486 88 41 Lex
810 1486 100 41 enim
872 1486 113 41 vitam
935 1486 63 41 pol

183 1522 126 41 licetur
274 1522 80 41 non
320 1522 194 41 incipientibus
480 1522 137 41 obedire,
583 1522 80 41 sed
629 1522 206 41 persistentibus
800 1522 69 41 in
834 1522 103 41 Legis
892 1522 114 41 obedien¬-

184 1549 95 52 tia,
244 1549 83 52 sed
291 1549 203 52 permanentibus
458 1549 71 52 in
494 1549 131 52 omnibus
589 1549 95 52 quae
649 1549 131 52 scripta
744 1549 95 52 sunt
804 1549 71 52 in
839 1549 95 52 Lege
899 1549 71 52 ut
923 1549 83 52 faci¬-

183 1592 85 41 ant
231 1592 73 41 ea
268 1592 85 41 Ita
317 1592 134 41 necesse
414 1592 97 41 est,
475 1592 109 41 nobis
548 1592 85 41 non
596 1592 97 41 dari
657 1592 122 41 tantum
742 1592 182 41 remissionem
888 1592 146 41 peccato.

195 1622 103 44 rum,
260 1622 91 44 sed
311 1622 116 44 etiam
389 1622 194 44 sempiternam
544 1622 116 44 atque
622 1622 194 44 immutabilem
777 1622 168 44 justitiam
894 1622 116 44 Christ?

194 1659 151 45 imputari
308 1659 76 45 ac
333 1659 88 45 donam

225 1692 143 45 Tertium:
332 1692 95 45 quia
392 1692 179 45 justificati
535 1692 155 45 accipiunt
654 1692 131 45 praeter
750 1692 179 45 remissionem
893 1692 143 45 peccato.

190 1730 92 36 rum
242 1730 118 36 etiam
321 1730 170 36 justitiam
452 1730 210 36 sempiternam,
622 1730 105 36 quam
688 1730 157 36 Christus
805 1730 157 36 adduxit,
923 1730 65 36 &
936 1730 79 36 quae

194 1755 116 52 ipsis
271 1755 141 52 donatur
374 1755 103 52 Dan.
438 1755 77 52 9.
477 1755 90 52 24.
528 1755 103 52 Rom.
593 1755 77 52 5.
631 1755 77 52 7.
670 1755 129 52 Etenim
760 1755 77 52 si
798 1755 90 52 per
850 1755 103 52 unum
901 1755 103 52 lapsum

186 1798 98 31 mors
247 1798 147 31 regnavit
357 1798 85 31 per
406 1798 110 31 unum,
479 1798 110 31 multo
552 1798 110 31 magis
625 1798 73 31 ii
662 1798 85 31 qui
711 1798 195 31 redundantiam
870 1798 110 31 illam
931 1798 73 31 gra¬-

193 1821 94 41 tiae
252 1821 59 41 &
275 1821 94 41 doni
334 1821 152 41 iustitiae
451 1821 164 41 recipiunt,
580 1821 70 41 in
615 1821 94 41 vita
673 1821 152 41 regnabunt
790 1821 82 41 ver
837 1821 94 41 unum
896 1821 105 41 Iesum
954 1821 82 41 Chri¬-

203 1861 104 35 tum.
268 1861 170 35 Recipimus
399 1861 117 35 DONUM
477 1861 183 35 JUSTITIAE:
621 1861 104 35 Ergo
686 1861 157 35 justitia
803 1861 117 35 nobis
882 1861 157 35 donatur,

196 1891 112 45 utique
274 1891 78 45 non
319 1891 89 45 alia
375 1891 89 45 quam
431 1891 134 45 justitia
520 1891 112 45 Christi.

244 1923 144 48 Quartum:
352 1923 96 48 quia
412 1923 144 48 perfecta
519 1923 108 48 demum
591 1923 191 48 justificatio
747 1923 96 48 est,
807 1923 84 48 per
854 1923 96 48 quam
914 1923 60 48 &
926 1923 84 48 inju¬-

195 1962 116 39 stitia
277 1962 116 39 nostra
358 1962 151 39 aufertur,
475 1962 58 39 &
498 1962 93 39 vita
556 1962 128 39 aeterna
649 1962 105 39 nobis
719 1962 186 39 adjudicatur,
870 1962 116 39 quorum
940 1962 58 39 neu

198 1991 93 42 trum
257 1991 105 42 fieri
327 1991 128 42 potest,
420 1991 93 42 nisi
479 1991 70 42 ob
514 1991 152 42 justitiam
630 1991 128 42 Christi
724 1991 105 42 nobis
794 1991 163 42 imputatam.
911 1991 93 42 Remis¬-

202 2021 76 49 sis
245 2021 97 49 nobis
310 2021 130 49 peccatis
407 2021 162 49 justificati
537 2021 108 49 sumus,
612 2021 76 49 hoc
656 2021 86 49 est,
710 2021 130 49 absoluti
807 2021 54 49 a
828 2021 108 49 poenis
893 2021 108 49 peccato.

195 2054 95 48 rum,
255 2054 71 48 ne
290 2054 107 48 illas
362 2054 95 48 pati
421 2054 143 48 aeternum
529 2054 155 48 teneamur,
648 2054 83 48 cum
695 2054 143 48 Christus
803 2054 83 48 eas
850 2054 83 48 pro
898 2054 107 48 nobis
957 2054 48 48 si

200 2087 130 55 passus:
295 2087 83 55 sed
342 2087 118 55 nondum
425 2087 130 55 habemus
519 2087 225 55 justificationem
709 2087 118 55 vitae,
791 2087 83 55 hoc
839 2087 95 55 est,
898 2087 83 55 qua
933 2087 83 55 digni

209 2125 202 39 pronunciemur
373 2125 101 39 vita
436 2125 151 39 aeterna,
550 2125 101 39 nisi
613 2125 139 39 propter
714 2125 189 39 impletionem
853 2125 151 39 mandatorum

194 2148 118 52 Legis
273 2148 66 52 a
299 2148 145 52 Christo
404 2148 131 52 factam
496 2148 184 52 accipiamus
641 2148 184 52 adoptionem
785 2148 105 52 Gal.
851 2148 79 52 4.
890 2148 79 52 4.
930 2148 92 52 hoc
969 2148 79 52 est,

213 2197 84 40 us,
261 2197 72 40 ut
297 2197 108 40 simus
369 2197 108 40 Filii
441 2197 84 40 DEI
489 2197 60 40 &
513 2197 144 40 haeredes
620 2197 96 40 ejus
680 2197 84 40 per
716 2197 132 40 Christum.

249 2214 145 63 Quintum:
358 2214 97 63 quia
418 2214 72 63 ut
454 2214 121 63 Adamus
538 2214 84 63 non
587 2214 109 63 solum
659 2214 121 63 mortis
744 2214 84 63 nos
792 2214 97 63 reos
852 2214 72 63 in
888 2214 72 63 se
912 2214 97 63 fecit,

200 2257 81 44 sed
247 2257 104 44 etiam
316 2257 139 44 perdidit
420 2257 58 44 &
443 2257 93 44 sibi
501 2257 58 44 &
524 2257 104 44 nobis
594 2257 81 44 jus
640 2257 104 44 vitae
709 2257 150 44 aeternae,
825 2257 93 44 quod
871 2257 139 44 retenturus

202 2287 107 49 erat,
273 2287 71 49 si
309 2287 178 49 obedientiam
451 2287 83 49 DEO
499 2287 166 49 constanter
629 2287 166 49 probasset:
760 2287 83 49 ita
807 2287 142 49 Christus
914 2287 83 49 non
950 2287 59 49 ta¬-

217 2325 79 51 tum
262 2325 113 51 reatum
341 2325 113 51 mortis
419 2325 56 51 a
442 2325 101 51 nobis
509 2325 146 51 abstulit,
622 2325 79 51 sed
667 2325 101 51 etiam
735 2325 79 51 jus
780 2325 101 51 vitae
847 2325 135 51 aeternae
937 2325 79 51 prae¬-

203 2354 115 54 terea
280 2354 154 54 donavit.
395 2354 90 54 Non
447 2354 115 54 minus
523 2354 102 54 enim
587 2354 64 54 a
613 2354 141 54 Christo
716 2354 179 54 accipimus,
856 2354 102 54 quam
921 2354 77 54 in
946 2354 77 54 Ada¬-

207 2389 74 51 mo
244 2389 159 51 amisimus:
366 2389 86 51 nec
415 2389 184 51 imbecillior
562 2389 86 51 est
611 2389 147 51 Christus
722 2389 74 51 in
759 2389 208 51 transferendis
930 2389 74 51 in
955 2389 61 51 non

211 2421 97 53 suis
271 2421 121 53 bonis,
356 2421 97 53 quam
417 2421 97 53 fuit
477 2421 121 53 Adamus
562 2421 73 53 in
598 2421 182 53 propagandis
744 2421 73 53 in
780 2421 85 53 nos
828 2421 97 53 suis
889 2421 121 53 malis.
961 2421 61 53 Hoc

208 2467 83 42 est
255 2467 95 42 quod
315 2467 118 42 Paulus
397 2467 106 42 urget
468 2467 95 42 Rom.
527 2467 59 42 5
551 2467 59 42 a
575 2467 71 42 v.
610 2467 71 42 12
646 2467 106 42 usque
717 2467 71 42 ad
740 2467 83 42 finem

247 2477 137 60 Sextum:
346 2477 100 60 quia
408 2477 87 60 per
458 2477 236 60 justificationem
657 2477 87 60 nos
707 2477 137 60 oportet
806 2477 75 60 in
844 2477 149 60 meliorem
956 2477 124 60 statum

210 2531 135 45 adduci,
308 2531 99 45 quam
370 2531 74 45 in
407 2531 86 45 quo
456 2531 99 45 fuit
518 2531 123 45 Adamus
604 2531 99 45 ante
665 2531 135 45 lapsum.
764 2531 111 45 Atqui
838 2531 74 45 si
875 2531 123 45 tantum
948 2531 62 45 res

214 2566 173 39 missionem
347 2566 187 39 peccatorum
494 2566 173 39 habeamus,
627 2566 67 39 &
654 2566 173 39 justitiam
787 2566 200 39 sempiternam
934 2566 93 39 atque

209 2593 202 50 immutabilem
370 2593 94 50 non
424 2593 202 50 accipiamus:
586 2593 94 50 non
639 2593 148 50 adducti
747 2593 162 50 fuerimus
868 2593 81 50 in
895 2593 135 50 meliorem

212 2628 142 48 statum,
316 2628 103 48 quam
380 2628 78 48 in
419 2628 91 48 quo
471 2628 129 48 Adamus
561 2628 116 48 fuit.
639 2628 91 48 Nam
691 2628 65 48 &
717 2628 129 48 Adamus
807 2628 103 48 ante
872 2628 129 48 lapsum
949 2628 78 48 pro¬-

211 2660 166 59 peccatore
339 2660 115 59 coram
416 2660 90 59 DEO
467 2660 90 59 non
518 2660 179 59 habebatur:
659 2660 90 59 sed
710 2660 115 59 vitam
787 2660 154 59 aeternam
889 2660 141 59 consequi¬-

216 2693 84 58 non
264 2693 144 58 poterat,
372 2693 96 58 nisi
432 2693 132 58 haberet
528 2693 156 58 justitiam
648 2693 120 58 Legis,
732 2693 168 58 justitiam,
864 2693 132 58 inquam,
948 2693 84 58 immu¬-

210 2735 150 49 tabilem
319 2735 68 49 &
333 2735 191 49 sempiternam.

255 2750 159 60 Septimum:
377 2750 98 60 quia
438 2750 86 60 cum
487 2750 147 60 Christus
598 2750 86 60 non
647 2750 86 60 sua
695 2750 122 60 causa,
781 2750 86 60 sed
830 2750 122 60 nostra
916 2750 110 60 causa
977 2750 49 60 i1

221 2793 124 57 mundum
307 2793 173 57 advenerit,
443 2793 111 57 sicut
518 2793 186 57 remissionem
666 2793 173 57 peccatorum
802 2793 111 57 nobis
877 2793 149 57 peperit,
976 2793 50 57 it

211 2827 116 56 etiam
289 2827 194 56 sempiternam
444 2827 168 56 justitiam
573 2827 155 56 adduxit.
690 2827 91 56 Non
741 2827 129 56 tantum
832 2827 129 56 venit,
923 2827 78 56 ut
948 2827 78 56 dare

216 2861 130 56 animam
307 2861 104 56 suam
372 2861 78 56 in
411 2861 195 56 redemtionis
567 2861 143 56 pretium
670 2861 91 56 pro
722 2861 143 56 multis,
826 2861 65 56 &
852 2861 156 56 funderet
956 2861 78 56 san¬-

227 2892 128 62 guinem
317 2892 77 62 in
356 2892 193 62 remissionem
510 2892 180 62 peccatorum
651 2892 180 62 nostrorum:
792 2892 90 62 Sed
843 2892 116 62 etiam
920 2892 77 62 ut
946 2892 90 62 vitam

208 2940 189 48 haberemus,
356 2940 95 48 Joh
410 2940 95 48 10.
451 2940 68 48 10.

249 2951 143 65 Octavum:
357 2951 96 65 quia
416 2951 143 65 Christus
524 2951 84 65 non
571 2951 84 65 hoc
619 2951 119 65 tantum
703 2951 143 65 effecit,
810 2951 72 65 ut
846 2951 84 65 pro
882 2951 143 65 peccatori¬-

212 3002 89 42 bus
263 3002 89 42 non
314 3002 153 42 habeamur
429 3002 115 42 coram
505 3002 140 42 DEOSsed
607 3002 127 42 etiam,
696 3002 76 42 ut
734 3002 127 42 nostra
823 3002 127 42 fieret
900 3002 127 42 obediens

226 3031 79 54 tia
271 3031 91 54 Legi
328 3031 91 54 toti
384 3031 68 54 ab
418 3031 91 54 ipso
475 3031 159 54 praestita,
600 3031 91 54 quam
657 3031 136 54 exsolvit
759 3031 79 54 tum
804 3031 125 54 debitum
895 3031 113 54 poenae
963 3031 68 54 pro¬-

217 3061 158 61 peccatis
335 3061 158 61 nostris;
454 3061 92 61 tum
506 3061 145 61 debitum
611 3061 197 61 obedientiae
769 3061 197 61 mandatorum,
927 3061 79 61 ad
953 3061 79 61 quod

212 3103 156 47 solvendum
332 3103 84 47 nos
380 3103 120 47 eramus
464 3103 156 47 obligati,
583 3103 72 47 si
619 3103 144 47 aeternum
727 3103 120 47 vivere
799 3103 132 47 vellemus.

256 3128 134 56 Nonum:
350 3128 108 56 quia
417 3128 161 56 Christum
538 3128 175 56 induimus,
672 3128 67 56 &
699 3128 202 56 communionem
860 3128 94 56 cum
914 3128 108 56 ipso
968 3128 67 56 ha¬-

222 3158 120 65 bemus:
306 3158 132 65 proinde
402 3158 60 65 &
426 3158 156 65 justitiae
545 3158 72 65 se
581 3158 120 65 cietas
665 3158 108 65 nobis
737 3158 84 65 est
785 3158 84 65 cum
833 3158 108 65 ipso.
904 3158 84 65 Qui
940 3158 120 65 Christum

219 3198 83 66 per
266 3198 106 66 fidem
337 3198 130 66 induit,
432 3198 83 66 eum
479 3198 166 66 innocentia
609 3198 59 66 &
633 3198 166 66 sanctitate
763 3198 130 66 Christi
858 3198 142 66 vestitum
952 3198 83 66 esse,

229 3251 115 38 certum
297 3251 69 38 est.

1032 187 160 46 Decimum:
1152 187 107 46 quia
1219 187 160 46 Christus
1339 187 67 46 &
1366 187 174 46 debitorum
1499 187 174 46 nostrorum
1633 187 187 46 solutionem
1767 187 53 46 in

1018 213 74 47 se
1055 213 135 47 recepit
1153 213 74 47 ut
1190 213 147 47 sponsor,
1300 213 61 47 &
1325 213 111 47 bonis
1398 213 98 47 suis
1460 213 86 47 nos
1509 213 111 47 ditat
1583 213 74 47 ut
1620 213 123 47 dives.
1693 213 123 47 Quemadmo

1016 252 93 52 dum
1069 252 80 52 si
1109 252 107 52 quis
1176 252 147 52 aliquem
1282 252 160 52 debentem
1402 252 133 52 obolos
1496 252 120 52 decem
1576 252 80 52 in
1616 252 160 52 carcerem
1722 252 107 52 conji¬-

1024 289 122 41 ceret,
1109 289 85 41 nec
1158 289 110 41 ipsum
1231 289 122 41 solum,
1316 289 85 41 sed
1365 289 61 41 &
1389 289 122 41 uxorem
1475 289 61 41 &
1499 289 134 41 liberos
1597 289 61 41 &
1621 289 171 41 domesticos
1743 289 73 41 pro¬-

1026 324 97 39 pter
1087 324 121 39 ipsum:
1172 324 134 39 veniret
1269 324 109 39 autem
1341 324 121 39 alius,
1426 324 85 39 qui
1475 324 85 39 non
1524 324 109 39 solum
1596 324 109 39 decem
1669 324 109 39 illos
1730 324 97 39 obolos

1022 355 149 38 solveret,
1136 355 80 38 sed
1182 355 103 38 etiam
1250 355 137 38 infinita
1353 355 126 38 talenta
1445 355 91 38 auti
1502 355 126 38 donaret
1593 355 69 38 ei
1628 355 80 38 qui
1662 355 160 38 incarceratus

1018 389 100 48 antea
1084 389 122 48 fuerat,
1173 389 111 48 eumque
1250 389 66 48 in
1284 389 100 48 regia
1350 389 77 48 sua
1394 389 122 48 palatia
1483 389 155 48 deduceret,
1605 389 66 48 in
1638 389 100 48 solio
1704 389 100 48 regio
1760 389 66 48 col¬-

1017 419 144 50 locaret,
1125 419 60 50 &
1149 419 168 50 participem
1282 419 132 50 supremi
1378 419 132 50 honoris
1474 419 144 50 faceret,
1582 419 84 50 non
1631 419 120 50 posset
1715 419 72 50 in
1739 419 84 50 poste

1026 452 93 42 tum
1079 452 172 42 meminisse
1211 452 119 42 decem
1291 452 172 42 obolorum,
1424 452 106 42 quos
1490 452 159 42 debuerat
1609 452 186 42 creditori:
1755 452 93 42 ita
1795 452 40 42 &

1017 490 112 46 nobis
1091 490 149 46 accidit.
1203 490 87 46 Nam
1252 490 112 46 multo
1327 490 112 46 plura
1401 490 99 46 quam
1463 490 174 46 debebamus,
1600 490 161 46 Christus,
1711 490 112 46 persola

1027 523 97 38 vit,
1087 523 61 38 &
1112 523 109 38 tanto
1184 523 121 38 plura,
1269 523 121 38 quanto
1354 523 157 38 infinitis
1475 523 145 38 partibus
1584 523 109 38 major
1656 523 85 38 est
1705 523 133 38 Oceanus
1790 523 48 38 ad

1034 559 115 36 parvam
1114 559 115 36 guttam
1195 559 150 36 collatus.
1310 559 104 36 Sicut
1379 559 104 36 autem
1448 559 104 36 actus
1517 559 161 36 creditoris
1643 559 150 36 distincti
1747 559 81 36 sunt,

1027 592 161 35 acceptatio
1153 592 161 35 solutionis
1280 592 58 35 a
1303 592 138 35 sponsore
1406 592 115 35 factae
1487 592 81 35 pro
1533 592 138 35 debitore
1636 592 58 35 &
1659 592 138 35 dimissio
1751 592 69 35 debi

1018 625 98 35 toris
1083 625 65 35 ex
1116 625 131 35 carcere,
1214 625 87 35 illa
1268 625 87 35 enim
1323 625 76 35 est
1366 625 98 35 hujus
1432 625 109 35 causa:
1508 625 76 35 ita
1551 625 98 35 actus
1616 625 141 35 distincti
1725 625 98 35 sunt,
1780 625 54 35 im¬-

1024 656 129 46 putatio
1118 656 153 46 justitiae
1236 656 129 46 Christi
1330 656 59 46 &
1353 656 141 46 remissio
1459 656 176 46 peccatorum.
1600 656 153 46 Imputatio
1706 656 129 46 justitiae

1030 684 125 43 Christi
1120 684 79 43 est
1166 684 102 43 actus
1234 684 79 43 quo
1279 684 91 43 Deus
1336 684 79 43 ita
1381 684 136 43 acceptat
1483 684 147 43 justitiam
1596 684 136 43 Christi,
1698 684 68 43 ut
1732 684 79 43 eam
1766 684 57 43 non

1031 719 79 45 bis
1076 719 157 45 adscribat,
1199 719 124 45 perinde
1289 719 67 45 ac
1323 719 67 45 si
1356 719 56 45 a
1379 719 101 45 nobis
1446 719 101 45 ipsam
1514 719 157 45 accepisset
1637 719 135 45 Christus
1738 719 79 45 pro
1772 719 56 45 no¬-

1033 759 81 38 bis
1080 759 163 38 solutionem
1208 759 116 38 fecit,
1289 759 105 38 illam
1359 759 93 38 Deus
1417 759 105 38 nobis
1487 759 140 38 imputat,
1592 759 81 38 hoc
1638 759 93 38 est,
1696 759 105 38 nobis
1755 759 81 38 illam

1026 792 153 44 adscribit
1144 792 71 44 ac
1179 792 71 44 si
1214 792 59 44 a
1238 792 106 44 nobis
1309 792 82 44 eam
1356 792 176 44 accepisset.
1497 792 141 44 Remissio
1603 792 165 44 peccatorum
1732 792 82 44 cum
1767 792 59 44 ad¬-

1036 823 151 36 udicatione
1155 823 97 36 juris
1220 823 97 36 vitae
1285 823 130 36 aeternae
1382 823 162 36 consequitur

1062 851 172 46 Undecimum:
1197 851 98 46 quia
1258 851 98 46 idem
1319 851 159 46 testantur
1442 851 184 46 sacramenta,
1589 851 98 46 quae
1650 851 110 46 nobis
1724 851 86 46 non
1760 851 74 46 tan¬-

1029 885 83 50 tum
1077 885 178 50 remissionem
1219 885 166 50 peccatorum
1349 885 166 50 obsignant,
1479 885 83 50 sed
1527 885 107 50 etiam
1598 885 95 50 sunt
1657 885 130 50 sigilla
1740 885 95 50 justi¬-

1041 921 84 35 ciae
1093 921 105 35 fidei:
1166 921 94 35 sicut
1229 921 105 35 Paulus
1302 921 73 35 ait
1344 921 84 35 Rom.
1396 921 63 35 4.
1428 921 63 35 v.
1459 921 73 35 11.
1501 921 63 35 Et
1532 921 105 35 signum
1605 921 115 35 accepit
1679 921 146 35 circumcisios

1027 956 84 38 nis,
1079 956 126 38 sigillum
1173 956 136 38 iustitiae
1278 956 94 38 fidei
1340 956 126 38 receptae
1435 956 63 38 in
1466 956 146 38 praeputio.
1581 956 94 38 Sicut
1644 956 105 38 igitur
1706 956 126 38 Evangelium

1042 984 81 50 sic
1089 984 162 50 sacramenta
1216 984 162 50 testantur,
1343 984 127 50 praeter
1436 984 104 50 donum
1505 984 174 50 remissionis
1644 984 174 50 peccatorum,
1771 984 58 50 ju¬-

1042 1019 128 40 stitiam
1136 1019 128 40 Christi
1229 1019 105 40 nobis
1288 1019 128 40 imputari¬-

1064 1046 199 51 Duodecimum:
1223 1046 106 51 quia
1289 1046 146 51 figurae
1395 1046 79 51 in
1435 1046 132 51 veteri
1527 1046 185 51 Testamento
1673 1046 106 51 idem
1726 1046 106 51 docent

1043 1083 123 51 Adamo
1125 1083 136 51 vestis
1220 1083 177 51 nuditatem
1357 1083 163 51 pudendam
1479 1083 136 51 tegens
1574 1083 68 51 a
1602 1083 95 51 DEO
1656 1083 123 51 data.
1738 1083 82 51 Ut
1765 1083 68 51 Ja¬-

1043 1121 115 36 cobus
1120 1121 217 36 benedictionem
1298 1121 230 36 consequeretur,
1490 1121 128 36 vestem
1579 1121 191 36 primogeniti
1719 1121 115 36 induit.

1046 1156 106 39 quam
1112 1156 145 39 figuram
1218 1156 172 39 Ambrosius
1350 1156 119 39 libro
1429 1156 145 39 secundo
1535 1156 79 39 de
1575 1156 132 39 Jacob.
1667 1156 66 39 &
1694 1156 106 39 vita
1746 1156 93 39 beata

1046 1190 104 36 cap.
1111 1190 143 36 secundo
1215 1190 196 36 observavit.
1372 1190 117 36 Nempe
1450 1190 196 36 quemadmodum
1606 1190 104 36 ille
1659 1190 182 36 primogenitur

1042 1225 80 32 tam
1087 1225 57 32 a
1110 1225 114 32 seipso
1190 1225 80 32 non
1236 1225 137 32 meritus,
1339 1225 114 32 habitu
1419 1225 114 32 fatris
1500 1225 172 32 occultatus,
1637 1225 126 32 ejusque
1729 1225 103 32 veste
1786 1225 57 32 in¬-

1043 1254 120 36 dutus,
1127 1254 96 36 quae
1187 1254 132 36 optimum
1284 1254 120 36 odorem
1368 1254 156 36 spirabat,
1488 1254 72 36 se
1524 1254 108 36 ipsum
1596 1254 168 36 insinuavit
1729 1254 120 36 patri,
1801 1254 48 36 ut

1051 1287 86 43 suo
1100 1287 147 43 conimodo
1210 1287 86 43 sub
1260 1287 123 43 aliena
1345 1287 135 43 persona
1444 1287 209 43 benedictionem
1616 1287 172 43 acciperet:
1751 1287 86 43 ita
1788 1287 61 43 nos

1054 1320 80 45 sub
1099 1320 125 45 Christi
1190 1320 170 45 primogeniti
1326 1320 114 45 nostri
1406 1320 125 45 fratris
1497 1320 136 45 pretiosa
1599 1320 136 45 puritate
1690 1320 159 45 delitescere,

1049 1355 77 37 ut
1088 1355 193 37 testimonium
1242 1355 167 37 justitiae
1370 1355 64 37 a
1396 1355 167 37 conspectu
1525 1355 90 37 DEI
1576 1355 180 37 referamus.
1717 1355 116 37 Verba
1782 1355 64 37 Am¬-

1045 1387 111 45 brosii
1122 1387 100 45 sunt:
1189 1387 89 45 Quod
1244 1387 100 45 Isaac
1311 1387 111 45 odorem
1388 1387 122 45 vestium
1477 1387 133 45 olfecit,
1576 1387 133 45 fortasse
1676 1387 100 45 illud
1742 1387 89 45 est,
1787 1387 66 45 quia

1051 1425 85 35 non
1100 1425 146 35 operibus
1209 1425 207 35 iustificamur,
1380 1425 85 35 sed
1429 1425 110 35 fide:
1502 1425 134 35 quoniam
1599 1425 146 35 carnalis
1697 1425 146 35 infirmita¬-

1057 1461 136 36 operibus
1159 1461 171 36 impedimento
1295 1461 91 36 est,
1352 1461 80 36 sed
1398 1461 102 36 fidei
1466 1461 148 36 claritas,
1580 1461 136 36 factorum
1682 1461 136 36 obumbrat
1773 1461 68 36 erro

1051 1487 100 39 rem,
1114 1487 100 39 quae
1177 1487 138 39 meretur
1277 1487 125 39 veniam
1364 1487 188 39 delictorum.
1514 1487 75 39 Et
1552 1487 100 39 sane
1614 1487 88 39 ita
1664 1487 88 39 res
1714 1487 125 39 habet:
1789 1487 63 39 nam

1050 1523 96 42 quo
1105 1523 82 42 in
1146 1523 150 42 salutem
1255 1523 123 42 coram
1337 1523 123 42 facie
1419 1523 96 42 DEI
1474 1523 218 42 compareamus,
1651 1523 109 42 bono
1719 1523 109 42 ejus
1774 1523 82 42 odo¬-

1063 1558 67 37 se
1096 1558 134 37 fragrare
1197 1558 78 37 nos
1241 1558 123 37 necesse
1330 1558 89 37 est,
1386 1558 56 37 &
1408 1558 89 37 ejus
1464 1558 167 37 perfectione
1598 1558 100 37 vitia
1665 1558 111 37 nostra
1743 1558 111 37 obtegi
1809 1558 45 37 ac

1054 1589 137 33 sepeliri
1156 1589 125 33 Zachar.
1247 1589 68 33 3.
1281 1589 102 33 vers.
1350 1589 68 33 3.
1384 1589 137 33 Sacerdos
1486 1589 159 33 Jehoschuah
1612 1589 125 33 exuitur
1703 1589 137 33 vestibus
1794 1589 68 33 sor¬-

1066 1625 123 36 lidis,
1152 1625 61 36 &
1176 1625 123 36 contra
1262 1625 147 36 induitur
1373 1625 147 36 vestibus
1483 1625 135 36 mundis.
1582 1625 86 36 Per
1631 1625 160 36 amotionem
1741 1625 111 36 vestium

1054 1654 174 40 sordidarum
1191 1654 187 40 significata
1340 1654 100 40 fuit
1402 1654 174 40 translatio
1539 1654 187 40 iniquitatum
1689 1654 62 40 a
1701 1654 162 40 Jehoschuah,

1054 1691 80 39 seu
1099 1691 138 39 remissio
1203 1691 160 39 peccatorum
1329 1691 126 39 ipsius,
1420 1691 103 39 vers.
1489 1691 69 39 4.
1524 1691 92 39 Unde
1581 1691 69 39 vi
1615 1691 183 39 oppositionis
1764 1691 115 39 sequi¬

1060 1730 103 32 tur,
1125 1730 90 32 per
1176 1730 181 32 aptationem
1318 1730 142 32 vestium
1422 1730 155 32 mundarum
1538 1730 207 32 significatam
1706 1730 129 32 fuisse
1783 1730 78 32 com¬-

1052 1754 178 40 municationem
1197 1754 145 40 justitiae
1308 1754 134 40 Christi,
1409 1754 89 40 quae
1465 1754 78 40 est
1509 1754 112 40 vestis
1587 1754 89 40 illa
1643 1754 134 40 candida,
1743 1754 67 40 in
1777 1754 78 40 qua
1810 1754 56 40 co¬-

1063 1789 80 37 tam
1108 1789 80 37 DEO
1154 1789 91 37 puri
1211 1789 171 37 comparemus,
1348 1789 126 37 Apocal.
1439 1789 68 37 7.
1473 1789 68 37 9,
1508 1789 80 37 13,
1553 1789 80 37 14.
1599 1789 57 37 &
1622 1789 68 37 c.
1656 1789 80 37 19.
1702 1789 80 37 13.
1736 1789 57 37 14.

1088 1819 146 42 Dicimum:
1197 1819 134 42 ertium:
1295 1819 97 42 quia
1356 1819 85 42 has
1404 1819 122 42 easdem
1490 1819 122 42 partes
1575 1819 158 42 agnoscunt
1697 1819 97 42 vere
1745 1819 122 42 fideles.

1065 1853 133 38 Doctores
1165 1853 100 38 alii,
1231 1853 67 38 ut
1264 1853 122 38 Bucerus
1353 1853 55 38 &
1375 1853 89 38 alii
1431 1853 177 38 collocutores
1575 1853 155 38 Evangelici
1697 1853 67 38 in
1730 1853 155 38 colloquioe

1052 1892 198 41 Ratisbonensi
1212 1892 136 41 altero,
1311 1892 99 41 anno
1373 1892 111 41 XIVI.
1447 1892 124 41 pagina
1534 1892 185 41 ducentesima
1670 1892 185 41 vigesimanona.

1096 1923 112 39 Certum
1174 1923 112 39 igitur
1252 1923 90 39 est,
1308 1923 90 39 duas
1364 1923 90 39 esse
1420 1923 78 39 has
1465 1923 112 39 partes
1543 1923 213 39 justificationis
1723 1923 123 39 nostrae
1801 1923 67 39 cora

1059 1951 108 44 Deot:
1131 1951 132 44 ideamus
1227 1951 84 44 jam
1275 1951 156 44 utriusque
1384 1951 168 44 definitionem

1083 1989 189 41 IMPUTATIO
1229 1989 189 41 JUSTITIAE
1374 1989 174 41 CHRISTI,
1505 1989 102 41 est
1563 1989 131 41 prima
1650 1989 189 41 gratuitae
1781 1989 73 41 ju¬-

1054 2017 200 40 stificationis
1219 2017 106 40 pars,
1290 2017 94 40 quum
1348 2017 94 40 Deus
1407 2017 153 40 justitiam
1525 2017 129 40 Christi
1619 2017 106 40 nobis
1690 2017 118 40 donat,
1772 2017 82 40 seu
1807 2017 59 40 no¬-

1054 2054 74 35 bis
1097 2054 149 35 adscribit,
1214 2054 64 35 ac
1246 2054 64 35 si
1278 2054 53 35 a
1299 2054 96 35 nobis
1363 2054 96 35 ipsis
1427 2054 149 35 praestita,
1544 2054 53 35 &
1565 2054 64 35 in
1597 2054 96 35 nobis
1661 2054 96 35 ipsis
1724 2054 106 35 esset,
1788 2054 64 35 pro¬-

1059 2087 123 43 pterea
1145 2087 99 43 quod
1207 2087 111 43 illam
1281 2087 148 43 Christus
1392 2087 74 43 ut
1429 2087 111 43 Caput
1503 2087 136 43 nostium
1602 2087 62 43 &
1626 2087 148 43 sponsor,
1738 2087 86 43 pro
1775 2087 86 43 nobis

1060 2124 71 38 ut
1096 2124 131 38 membris
1191 2124 95 38 suis
1250 2124 59 38 &
1274 2124 178 38 debitoribus
1417 2124 178 38 praestitit,
1559 2124 71 38 ut
1595 2124 83 38 per
1642 2124 107 38 illam
1714 2124 143 38 habeamus
1809 2124 59 38 jus

1064 2157 176 36 naereditatis
1207 2157 99 36 vitae
1273 2157 143 36 aeternae.
1383 2157 88 36 Haec
1438 2157 88 36 enim
1493 2157 77 36 est
1537 2157 176 36 justificatio
1680 2157 110 36 vitae,
1746 2157 110 36 Roman.5.

1064 2187 118 37 versic.
1150 2187 75 37 18.
1193 2187 86 37 Haec
1247 2187 75 37 est
1290 2187 108 37 gratia
1365 2187 118 37 regnans
1451 2187 75 37 per
1495 2187 140 37 justitiam
1602 2187 108 37 (scil.
1677 2187 118 37 Christi
1763 2187 97 37 nobis
1817 2187 54 37 im¬-

1063 2220 142 36 butatam)
1170 2220 71 36 ad
1205 2220 107 36 vitam
1276 2220 154 36 aeternam,
1395 2220 118 36 Roman.
1477 2220 71 36 5.
1513 2220 107 36 vers.
1584 2220 83 36 21.
1631 2220 95 36 Hinc
1690 2220 142 36 Spiritus
1785 2220 83 36 vita¬-

1062 2251 83 39 est
1109 2251 130 39 propter
1204 2251 153 39 justitiam
1322 2251 118 39 (scil.
1405 2251 130 39 Christi
1499 2251 106 39 nobis
1570 2251 177 39 imputatam,)
1712 2251 118 39 Roman.
1794 2251 71 39 5.
1818 2251 47 39 v.

1055 2282 80 42 10.
1100 2282 68 42 De
1134 2282 102 42 eadem
1203 2282 114 42 Paulus
1282 2282 137 42 loquitur
1385 2282 125 42 Philip.
1476 2282 68 42 3.
1510 2282 68 42 v.
1544 2282 68 42 7.
1578 2282 68 42 8,
1612 2282 68 42 9.
1646 2282 91 42 Quae
1703 2282 91 42 mihi
1760 2282 102 42 erant
1817 2282 57 42 lu¬-

1057 2325 95 30 cra,
1117 2325 71 30 ea
1152 2325 95 30 duxi
1212 2325 131 30 propter
1307 2325 143 30 Christum
1414 2325 119 30 damnum
1497 2325 107 30 esse.
1568 2325 95 30 Quin
1627 2325 107 30 etiam
1699 2325 107 30 cerre
1770 2325 95 30 duco
1817 2325 48 30 o¬-

1066 2356 96 34 mnia
1126 2356 121 34 damnum
1211 2356 96 34 esse
1271 2356 133 34 propter
1367 2356 169 34 eminentiam
1500 2356 181 34 cognitionis
1645 2356 96 34 Iesu
1705 2356 133 34 Christi
1790 2356 84 34 Domi¬-

1070 2384 64 38 ni
1102 2384 86 38 mei:
1156 2384 118 38 propter
1241 2384 86 38 quem
1295 2384 107 38 omnibs
1370 2384 96 38 istis
1434 2384 118 38 meipsum
1520 2384 128 38 multavi,
1616 2384 96 38 eaque
1680 2384 86 38 duco
1734 2384 75 38 pro
1766 2384 96 38 sterco.

1071 2423 119 32 ribus,
1155 2423 72 32 ut
1190 2423 143 32 Christum
1298 2423 191 32 lucrifaciam;
1453 2423 60 32 &
1477 2423 155 32 comperiar
1596 2423 72 32 in
1632 2423 83 32 eo,
1679 2423 83 32 non
1727 2423 119 32 habens
1798 2423 72 32 meum

1076 2458 131 40 ustitiam,
1177 2458 81 40 quae
1227 2458 71 40 est
1268 2458 61 40 ex
1298 2458 91 40 lege,
1359 2458 71 40 sed
1399 2458 71 40 eam
1440 2458 81 40 quae
1490 2458 71 40 per
1531 2458 91 40 fidem
1591 2458 71 40 est
1632 2458 121 40 Christi,
1722 2458 61 40 id
1753 2458 81 40 est,
1793 2458 81 40 justi¬-

1061 2482 88 49 tiam
1116 2482 88 49 quae
1171 2482 77 49 est
1215 2482 66 49 ex
1249 2482 77 49 Deo
1293 2482 77 49 per
1326 2482 77 49 fidem

1097 2518 157 46 Justitiam
1217 2518 133 46 Christi
1314 2518 108 46 nobis
1386 2518 157 46 imputari,
1507 2518 157 46 Scriptura
1627 2518 108 46 Sacra
1699 2518 120 46 docet,
1784 2518 72 46 ut
1808 2518 60 46 jam

1074 2556 122 33 inte
1150 2556 152 33 abunde
1256 2556 228 33 ostendimus.
1439 2556 107 33 Tum
1500 2556 122 33 quia
1576 2556 183 33 peccatum
1713 2556 137 33 Adami
1789 2556 76 33 im¬-

1068 2590 137 40 putatur
1167 2590 137 40 omnibus
1267 2590 124 40 filiis
1354 2590 112 40 Adami
1428 2590 75 40 ab
1466 2590 75 40 eo
1503 2590 174 40 carnaliter
1640 2590 187 40 propagatis:
1777 2590 87 40 certi

1065 2620 61 43 &
1089 2620 147 43 justitia
1200 2620 135 43 Christi
1298 2620 159 43 imputatur
1420 2620 135 43 omnibus
1519 2620 61 43 a
1543 2620 135 43 Christo
1641 2620 209 43 spiritualiter
1801 2620 61 43 res

1067 2654 132 52 generatis.

1109 2677 85 52 Tum
1157 2677 97 52 quid
1218 2677 170 52 perversius
1352 2677 109 52 fingi
1425 2677 134 52 potest,
1522 2677 97 52 quam
1583 2677 109 52 nobis
1655 2677 158 52 sanctorum
1765 2677 109 52 merita.

1064 2714 163 48 imputari,
1190 2714 138 48 Christi
1290 2714 163 48 justitiam
1415 2714 88 48 non
1465 2714 163 48 imputari?
1590 2714 88 48 Qui
1641 2714 100 48 enim
1691 2714 175 48 indulgentias

1082 2755 152 38 redimunt
1196 2755 127 38 numis,
1285 2755 89 38 non
1335 2755 165 38 dubitant,
1462 2755 101 38 quin
1525 2755 76 38 ex
1563 2755 139 38 aliorum
1665 2755 139 38 meritis
1753 2755 114 38 maximor

1070 2780 94 49 sint
1129 2780 94 49 ipsi
1188 2780 141 49 fructus,
1294 2780 59 49 &
1318 2780 118 49 lucrum
1400 2780 130 49 eximium
1494 2780 177 49 percepturi.
1635 2780 71 49 Si
1671 2780 94 49 ergo
1730 2780 130 49 possunt
1812 2780 59 49 me¬-

1073 2811 85 49 rita
1126 2811 148 49 sanctorum,
1243 2811 64 49 ut
1275 2811 85 49 ipsi
1328 2811 127 49 Papistae
1423 2811 159 49 existimant,
1550 2811 74 49 eos
1593 2811 106 49 facere
1667 2811 138 49 justiores
1773 2811 64 49 in
1804 2811 85 49 qui¬

1079 2853 84 40 bus
1127 2853 84 40 non
1175 2853 169 40 inhaerent,
1308 2853 96 40 quam
1368 2853 120 40 impium
1452 2853 108 40 atque
1525 2853 145 40 absurdum
1633 2853 133 40 fuerit,
1729 2853 133 40 Christi
1814 2853 60 40 me¬-

1079 2885 102 46 ritis
1146 2885 68 46 ac
1180 2885 147 46 justitiae
1293 2885 79 46 vim
1338 2885 181 46 imputationis
1485 2885 124 46 minorem
1564 2885 147 46 attribueres

1161 2917 96 69 Vsus
1221 2917 157 69 doctrinae
1342 2917 72 69 de
1378 2917 181 69 imputatione
1523 2917 157 69 iustitiae
1643 2917 133 69 Christi
1728 2917 72 69 est:

1379 2967 161 55 multiplex.

1113 3005 118 53 Primus
1196 3005 94 53 est,
1254 3005 71 53 ut
1290 3005 176 53 tranquillas
1431 3005 188 53 conscientias
1583 3005 153 53 habeamus,
1701 3005 106 53 certo
1771 3005 82 53 nos
1807 3005 71 53 cora

1076 3046 127 61 judicio
1169 3046 81 61 DEI
1215 3046 127 61 damnari
1308 3046 81 61 non
1355 3046 116 61 posse,
1436 3046 93 61 quum
1494 3046 139 61 perfecte
1598 3046 104 61 simus
1667 3046 174 61 justificat,

1107 3081 156 52 Secundus,
1227 3081 156 52 justitiam
1346 3081 144 52 nostram,
1454 3081 84 52 qua
1502 3081 108 52 coram
1574 3081 84 52 Deo
1622 3081 203 52 justificamur,
1789 3081 96 52 esse
1837 3081 48 52 in

1080 3112 85 48 hac
1128 3112 97 48 vita
1189 3112 133 48 omnibus
1285 3112 109 48 modis
1358 3112 230 48 perfectissimam,
1552 3112 85 48 qua
1600 3112 85 48 nec
1648 3112 157 48 meliorem,
1769 3112 85 48 nec
1818 3112 85 48 ab¬

1086 3147 153 46 olutiorem
1204 3147 82 46 Lex
1251 3147 82 46 Dei
1298 3147 130 46 exigere
1392 3147 130 46 possit:
1487 3147 94 46 quia
1545 3147 82 46 est
1592 3147 165 46 obedientia
1722 3147 130 46 Christi
1804 3147 71 46 per¬-

1072 3193 176 40 fectissima,
1213 3193 82 40 per
1260 3193 188 40 imputationem
1413 3193 106 40 nosti
1483 3193 59 40 a
1495 3193 82 40 facta

1114 3204 131 63 Tertius,
1212 3204 77 63 nos
1256 3204 131 63 justitia
1355 3204 208 63 Christivestitos
1529 3204 77 63 Deo
1573 3204 131 63 placere,
1671 3204 55 63 &
1693 3204 120 63 propter
1770 3204 120 63 suavissi¬
