2063 3426
195 136 90 73 tur.
251 136 124 73 Vocatur
341 136 56 73 a
364 136 101 73 Paulo
431 136 113 73 Roman.
510 136 68 73 8.
544 136 68 73 v.
578 136 68 73 30
612 136 191 73 glorificatio,
769 136 79 73 hoc
814 136 90 73 est,
871 136 135 73 gloriosa
961 136 56 73 re¬-

192 189 128 53 novatio
285 189 128 53 naturae
378 189 139 53 nostrae,
482 189 104 53 cujus
552 189 128 53 initium
645 189 81 53 fit
691 189 70 53 in
726 189 81 53 hac
773 189 104 53 vita,
831 189 162 53 complementum

195 217 79 41 erit
244 217 59 41 in
264 217 89 41 altera¬-

224 259 158 59 Gratuitam
345 259 109 59 coram
418 259 85 59 Deo
467 259 231 59 justificationem
661 259 158 59 individuo
783 259 97 59 noxu
843 259 170 59 comitatur.

191 301 75 45 nec
234 301 64 45 ab
266 301 64 45 ea
299 301 129 45 separati
395 301 118 45 potest,
481 301 118 45 etiamsi
567 301 140 45 distingui
674 301 118 45 debeat,

223 334 78 51 Sic
267 334 156 51 pulcerrime
390 334 134 51 cohaeret
491 334 112 51 catena
569 334 134 51 causarum
669 334 134 51 aeternae
770 334 123 51 salutis
859 334 67 51 ab
882 334 100 51 Aposto¬-

190 365 67 64 lo
223 365 134 64 tradita:
324 365 89 64 Quos
379 365 212 64 praedestinavit,
558 365 78 64 eos
602 365 100 64 etiam
669 365 134 64 vocavit;
769 365 56 64 &
791 365 89 64 quos
847 365 134 64 vocavit,
936 365 56 64 eos

200 411 93 40 etiam
262 411 175 40 justificavit?
406 411 52 40 &
427 411 83 40 quos
478 411 175 40 justificavit,
623 411 72 40 eos
664 411 93 40 etiam
726 411 175 40 glorificavit.

224 445 190 53 Regeneratio
377 445 89 53 est
427 445 114 53 nobis
504 445 114 53 summe
580 445 63 53 &
605 445 140 53 omnibus
707 445 114 53 modis
770 445 165 53 necessaria.

225 480 74 52 I.
262 480 99 52 quia
323 480 74 52 id
360 480 148 52 Christus
472 480 86 52 cum
521 480 123 52 sancto
607 480 62 52 &
632 480 148 52 pretioso
743 480 160 52 juramento
854 480 136 52 testatur.

209 510 80 48 Joh.
259 510 60 48 3.
289 510 60 48 v.
319 510 60 48 3.
349 510 100 48 Matth.
418 510 70 48 18.
448 510 40 48 3.

222 549 86 46 II.
271 549 99 46 quia
333 549 99 46 sine
394 549 74 46 ea
432 549 99 46 nemo
493 549 123 46 potest
580 549 123 46 videre
666 549 123 46 regnum
752 549 99 46 Dei,
814 549 62 46 &
839 549 74 46 in
876 549 111 46 iliud
938 549 49 46 in

193 576 107 52 gredi,
268 576 86 52 Joh.
322 576 64 52 3.
354 576 64 52 v.
386 576 64 52 3,
418 576 64 52 5.
451 576 86 52 Matt
493 576 54 52 18.

229 620 96 46 III.
289 620 96 46 quia
349 620 96 46 sine
409 620 72 46 ea
444 620 96 46 nemo
504 620 120 46 amicus
588 620 84 46 Dei
636 620 108 46 fieri
708 620 132 46 potest,
803 620 84 46 Rom
839 620 72 46 8.7.

232 657 84 43 IV.
280 657 96 43 quia
340 657 120 43 absque
424 657 72 43 ea
460 657 96 43 nemo
520 657 84 43 Deo
568 657 132 43 placere
663 657 132 43 potest,
759 657 96 43 Rom.
819 657 72 43 8.
855 657 72 43 v.
891 657 72 43 8.
915 657 72 43 Deus

193 693 108 38 enini
265 693 72 38 ea
301 693 168 38 conditione
432 693 144 38 remittit
540 693 144 38 peccata,
648 693 72 38 si
684 693 72 38 in
720 693 144 38 posterum
827 693 156 38 desinamus
935 693 60 38 eum

205 728 150 43 offendere
321 728 138 43 peccatis
425 728 138 43 nostris.
528 728 81 43 Non
574 728 138 43 possumus
678 728 104 43 autem
747 728 58 43 a
770 728 138 43 peccatis
863 728 138 43 desistere,

195 756 94 37 nisi
254 756 118 37 natura
336 756 118 37 nostra
419 756 82 37 per
466 756 141 37 Spiritum
571 756 129 37 Sanctum
665 756 188 37 instanretur.

233 788 89 53 Rege
288 788 122 53 teratio
377 788 78 53 est
422 788 78 53 vel
466 788 145 53 inchoata,
578 788 89 53 Joh.
633 788 67 53 3.
667 788 67 53 v.
700 788 67 53 3.
733 788 78 53 vel
778 788 167 53 consummata,
900 788 89 53 Matth.

86 834 95 40 ratio
139 834 64 40 quo-

227 853 166 52 Regeneratio
360 853 144 52 inchoata,
470 853 77 52 est
514 853 88 52 quae
570 853 77 52 fit
614 853 66 52 in
647 853 77 52 hac
691 853 100 52 vita,
758 853 100 52 idque
824 853 111 52 tantum
902 853 66 52 ex
924 853 66 52 par¬-

202 885 85 43 te,
250 885 85 43 sic
299 885 73 43 ut
336 885 73 43 in
372 885 85 43 uno
421 885 146 43 eodemque
530 885 122 43 homine
615 885 170 43 regenerato
749 885 97 43 caro
810 885 122 43 quidem
883 885 109 43 habitet

199 922 141 46 spiritus
305 922 106 46 autem
375 922 129 46 regnet,
469 922 82 46 non
516 922 106 46 tamen
587 922 94 46 sine
646 922 117 46 lucta,
728 922 70 46 ut
763 922 129 46 copiose
857 922 164 46 explicatur

195 951 95 52 Rom.
255 951 71 52 7.
290 951 60 52 &
314 951 95 52 Gal.
374 951 95 52 516,
421 951 60 52 17.

225 989 185 45 Regeneratio
373 989 185 45 consummata,
520 989 86 45 est
570 989 99 45 quam
631 989 74 45 in
668 989 123 45 futura
755 989 99 45 vita
816 989 185 45 exspectamus
952 989 49 45 in

201 1037 94 36 qua
254 1037 148 36 nunquam
362 1037 202 36 peccabimus.
524 1037 108 36 Homo
592 1037 135 36 quidem
686 1037 148 36 renatus
794 1037 148 36 morieos
889 1037 94 36 corpo

203 1068 91 36 tali
259 1068 102 36 morte
328 1068 125 36 desinit
419 1068 125 36 poccare
509 1068 80 36 seu
555 1068 80 36 non
600 1068 114 36 peccat
680 1068 136 36 amplius:
782 1068 80 36 sed
828 1068 91 36 post
884 1068 91 36 hanc
930 1068 68 36 vita

194 1100 101 38 quum
257 1100 126 38 corpus
346 1100 126 38 fuerit
434 1100 114 38 denuo
510 1100 126 38 unitum
598 1100 126 38 animae
686 1100 88 38 ita
737 1100 177 38 absolvetur
863 1100 126 38 regenera

195 1133 95 41 tio,
254 1133 71 41 ut
290 1133 95 41 homo
349 1133 83 41 non
396 1133 118 41 possit
479 1133 130 41 amplius
562 1133 118 41 peccare.

230 1159 91 41 Hinc
287 1159 183 41 intelligitur
435 1159 80 41 cur
481 1159 103 41 Paul.
549 1159 80 41 Rom
595 1159 69 41 8.
629 1159 69 41 v.
664 1159 80 41 30.
709 1159 160 41 praeteriti
835 1159 137 41 temporis
926 1159 69 41 ver¬-

196 1189 66 52 bo
229 1189 109 52 Uatur:
305 1189 87 52 quos
360 1189 186 52 justificavit,
513 1189 76 52 eos
556 1189 98 52 etiam
622 1189 186 52 glorificavit:
775 1189 76 52 nam
818 1189 175 52 glorificatio
949 1189 44 52 i1

201 1228 86 39 hac
250 1228 98 39 vita
311 1228 172 39 inchoatur,
446 1228 74 39 in
483 1228 123 39 altera
568 1228 184 39 perficitur;
715 1228 184 39 quemadmodum
862 1228 110 39 etiam
924 1228 74 39 Tho¬-

205 1261 88 38 mas
255 1261 138 38 Aquinas
355 1261 125 38 verbum
442 1261 88 38 hoc
492 1261 163 38 explanat,
617 1261 100 38 quum
680 1261 100 38 ait,
742 1261 100 38 quod
805 1261 100 38 DEUS
855 1261 138 38 duplicite

200 1295 82 38 nos
247 1295 200 38 glorificavit,
412 1295 82 38 uno
459 1295 118 38 quidem
541 1295 94 38 modo
600 1295 82 38 per
647 1295 153 38 profectum
765 1295 141 38 virtutis
871 1295 59 38 &
882 1295 118 38 gratiae,

206 1328 90 41 alio
262 1328 101 41 autem
329 1328 90 41 modo
385 1328 79 41 per
430 1328 67 41 ex
464 1328 157 41 altationem
576 1328 90 41 gloria

238 1356 177 43 Regeneratio
380 1356 106 43 autem
451 1356 83 43 sit
498 1356 83 43 non
546 1356 71 43 ex
581 1356 154 43 sanguine,
699 1356 106 43 neque
770 1356 71 43 ex
806 1356 142 43 libidine
900 1356 95 43 carnis

208 1393 99 44 neque
274 1393 66 44 ex
307 1393 132 44 libidine
406 1393 99 44 viri,
471 1393 77 44 sed
515 1393 55 44 a
537 1393 88 44 Deo,
592 1393 110 44 Patre,
669 1393 99 44 Filio
735 1393 55 44 &
757 1393 121 44 Spiritu
844 1393 121 44 Sancto,
921 1393 77 44 Jesa¬-

205 1434 82 32 66.
252 1434 82 32 v9.
299 1434 70 32 An
334 1434 82 32 ego
381 1434 141 32 aperirem
487 1434 70 32 os
522 1434 141 32 matricis
628 1434 59 32 &
651 1434 82 32 non
698 1434 153 32 gignerem?
816 1434 82 32 ait
863 1434 129 32 Iehova:
945 1434 47 32 a¬-

199 1465 75 37 ego
242 1465 75 37 qui
285 1465 96 37 gigno
349 1465 107 37 amplus
424 1465 192 37 occluderemtait
584 1465 86 37 Deus
638 1465 96 37 tuus.
702 1465 64 37 1.
734 1465 86 37 Pet.
787 1465 64 37 1.
819 1465 64 37 v.
851 1465 64 37 3.
883 1465 86 37 Joh.
937 1465 64 37 1.
958 1465 43 37 v.

202 1499 81 37 13.
248 1499 58 37 &
271 1499 69 37 3.
305 1499 69 37 v.
340 1499 69 37 5,
374 1499 69 37 6.
409 1499 92 37 Quod
466 1499 115 37 Filius
547 1499 81 37 Dei
593 1499 81 37 nos
639 1499 150 37 regeneret
754 1499 104 37 patet
823 1499 69 37 ex
857 1499 69 37 eo
892 1499 92 37 quod
938 1499 58 37 no¬-

90 1535 82 41 les
137 1535 58 41 &
149 1535 58 41 in¬

67 1565 140 42 strumen¬-

238 1597 112 34 Libera
316 1597 56 34 &
339 1597 134 34 gratuita
439 1597 90 34 ejus
495 1597 157 34 voluntate,
618 1597 90 34 Heb.
674 1597 78 34 10.
719 1597 67 34 v.
753 1597 78 34 19.
797 1597 112 34 Jacob.
876 1597 67 34 1.
909 1597 78 34 18.
943 1597 67 34 ideo

211 1621 103 42 filii
279 1621 80 42 Dei
325 1621 114 42 sumus,
404 1621 80 42 non
450 1621 125 42 natura,
541 1621 80 42 sed
587 1621 125 42 gratia.
678 1621 103 42 Quare
747 1621 125 42 restat,
838 1621 68 42 ut
872 1621 125 42 gratiam
952 1621 57 42 ei,

213 1658 141 38 habeamus
319 1658 164 38 perpetuam:
448 1658 94 38 quia
506 1658 94 38 tota
565 1658 117 38 nostra
647 1658 105 38 salus
717 1658 70 38 ex
752 1658 94 38 mera
811 1658 117 38 ipsius
881 1658 129 38 liberavo¬-

201 1695 131 42 luntate
284 1695 107 42 pendet.

240 1717 59 47 Ex
270 1717 89 47 multa
329 1717 99 47 illius
398 1717 168 47 misericordia.
537 1717 59 47 1.
567 1717 79 47 Pet.
616 1717 59 47 1.
646 1717 59 47 v.
665 1717 40 47 3.

231 1750 60 44 A
255 1750 132 44 Christo
351 1750 84 44 per
400 1750 108 44 fidem
472 1750 169 44 apprehenso
604 1750 157 44 promanat,
725 1750 96 44 Act.
785 1750 84 44 15.
821 1750 48 44 9.

239 1787 133 40 Propter
335 1787 120 40 mortem
420 1787 60 40 &
444 1787 133 40 virtute
540 1787 217 40 resurrectionis
721 1787 145 40 Christi:
829 1787 84 40 nam
878 1787 108 40 morte
938 1787 60 40 sua

202 1819 139 39 Christus
307 1819 81 39 est
353 1819 139 39 meritus,
458 1819 198 39 resurrectione
621 1819 174 39 efficaciter
760 1819 209 39 regenerationem
923 1819 81 39 nobis

203 1860 132 33 applicat,
304 1860 81 33 Gal.
355 1860 61 33 2.
385 1860 61 33 v.
416 1860 81 33 209.
467 1860 51 33 &
487 1860 81 33 cap.
538 1860 61 33 5.
568 1860 61 33 v.
598 1860 61 33 24
629 1860 81 33 Rom.
679 1860 61 33 6.
710 1860 51 33 v
730 1860 51 33 3
750 1860 51 33 &
771 1860 91 33 seqq.
832 1860 61 33 1.
862 1860 81 33 Pet.
913 1860 61 33 1.
943 1860 61 33 v.
963 1860 41 33 3.

195 1886 81 41 Ita
242 1886 105 41 causa
312 1886 151 41 efficiens
428 1886 128 41 interna
521 1886 128 41 propter
614 1886 93 41 quam
672 1886 93 41 Deus
730 1886 81 41 nos
777 1886 163 41 regenerat,
905 1886 81 41 est
940 1886 58 41 me¬-

202 1922 114 48 ritum,
281 1922 137 48 justitia
384 1922 57 48 &
407 1922 160 48 obedientia
521 1922 114 48 Christi.

239 1948 80 53 Non
284 1948 69 53 ex
319 1948 114 53 semine
399 1948 171 53 intereunte,
536 1948 80 53 sed
581 1948 80 53 non
627 1948 171 53 intereunte,
764 1948 69 53 id
798 1948 91 53 est,
855 1948 80 53 per
890 1948 114 53 sermonen

204 1994 84 40 Dei
252 1994 109 40 vivum
325 1994 60 40 &
349 1994 145 40 manentem
457 1994 72 40 in
493 1994 157 40 aeternum,
614 1994 121 40 Jacob.
699 1994 72 40 1.
735 1994 133 40 versic.
831 1994 84 40 18.
879 1994 72 40 1.
904 1994 84 40 Petr.

213 2028 78 45 vers
252 2028 49 45 23.

239 2047 102 51 Foris
307 2047 114 51 quidem
386 2047 80 51 per
432 2047 148 51 ministros
546 2047 159 51 Evangelii,
671 2047 68 51 1.
705 2047 91 51 Cor.
762 2047 68 51 4.
796 2047 68 51 v.
830 2047 80 51 15.
875 2047 102 51 Intus
932 2047 57 51 pe¬-

209 2093 131 50 Spiritum
308 2093 131 50 Sanctum,
406 2093 88 50 Joh.
461 2093 66 50 3.
494 2093 66 50 v.
526 2093 66 50 5,
559 2093 66 50 6,
581 2093 33 50 8

243 2123 86 54 Non
292 2123 86 54 per
341 2123 147 54 externum
451 2123 159 54 Baptismum
573 2123 135 54 proprie
671 2123 159 54 loquendo.
793 2123 73 54 1.
830 2123 98 54 quia
891 2123 98 54 ante
940 2123 61 54 eum

210 2165 107 45 multi
282 2165 203 45 regenerantur,
449 2165 72 45 ut
484 2165 143 45 Eunuchus
592 2165 131 45 Reginae
687 2165 155 45 Candaces,
806 2165 107 45 Actor
878 2165 72 45 8.
914 2165 72 45 v.
937 2165 60 45 37.

200 2198 58 46 &
224 2198 151 46 Cornelius
340 2198 140 46 Centurio
445 2198 140 46 amicique
550 2198 93 46 ejus
608 2198 116 46 Actor,
690 2198 82 46 10.
736 2198 70 46 v.
771 2198 82 46 44.
818 2198 58 46 &
841 2198 105 46 seqq.
911 2198 70 46 2.
934 2198 70 46 quia

216 2230 96 47 post
276 2230 84 47 eum
324 2230 108 47 multi
396 2230 108 47 demum
469 2230 108 47 certo
541 2230 132 47 tempore
637 2230 205 47 regenerantur.
806 2230 72 47 3.
842 2230 96 47 quia
902 2230 84 47 per
938 2230 60 47 est

211 2270 112 43 multi
285 2270 87 43 non
335 2270 211 43 regenerantur,
508 2270 74 43 ut
545 2270 112 43 Judas
620 2270 186 43 Iscariotes,
768 2270 112 43 Simon
843 2270 124 43 Magus,
917 2270 87 43 Nico¬-

208 2307 86 40 laus
262 2307 54 40 a
284 2307 76 40 quo
327 2307 151 40 Nicolaitae
446 2307 65 40 de
478 2307 108 40 quibus
554 2307 97 40 Apoc.
619 2307 65 40 2.
651 2307 65 40 v.
673 2307 54 40 15.

249 2332 105 46 Neque
319 2332 82 46 per
366 2332 105 46 fidem
436 2332 129 46 nostram
530 2332 94 46 quia
589 2332 117 46 gratia
670 2332 211 46 regenerationis
846 2332 105 46 prior
916 2332 70 46 in
940 2332 58 46 no¬-

208 2368 76 42 bis
251 2368 86 42 est,
305 2368 86 42 quam
359 2368 97 42 fides
424 2368 86 42 quae
478 2368 108 42 illius
554 2368 76 42 est
586 2368 108 42 effectus

242 2391 73 51 Ut
278 2391 135 51 essemus
376 2391 159 51 primitiae
499 2391 135 51 quaedam
597 2391 110 51 eorum
670 2391 98 51 quae
732 2391 135 51 creavit
830 2391 122 51 Jacob.
915 2391 73 51 1.
940 2391 61 51 18.

211 2420 75 55 id
249 2420 100 55 est,
312 2420 75 55 ut
349 2420 138 55 essemus
450 2420 125 55 sancti
537 2420 63 55 &
563 2420 100 55 quos
625 2420 100 55 Deus
688 2420 100 55 ipse
751 2420 100 55 sibi
813 2420 188 55 consecratos
964 2420 63 55 &
976 2420 63 55 ad¬-

214 2468 114 39 dictos
294 2468 92 39 esse
351 2468 114 39 voluit
431 2468 114 39 sacrae
511 2468 137 39 cujusdam
614 2468 160 39 oblationis
740 2468 126 39 instar,
832 2468 69 39 ex
866 2468 126 39 reliquo
946 2468 46 39 ho

214 2500 110 44 minum
287 2500 122 44 acervo
372 2500 171 44 collectae:
506 2500 73 44 In
543 2500 98 44 spem
604 2500 122 44 vivam,
689 2500 85 44 hoc
738 2500 98 44 est,
799 2500 195 44 haereditatem
945 2500 61 44 que

214 2526 77 52 nec
258 2526 111 52 perire
336 2526 122 52 potest,
424 2526 77 52 nec
469 2526 177 52 contaminari,
612 2526 77 52 nec
657 2526 166 52 marcescere,
790 2526 89 52 quae
845 2526 66 52 in
878 2526 111 52 caelis
945 2526 66 52 ser¬-

227 2571 85 48 vatur,
286 2571 51 48 1.
311 2571 68 48 Pet.
353 2571 51 48 1.
379 2571 51 48 v.
404 2571 51 48 3,
421 2571 34 48 4.

241 2597 69 53 Ad
275 2597 126 53 gloriam
367 2597 92 53 Dei,
424 2597 92 53 Rom.
482 2597 69 53 6.
516 2597 69 53 v.
550 2597 69 53 4.
585 2597 69 53 Vt
619 2597 103 53 sicut
688 2597 161 53 suscitatus
814 2597 80 53 est
860 2597 138 53 Christus
952 2597 46 53 ex

219 2677 106 42 mirum
290 2677 70 42 ad
325 2677 129 42 gloriam
419 2677 94 42 Dei.
478 2677 59 42 1
501 2677 94 42 Cor.
560 2677 70 42 6.
595 2677 70 42 v.
630 2677 82 42 20.
677 2677 176 42 Glorificate
818 2677 94 42 Deum
877 2677 70 42 in
900 2677 106 42 corpore

247 2739 79 55 Ex
286 2739 225 55 regeneratione
471 2739 198 55 nanciscimur
630 2739 132 55 vires,
723 2739 132 55 quibus
815 2739 93 55 tum
868 2739 119 55 Deum,
934 2739 66 55 tum

220 2786 110 41 fratres
300 2786 110 41 nostros
381 2786 141 41 diligimus,
491 2786 60 41 1.
521 2786 100 41 Johan.
591 2786 60 41 4.
622 2786 60 41 v.
652 2786 60 41 7.
682 2786 50 41 &
702 2786 60 41 5.
732 2786 80 41 vers
782 2786 60 41 1.
812 2786 60 41 1.
842 2786 80 41 Pet.
893 2786 60 41 I.
923 2786 70 41 22,
953 2786 50 41 23.

199 2864 42 31 ti

224 2951 94 40 mus
277 2951 67 40 a
304 2951 94 40 Deo
358 2951 188 40 praecepta,
506 2951 108 40 quum
573 2951 108 40 sine
641 2951 229 40 regeneratione
829 2951 81 40 ne
869 2951 135 40 quidem
950 2951 54 40 in

207 3000 38 26 c.

211 3023 38 37 sit

204 3094 46 36 5.

211 3129 40 29 ter

176 3162 75 27 m

1057 166 110 61 Signa
1130 166 135 61 proinde
1228 166 221 61 regenerationis
1412 166 61 61 &
1437 166 245 61 sanctificationis
1645 166 172 61 instaurata
1768 166 61 61 que

1019 207 154 45 imaginis
1135 207 90 45 Dei
1186 207 77 45 in
1225 207 129 45 nobis,
1315 207 116 45 sunt,
1392 207 77 45 I.
1431 207 116 45 Fides
1508 207 77 45 in
1546 207 141 45 Dominum
1649 207 129 45 Jesum,
1739 207 77 45 1.
1765 207 64 45 Jo¬-

1020 241 94 48 han.
1079 241 70 48 5.
1114 241 129 48 versic.
1207 241 70 48 1.
1242 241 140 48 Quisquis
1348 241 117 48 credit
1430 241 105 48 Iesum
1500 241 94 48 esse
1558 241 140 48 Christum
1663 241 117 48 illum,
1745 241 70 48 ex
1769 241 58 48 Deo

1039 271 103 40 genitus
1104 271 56 40 est.

1064 303 93 52 II.
1117 303 159 52 Charitas
1236 303 106 52 erga
1302 303 119 52 Deum,
1381 303 66 52 &
1408 303 172 52 proximum,
1540 303 79 52 1.
1580 303 132 52 Johan.
1672 303 79 52 5.
1699 303 119 52 versic.

1043 335 109 51 primo.
1119 335 65 51 Et
1152 335 130 51 quisquis
1249 335 119 51 diligit
1336 335 76 51 eum
1380 335 76 51 qui
1423 335 119 51 genuit,
1510 335 119 51 d.ligit
1597 335 98 51 etiam
1662 335 76 51 cum
1706 335 76 51 qui
1749 335 65 51 ex
1771 335 54 51 co¬-

1039 365 100 44 genitus
1103 365 55 44 est.

1060 397 99 57 III.
1122 397 99 57 Fuga
1184 397 174 57 peccatorum
1320 397 62 57 &
1345 397 174 57 occasionum
1482 397 161 57 peccandi,
1606 397 75 57 1.
1643 397 124 57 Johan.
1730 397 75 57 5.
1755 397 62 57 18.

1042 429 130 59 Quisquis
1140 429 97 59 natus
1205 429 76 59 est
1248 429 65 59 ex
1280 429 87 59 Deo,
1335 429 76 59 non
1378 429 119 59 peccat:
1465 429 76 59 sed
1508 429 76 59 qui
1551 429 119 59 genitus
1638 429 76 59 est
1681 429 65 59 ex
1714 429 87 59 Deo,
1757 429 65 59 con¬-

1042 474 112 42 rervat
1120 474 135 42 seipsum,
1221 474 56 42 &
1244 474 101 42 Malus
1311 474 90 42 ille
1367 474 78 42 non
1412 474 112 42 tangit
1479 474 56 42 eum

1028 533 165 54 electorum
1155 533 76 54 ad
1193 533 114 54 vitam
1269 533 165 54 aeternam;
1396 533 127 54 estque
1485 533 89 54 non
1536 533 127 54 tantum
1625 533 140 54 hominum
1714 533 114 54 adulto¬-

1035 564 96 41 rum,
1095 564 84 41 sed
1143 564 108 41 etiam
1202 564 132 41 infantium

1063 597 140 44 Infantes
1168 597 93 44 enim
1227 597 82 44 qui
1273 597 140 44 servandi
1378 597 93 44 sunt
1437 597 82 44 (ut
1484 597 105 44 certe
1554 597 70 44 ex
1589 597 70 44 ea
1624 597 117 44 aetate
1705 597 117 44 omnino
1775 597 47 44 a¬-

1042 620 90 49 squi
1098 620 157 49 servantur,
1221 620 134 49 )imaxime
1322 620 67 49 si
1355 620 67 49 in
1389 620 134 49 infantia
1489 620 78 49 vel
1534 620 67 49 in
1568 620 112 49 uteris
1646 620 134 49 maternis
1735 620 90 49 moria¬-

1044 665 93 44 tur,
1103 665 163 44 regenerati
1231 665 58 44 &
1254 665 187 44 sanctificari
1406 665 128 44 necesse
1499 665 93 44 est:
1558 665 70 44 I.
1593 665 93 44 quia
1651 665 93 44 nemo
1698 665 128 44 electorum

1033 704 67 35 ad
1066 704 100 35 vitam
1133 704 133 35 aeternam
1232 704 55 35 e
1255 704 144 35 praesenti
1365 704 89 35 vita
1421 704 144 35 evocatur,
1532 704 78 35 qui
1576 704 78 35 non
1620 704 111 35 ptrius
1687 704 144 35 sanctifice¬-

1041 730 91 48 tur
1093 730 65 48 &
1119 730 194 48 regeneretur
1274 730 91 48 Dei
1326 730 155 48 Spiritu:
1443 730 91 48 nam
1494 730 104 48 caro
1559 730 65 48 &
1585 730 142 48 sanguis
1689 730 130 48 regnum
1766 730 65 48 Dei

1045 762 153 50 possidere
1163 762 83 50 non
1210 762 130 50 potest:
1305 762 71 50 in
1340 762 118 50 regnum
1423 762 83 50 Dei
1470 762 106 50 nihil
1541 762 165 50 ingreditur
1671 762 142 50 pollutum
1765 762 59 50 au¬-

1031 800 195 49 coinquinatum:
1191 800 114 49 nullis
1271 800 103 49 patet
1340 800 69 49 in
1374 800 103 49 vitam
1443 800 149 49 caelestem
1557 800 149 49 ingressus
1672 800 92 49 nisi
1718 800 114 49 renatis,

1043 824 99 44 Johan.
1112 824 59 44 3.
1142 824 59 44 v.
1161 824 30 44 3

1065 848 81 53 II.
1112 848 93 53 quia
1170 848 93 53 ideo
1228 848 58 53 a
1251 848 104 53 prima
1321 848 139 53 infantia
1425 848 197 53 sanctificatus
1587 848 93 53 fuit
1645 848 151 53 Christus,
1761 848 70 53 vt
1785 848 46 53 ex

1036 892 106 46 aetate
1111 892 127 46 qualibet
1206 892 85 46 sine
1259 892 148 46 discrimine
1375 892 117 46 electos
1460 892 85 46 suos
1513 892 64 46 in
1545 892 106 46 seipso
1619 892 191 46 sauctificaret.
1767 892 64 46 Sic¬-

1046 924 229 45 ibsolutissimum
1237 924 76 45 in
1275 924 140 45 Christo
1377 924 140 45 habemus
1479 924 165 45 gratiarum
1606 924 127 45 omnium
1695 924 165 45 exemplar,

1031 958 129 45 quibus
1122 958 129 45 filios
1212 958 103 45 suos
1277 958 103 45 Deus
1341 958 207 45 prosequitur:
1509 958 90 45 hac
1561 958 103 45 quoq
1625 958 116 45 parte
1690 958 142 45 documento

1029 992 112 43 nobis
1103 992 112 43 erit,
1178 992 162 43 infantiae
1303 992 137 43 aetatem
1402 992 62 43 a
1427 992 237 43 sanctificatione
1627 992 137 43 interna
1726 992 87 43 non
1764 992 62 43 ex¬

1031 1021 77 37 cludi¬-

1058 1049 104 50 III.
1123 1049 104 50 quia
1188 1049 157 50 Jeremias
1306 1049 157 50 Propheta
1423 1049 65 50 &
1450 1049 157 50 Johannes
1567 1049 157 50 Baptista
1684 1049 78 50 in
1711 1049 117 50 materno

1047 1093 104 46 atero
1117 1093 185 46 sanctificati
1267 1093 104 46 sunt,
1337 1093 116 46 Jerem.
1418 1093 69 46 1.
1453 1093 69 46 v.
1488 1093 69 46 5.
1522 1093 81 46 ait
1569 1093 93 46 Deus
1627 1093 69 46 ad
1661 1093 151 46 Jeremiam,
1766 1093 69 46 quum

1036 1124 106 41 nondum
1110 1124 148 41 prodiisses
1227 1124 63 41 ex
1258 1124 106 41 vulva,
1332 1124 169 41 sanctificavi
1470 1124 74 41 te.
1512 1124 85 41 Luc.
1565 1124 63 41 1.
1597 1124 63 41 v.
1628 1124 74 41 15.
1670 1124 74 41 ait
1713 1124 116 41 Angolus
1787 1124 42 41 de

1048 1153 121 36 Johanne
1136 1153 142 36 Baptista:
1245 1153 121 36 Spiritu
1333 1153 110 36 Sancto
1410 1153 153 36 implebitur
1530 1153 99 36 etiam
1596 1153 55 36 a
1618 1153 110 36 ventre
1695 1153 110 36 matris
1760 1153 66 36 suae

1043 1188 70 36 In
1078 1188 82 36 his
1125 1188 164 36 infantibus
1254 1188 164 36 documentum
1383 1188 94 36 Deus
1442 1188 152 36 praebuit,
1559 1188 94 36 quid
1618 1188 70 36 in
1653 1188 141 36 reliquis
1759 1188 94 36 pos¬

1036 1222 86 44 sit,
1090 1222 75 44 imo
1133 1222 86 44 quid
1187 1222 65 44 in
1219 1222 129 44 reliquis
1316 1222 108 44 revera
1392 1222 97 44 etiam
1456 1222 140 44 praestet,
1564 1222 86 44 etsi
1618 1222 54 44 a
1639 1222 97 44 nobis
1704 1222 75 44 non
1747 1222 75 44 ita
1779 1222 54 44 ob¬-

1046 1250 128 45 servetur
1143 1250 118 45 semper.

1066 1280 192 41 EXCIPITUR
1214 1280 74 41 A
1243 1280 207 41 quibusdam:
1406 1280 89 41 Id
1450 1280 133 41 semel
1539 1280 133 41 atque
1627 1280 148 41 iterum
1716 1280 118 41 dunta¬-

1051 1323 78 39 cat
1095 1323 123 39 factum,
1185 1323 100 39 idque
1252 1323 167 39 miraculose:
1386 1323 89 39 ideo
1441 1323 89 39 inde
1497 1323 123 39 colligi
1586 1323 145 39 generalem
1698 1323 112 39 nullam
1765 1323 67 39 con¬-

1041 1349 149 42 clusionem
1144 1349 92 42 posse.

1070 1383 146 47 REPLIC.
1176 1383 119 47 Neque
1255 1383 93 47 nos
1309 1383 80 47 ex
1348 1383 159 47 Jeremiae
1468 1383 66 47 &
1494 1383 159 47 Johannis
1614 1383 146 47 exemplo
1707 1383 119 47 genera¬-

1045 1412 80 52 lem
1090 1412 69 52 de
1125 1412 149 52 universis
1239 1412 160 52 infantibus
1365 1412 69 52 ad
1399 1412 103 52 vitam
1468 1412 137 52 aeternam
1570 1412 126 52 electis
1662 1412 126 52 regulam
1742 1412 80 52 figi¬-

1053 1452 97 35 mus:
1113 1452 121 35 tantum
1198 1452 181 35 ostendimus,
1343 1452 97 35 Deum
1403 1452 133 35 arcanam
1500 1452 85 35 vim
1548 1452 85 35 sui
1596 1452 157 35 Spiritus,
1717 1452 72 35 in
1754 1452 97 35 qui¬

1060 1484 78 34 bus
1105 1484 89 34 ipsi
1160 1484 101 34 libet
1227 1484 156 34 infantibus
1350 1484 145 34 exserere,
1462 1484 112 34 maxime
1540 1484 67 34 in
1574 1484 112 34 federe
1652 1484 78 34 suo
1697 1484 145 34 conceptis
1797 1484 34 34 &

1057 1516 116 35 patis.
1139 1516 70 35 Ac
1173 1516 104 35 certe
1243 1516 116 35 inique
1324 1516 58 35 &
1348 1516 128 35 maligne
1440 1516 104 35 inter
1510 1516 81 35 eas
1556 1516 151 35 angustias
1673 1516 151 35 limitatur
1777 1516 58 35 Dei

1051 1556 109 36 gratia
1127 1556 65 36 ac
1160 1556 120 36 virtus,
1247 1556 109 36 quibus
1324 1556 87 36 illa
1378 1556 65 36 se
1411 1556 120 36 includi
1498 1556 76 36 non
1542 1556 142 36 sustinet.
1651 1556 87 36 Quin
1705 1556 109 36 potius
1771 1556 65 36 sta¬-

1053 1583 155 50 tuendum,
1170 1583 104 50 Deum
1234 1583 207 50 sanctificare
1403 1583 104 50 quos
1467 1583 117 50 visum
1545 1583 142 50 fuerit,
1649 1583 168 50 quacunque
1765 1583 78 50 sint

1046 1620 81 31 aetate

1089 1645 161 40 OBJIGIUNT:
1216 1645 69 40 Ne
1251 1645 69 40 mo
1285 1645 92 40 nisi
1343 1645 69 40 ex
1377 1645 207 40 incorruptibili
1550 1645 115 40 semine
1631 1645 104 40 vorbi
1700 1645 81 40 Dei
1734 1645 104 40 regene¬-

1055 1675 112 54 ratur:
1133 1675 67 54 At
1167 1675 134 54 infantes
1268 1675 101 54 semen
1335 1675 101 54 illud
1402 1675 101 54 verbi
1469 1675 78 54 Dei
1514 1675 112 54 nondum
1593 1675 123 54 possunt
1682 1675 146 54 excipere.
1783 1675 56 54 Er¬-

1048 1711 65 42 go
1081 1711 76 42 non
1113 1711 163 42 regenerantur.

1073 1742 138 45 RESPON.
1174 1742 150 45 Perperam
1287 1742 113 45 Petri
1362 1742 175 45 sententiam
1500 1742 238 45 interpretantur,
1700 1742 100 45 quam
1750 1742 88 45 illos

1037 1775 105 38 modo
1102 1775 144 38 fideles
1207 1775 222 38 comprehendit,
1390 1775 91 38 qui
1442 1775 170 38 Evangelii
1573 1775 222 38 praedicatione
1743 1775 91 38 edoct

1052 1803 157 39 fuerunt.
1170 1803 144 39 Talibus
1275 1803 131 39 quidem
1366 1803 157 39 fatemur,
1484 1803 131 39 verbum
1576 1803 131 39 Domini
1668 1803 105 39 esse
1720 1803 118 39 ordina¬-

1042 1845 83 36 rie
1090 1845 178 36 spiritualis
1232 1845 214 36 regenerationis
1410 1845 119 36 semen:
1493 1845 83 36 Sed
1541 1845 71 36 ex
1577 1845 71 36 eo
1612 1845 131 36 negamus
1695 1845 131 36 colligent

1044 1871 93 42 dum,
1102 1871 93 42 Deum
1161 1871 81 42 non
1207 1871 163 42 regenerate
1335 1871 139 42 infantes
1439 1871 93 42 quos
1497 1871 105 42 vult,
1567 1871 128 42 interna
1660 1871 128 42 virtute
1741 1871 93 42 spiri¬-

1045 1904 78 41 tus
1089 1904 89 41 sui,
1145 1904 89 41 quae
1201 1904 100 41 illis
1267 1904 78 41 tam
1312 1904 122 41 facilis
1401 1904 56 41 &
1423 1904 122 41 promta,
1512 1904 89 41 est,
1568 1904 89 41 quam
1624 1904 100 41 nobis
1679 1904 156 41 incomprehen¬-

1036 1935 74 35 sa
1073 1935 62 35 &
1085 1935 160 35 admirabilis

1076 1960 170 42 Regeneratio
1212 1960 80 42 est
1257 1960 182 42 spiritualis,
1405 1960 80 42 non
1451 1960 102 42 autem
1507 1960 148 42 corporalis,

1071 1995 196 50 Significatur
1230 1995 61 50 &
1255 1995 172 50 obsignatur
1390 1995 111 50 nobis
1464 1995 86 50 per
1513 1995 184 50 Sacramentum
1648 1995 135 50 baptismi¬-

1072 2029 76 48 Est
1116 2029 87 48 una,
1170 2029 98 48 sicut
1235 2029 54 48 &
1257 2029 141 48 generatio
1365 2029 130 48 carnalis
1463 2029 76 48 est
1496 2029 65 48 una;

1078 2061 196 40 Regenerationis
1241 2061 109 40 partes
1317 2061 87 40 sunt
1372 2061 98 40 duae:
1437 2061 174 40 mortificatio
1578 2061 120 40 veteris
1665 2061 130 40 hominis,
1763 2061 54 40 &
1774 2061 43 40 vi

1046 2100 141 33 vificatio
1154 2100 97 33 novi,
1219 2100 87 33 Rom.
1274 2100 65 33 6.
1306 2100 65 33 v.
1339 2100 76 33 11.
1382 2100 76 33 Ita
1425 2100 97 33 etiam
1490 2100 76 33 vos
1534 2100 152 33 colligite,
1653 2100 76 33 vos
1696 2100 76 33 tum
1729 2100 97 33 mortuo.

1053 2130 84 38 sse
1101 2130 143 38 peccato,
1208 2130 84 38 tum
1256 2130 95 38 vero
1316 2130 119 38 vivere
1399 2130 84 38 Deo
1447 2130 84 38 per
1495 2130 143 38 Christum
1602 2130 107 38 Iesum
1674 2130 131 38 Dominum
1757 2130 60 38 no¬-

1037 2166 99 40 strum.
1107 2166 60 40 Et
1136 2166 60 40 c.
1166 2166 60 40 7.
1196 2166 60 40 v.
1226 2166 60 40 4.
1255 2166 99 40 Itaque
1325 2166 109 40 fratres
1404 2166 79 40 mei,
1454 2166 69 40 vos
1494 2166 99 40 quoque
1563 2166 149 40 mortificati
1682 2166 89 40 estis
1742 2166 89 40 legi,
1791 2166 40 40 in

1037 2196 117 41 corpore
1123 2196 149 41 Christi:ut
1240 2196 117 41 essetis
1325 2196 139 41 alterius,
1432 2196 85 41 ejus
1485 2196 139 41 videlicet
1592 2196 75 41 qui
1634 2196 64 41 ex
1666 2196 117 41 mortuis
1741 2196 85 41 susci¬-

1042 2227 102 44 tatus
1110 2227 91 44 est,
1166 2227 68 44 ut
1200 2227 125 44 fructum
1291 2227 125 44 ferdmus
1382 2227 91 44 Deo.
1439 2227 79 44 Non
1484 2227 113 44 potest
1563 2227 147 44 generatio
1677 2227 102 44 unius
1733 2227 91 44 fieri,

1071 2260 62 43 se
1102 2260 154 43 corruptione
1214 2260 113 43 alterius.

1033 2260 44 35 sit.

1067 2281 176 51 Mortificatio
1210 2281 121 51 veteris
1298 2281 132 51 hominis,
1397 2281 77 51 est
1441 2281 99 51 prima
1507 2281 121 51 nostrae
1595 2281 198 51 regeferationis
1749 2281 77 51 pars,

1036 2324 85 38 dum
1084 2324 146 38 Spiritus
1194 2324 134 38 Sanctus
1291 2324 134 38 nativum
1388 2324 121 38 illius
1473 2324 134 38 nostrae
1570 2324 194 38 corruptionis
1716 2324 109 38 vigorem

1053 2358 149 41 paulatim
1164 2358 75 41 in
1202 2358 112 41 nobis
1276 2358 174 41 extinguit,
1413 2358 75 41 ne
1450 2358 137 41 fructus
1550 2358 186 41 amarissimos
1699 2358 112 41 edat,
1761 2358 62 41 Ro¬-

1039 2389 93 39 man.
1098 2389 70 39 6.
1133 2389 93 39 ver.
1191 2389 70 39 2.
1226 2389 82 39 Qui
1272 2389 117 39 mortui
1354 2389 105 39 sumus
1424 2389 140 39 peccato,
1529 2389 128 39 quomodo
1622 2389 105 39 adhuc
1692 2389 128 39 vivemus
1773 2389 47 39 in

1036 2419 74 46 eo:
1079 2419 116 46 Coloss.
1163 2419 64 46 3.
1195 2419 64 46 v.
1227 2419 64 46 3.
1259 2419 106 46 Mortui
1333 2419 106 46 estis,
1407 2419 53 46 &
1428 2419 85 46 vita
1481 2419 106 46 vestra
1555 2419 148 46 abscondita
1672 2419 74 46 est
1714 2419 74 46 cum
1746 2419 74 46 Chri¬-

1036 2457 74 41 sto
1079 2457 63 41 in
1100 2457 63 41 Deo.

1067 2477 109 54 Vetus
1140 2477 109 54 homo,
1212 2477 85 54 est
1261 2477 97 54 tota
1321 2477 85 54 tum
1370 2477 109 54 animi
1442 2477 85 54 tum
1491 2477 145 54 corporis
1600 2477 121 54 humani
1685 2477 121 54 natura
1757 2477 73 54 pec¬-

1034 2522 92 41 cato
1092 2522 58 41 &
1115 2522 104 41 morti
1184 2522 138 41 addicta.
1288 2522 81 41 Ita
1334 2522 127 41 dicitur
1426 2522 138 41 respectu
1530 2522 127 41 veteris
1622 2522 115 41 Adami,
1703 2522 69 41 ex
1738 2522 81 41 quo
1772 2522 58 41 na¬-

1034 2558 83 29 tus
1081 2558 83 29 est
1129 2558 130 29 carnali
1223 2558 177 29 generatione
1365 2558 106 29 Eodem
1436 2558 106 29 sensu
1507 2558 130 29 dicitur
1602 2558 142 29 exterior
1708 2558 106 29 homo,
1767 2558 71 29 item

1037 2586 100 42 caro,
1103 2586 89 42 Joh.
1159 2586 67 42 3.
1192 2586 67 42 v.
1225 2586 67 42 6.
1259 2586 89 42 Rom.
1314 2586 55 42 8
1336 2586 67 42 6.
1369 2586 78 42 Ubi
1414 2586 111 42 carnis
1491 2586 177 42 appellatione
1635 2586 78 42 non
1669 2586 166 42 significatur:

1032 2626 111 31 carnea
1110 2626 89 31 illa
1165 2626 134 31 corporis
1266 2626 111 31 moles,
1343 2626 78 31 sed
1388 2626 111 31 totius
1466 2626 134 31 hominis,
1566 2626 67 31 id
1599 2626 89 31 est,
1655 2626 111 31 animae
1733 2626 56 31 &
1744 2626 89 31 corpo¬-

1052 2652 70 39 ris
1092 2652 111 39 vitiosa
1173 2652 60 39 ac
1203 2652 70 39 non
1243 2652 141 39 regenerata
1354 2652 111 39 natura:
1434 2652 90 39 Idque
1494 2652 70 39 ita
1535 2652 90 39 esse,
1595 2652 70 39 vel
1635 2652 80 39 exeo
1685 2652 111 39 liquet,
1756 2652 60 39 quod

1051 2686 94 40 carni
1113 2686 136 40 tribuitur
1218 2686 63 40 φ.
1249 2686 104 40 ονημα,
1322 2686 84 40 Rom.
1374 2686 63 40 8.
1405 2686 63 40 v.
1437 2686 63 40 7.
1468 2686 94 40 &:Es,
1531 2686 94 40 mens,
1593 2686 115 40 Coloss.
1677 2686 63 40 2.
1708 2686 63 40 v.
1739 2686 73 40 18.
1771 2686 52 40 Vo¬-

1057 2717 99 46 catur
1123 2717 99 46 vetus
1189 2717 88 46 homo
1245 2717 99 46 etiam
1311 2717 110 46 corpus
1388 2717 133 46 peccati,
1488 2717 88 46 Rom.
1543 2717 66 46 6.
1576 2717 66 46 v.
1609 2717 66 46 6.
1642 2717 55 46 &
1664 2717 110 46 corpus
1731 2717 88 46 pecca¬-

1049 2751 95 43 torum
1113 2751 117 43 carnis,
1198 2751 117 43 Coloss.
1283 2751 64 43 2.
1314 2751 64 43 v.
1336 2751 42 43 11

1082 2776 78 48 Fit
1127 2776 179 48 mortificatio
1272 2776 67 48 vi
1306 2776 56 48 &
1328 2776 145 48 efficacia
1440 2776 157 48 passionis,
1563 2776 190 48 crucifixionis
1719 2776 56 48 &
1731 2776 89 48 mortis

1053 2811 146 41 Christi,
1162 2811 183 41 communicata
1309 2811 110 41 nobis
1382 2811 85 41 per
1430 2811 146 41 Spiritum
1540 2811 146 41 Sanctum,
1650 2811 85 41 per
1698 2811 97 41 quem
1747 2811 73 41 ill¬-

1055 2843 95 50 sumus
1119 2843 116 50 insiti,
1203 2843 84 50 Rom.
1256 2843 63 50 6.
1288 2843 63 50 v.
1319 2843 63 50 6.
1351 2843 95 50 Illud
1414 2843 137 50 scientes,
1520 2843 116 50 veterem
1604 2843 95 50 illum
1668 2843 116 50 nostrum
1742 2843 84 50 homine

1061 2880 70 48 lum
1101 2880 60 48 co
1131 2880 140 48 crucifixum
1241 2880 90 48 esse,
1302 2880 60 48 ut
1332 2880 130 48 aboleatur
1432 2880 100 48 corpus
1502 2880 120 48 peccati,
1592 2880 60 48 ne
1622 2880 110 48 posthac
1703 2880 70 48 nos
1733 2880 90 48 servia¬-

1052 2917 74 45 mus
1084 2917 106 45 peccato.

1078 2929 113 56 Estque
1157 2929 91 56 huic
1214 2929 159 56 spirituali
1339 2929 204 56 mortificatione
1509 2929 148 56 conjuncta
1622 2929 170 56 spiritualis
1747 2929 91 56 sepul¬-

1055 2974 99 41 tura,
1121 2974 88 41 quae
1176 2974 77 41 est
1221 2974 144 41 continuus
1331 2974 210 41 mortificationis
1508 2974 155 41 progressus
1629 2974 88 41 Rom.
1684 2974 66 41 6.
1718 2974 66 41 v.
1751 2974 66 41 4.
1773 2974 55 41 Se¬-

1045 3015 101 43 pulti
1112 3015 101 43 sumus
1179 3015 112 43 igitur
1258 3015 79 43 cum
1303 3015 67 43 eo
1336 3015 79 43 per
1381 3015 146 43 baptismum
1493 3015 67 43 in
1527 3015 123 43 mortem:
1617 3015 67 43 ut
1650 3015 101 43 sicut
1706 3015 135 43 suscitatus

1057 3040 77 48 est
1101 3040 131 48 Christus
1199 3040 66 48 ex
1232 3040 121 48 mortuis
1320 3040 66 48 in
1353 3040 121 48 gloriam
1441 3040 121 48 Patris,
1528 3040 77 48 ita
1572 3040 55 48 &
1594 3040 77 48 nos
1638 3040 88 48 nova
1693 3040 88 48 vita
1736 3040 99 48 inceda¬-

1055 3076 91 38 mus.
1111 3076 114 38 Coloss
1191 3076 68 38 2.
1225 3076 68 38 v.
1259 3076 80 38 12.
1305 3076 159 38 Consepulti
1429 3076 80 38 cum
1475 3076 68 38 eo
1509 3076 80 38 per
1554 3076 159 38 baptiimum,
1679 3076 80 38 per
1725 3076 91 38 quem
1770 3076 57 38 et¬-

1061 3113 61 48 am
1091 3113 71 48 cum
1132 3113 61 48 eo
1162 3113 132 48 suscitati
1264 3113 91 48 estis
1325 3113 71 48 per
1366 3113 91 48 fidem
1427 3113 71 48 Dei
1467 3113 152 48 efficaciter
1589 3113 122 48 agentis,
1681 3113 71 48 qui
1711 3113 112 48 suscitavi

1050 3147 82 46 eum
1097 3147 70 46 ex
1120 3147 117 46 mortuis.
