2063 3455
200 170 132 63 giemus.
296 170 96 63 Ideo
356 170 120 63 Actor.
441 170 84 63 15.
489 170 108 63 vers.
561 170 72 63 6.
597 170 132 63 dicitur
693 170 96 63 Fide
753 170 168 63 purificari
886 170 120 63 corda.
958 170 84 63 Secus

200 207 107 56 Deum
266 207 147 56 tanquam
373 207 147 56 severum
480 207 147 56 judicem
587 207 241 56 exhorrescemus;
788 207 94 56 imo
841 207 80 56 ut
881 207 134 56 hostem
962 207 53 56 a¬

201 240 158 42 versabimur.

233 270 114 52 Fines
309 270 228 52 resipiscentiae
500 270 114 52 sunt:
576 270 76 52 I.
614 270 76 52 Ut
652 270 152 52 poenatum
766 270 203 52 commeritatum
931 270 63 52 a
944 270 63 52 no¬-

205 301 90 62 bis
256 301 180 62 aversionem
398 301 90 62 vel
449 301 205 62 mitigationem
616 301 128 62 saltem
705 301 192 62 impetremus,
859 301 77 62 2.
885 301 128 62 Corinth.

211 343 98 43 30.
253 343 56 43 8.

242 365 80 52 II.
287 365 69 52 Ut
322 365 103 52 aliis
390 365 103 52 etiam
459 365 149 52 prosimus,
573 365 137 52 Chronic.
676 365 80 52 30.
721 365 69 52 v.
744 365 46 52 9.

240 398 139 64 Effecta
341 398 240 64 resipiscentiae.
543 398 76 64 I.
581 398 164 64 Exauditio
707 398 126 64 precum
795 398 63 64 &
820 398 139 64 bonorum
921 398 101 64 quae
972 398 50 64 a¬-

219 444 77 51 Deo
263 444 121 51 petimus
351 444 165 51 impetratio,
483 444 99 51 Jesa.
549 444 77 51 19.
593 444 99 51 vers.
658 444 77 51 22.
702 444 110 51 Iehova
779 444 110 51 plagis
856 444 121 51 afficit
944 444 55 51 &
955 444 55 51 sa¬-

204 478 95 40 nat:
264 478 95 40 quum
323 478 143 40 conversi
431 478 131 40 fuerint
526 478 107 40 usque
598 478 72 40 ad
633 478 143 40 Iehovam,
741 478 167 40 exorabitur
872 478 83 40 eis
920 478 60 40 &
932 478 83 40 sana¬-

210 507 72 43 bit
241 507 62 43 eos.

256 541 84 49 II.
304 541 167 49 Prorogatio
435 541 227 49 tranquillitatis
626 541 60 49 &
650 541 203 49 prosperitatis
817 541 107 49 etiam
877 541 143 49 temporarie

215 578 72 37 in
251 578 84 37 hac
299 578 107 37 vita.
370 578 155 37 Confirmat
490 578 143 37 exemplum
597 578 179 37 Ninevitarum
740 578 96 37 Jon.
800 578 72 37 3.
836 578 107 37 vers.
908 578 84 37 10.
943 578 72 37 Idem

209 612 149 39 confirmat
323 612 138 39 exemplum
426 612 126 39 Achabi,
518 612 69 39 1.
552 612 92 39 Reg.
610 612 80 39 21.
656 612 92 39 ver.
713 612 80 39 29.
759 612 103 39 licet
828 612 92 39 enim
885 612 103 39 ficta
942 612 69 39 fuit

200 648 93 34 ejus
259 648 175 34 poenitentia
399 648 70 34 ex
434 648 117 34 subito
516 648 117 34 pavore
597 648 93 34 orta
656 648 128 34 auditis
749 648 105 34 minis
819 648 152 34 divinitus
936 648 70 34 ei
960 648 58 34 de¬-

210 682 162 33 nunciatis
334 682 87 33 per
384 682 125 33 Eliam:
472 682 150 33 distulit
584 682 112 33 tamen
659 682 100 33 Deus
721 682 125 33 poenas
809 682 200 33 denunciatas,
959 682 62 33 non

200 708 95 40 tam
255 708 135 40 Achabi
349 708 149 40 gratia,
457 708 108 40 quam
525 708 81 40 in
566 708 149 40 commune
674 708 162 40 exemplum
796 708 68 40 &
809 708 203 40 consolationem

203 748 136 36 piorum.
301 748 86 36 Nam
351 748 74 36 si
388 748 123 36 fictam
474 748 197 36 poenitentiam
634 748 148 36 impiorum
745 748 148 36 sequitur
856 748 173 36 tranquilli

200 778 78 41 tas
244 778 56 41 &
267 778 167 41 prosperitas
401 778 167 41 temporaria:
534 778 100 41 multo
601 778 100 41 magis
668 778 112 41 utilis
746 778 89 41 erit
802 778 89 41 vera
858 778 67 41 ac
891 778 100 41 seria
947 778 56 41 re¬-

201 809 184 41 sipiscentia
348 809 98 41 vere
409 809 184 41 credentium.
557 809 86 41 Sic
606 809 172 41 consulebat
741 809 123 41 Daniel
814 809 209 41 Nebucadnetzari¬-

211 846 69 33 ut
245 846 183 33 resipisceret
394 846 92 33 Dan.
451 846 69 33 4.
485 846 69 33 v.
520 846 80 33 27.
565 846 172 33 Quapropter,
703 846 57 33 o
726 846 92 33 Rex,
783 846 149 33 consilium
898 846 92 33 meum
943 846 69 33 pla¬-

208 875 95 50 ceat
267 875 107 50 tibi,
339 875 59 50 &
362 875 131 50 peccata
457 875 83 50 tua
505 875 142 50 justitia
612 875 142 50 abrumpe,
718 875 59 50 &
742 875 178 50 iniquitates
885 875 95 50 tuas
932 875 95 50 gratia

202 913 85 33 erga
256 913 150 33 afflictos:
373 913 64 33 si
405 913 96 33 forte
469 913 85 33 erit
523 913 150 33 prorogatio
640 913 192 33 tranquillitati
790 913 64 33 tuae

239 941 103 46 III.
304 941 129 46 Mortis
394 941 155 46 aeternae
510 941 168 46 evitatio,
639 941 194 46 quemadmodum
794 941 103 46 Deus
859 941 103 46 ait,
911 941 103 46 Ezech.

205 981 82 35 33.
252 981 70 35 v.
287 981 82 35 14,
334 981 117 35 15,16.
416 981 93 35 Quum
474 981 117 35 dixero
556 981 140 35 improbo,
661 981 117 35 omnino
743 981 152 35 moriturus
859 981 82 35 es:
906 981 70 35 si
930 981 93 35 rever¬-

204 1009 83 40 sus
252 1009 60 40 a
276 1009 131 40 peccato
371 1009 83 40 suo
419 1009 167 40 exercuerit
550 1009 143 40 judicium
657 1009 60 40 &
681 1009 167 40 justitiam,
812 1009 119 40 Pignus
884 1009 131 40 restitue¬-

210 1043 93 37 rit,
269 1043 128 37 rapinam
362 1043 175 37 reddiderit,
502 1043 70 37 in
537 1043 140 37 statutis
642 1043 105 37 vitae
712 1043 187 37 ambulaverit,
864 1043 82 37 non
899 1043 117 37 faciendo

210 1074 181 45 iniquitate,
355 1074 121 45 omnino
440 1074 121 45 vivet,
524 1074 85 45 non
573 1074 157 45 morietur.
694 1074 109 45 Omnia
766 1074 133 45 peccata
863 1074 97 45 ejus
911 1074 97 45 quibus

213 1110 149 31 peccavit
325 1110 87 31 non
374 1110 199 31 memorabuntur
536 1110 87 31 ei:
586 1110 149 31 judicium
698 1110 62 31 &
723 1110 162 31 justitiam
847 1110 162 31 exercuit,
959 1110 50 31 o¬-

211 1145 112 35 mnino
285 1145 125 35 vivet.
373 1145 75 35 Et
410 1145 125 35 rursum
498 1145 112 35 vers.
573 1145 87 35 19.
623 1145 100 35 Quum
685 1145 112 35 autem
760 1145 137 35 avertit
860 1145 75 35 se
885 1145 137 35 improbus,

201 1181 78 41 ab
240 1181 195 41 improbitate
396 1181 91 41 sua
447 1181 65 41 &
473 1181 143 41 exercet
577 1181 156 41 judicium
694 1181 65 41 &
720 1181 182 41 justitiam,
862 1181 78 41 in
901 1181 91 41 his
940 1181 78 41 ipse

198 1203 107 41 vivet.

238 1237 150 39 Subjectum
354 1237 138 39 δεκιικον
458 1237 208 39 resipiscentiae
631 1237 81 39 est
677 1237 92 39 mens
735 1237 58 39 &
758 1237 150 39 voluntas,
873 1237 92 39 quod
931 1237 69 39 ad
954 1237 69 39 qua¬-

211 1269 122 40 litates
299 1269 89 40 sive
355 1269 188 40 inclinationes
510 1269 111 40 novas,
587 1269 89 40 quas
643 1269 133 40 recipit,
742 1269 133 40 attinet:
842 1269 89 40 quod
897 1269 89 40 vero
953 1269 66 40 ad
975 1269 44 40 a¬-

207 1304 145 36 ctiones
312 1304 105 36 quas
378 1304 105 36 mens
444 1304 66 36 &
470 1304 158 36 voluntas
588 1304 158 36 renovata
706 1304 66 36 &
733 1304 79 36 ad
772 1304 105 36 Deum
838 1304 79 36 se
864 1304 158 36 convertens

207 1339 114 48 agit,
283 1339 114 48 etiam
359 1339 189 48 efficientis
510 1339 177 48 secundarii
649 1339 152 48 rationem
763 1339 126 48 habet:
851 1339 126 48 Agimus
940 1339 101 48 enim
990 1339 38 48 a

214 1372 131 46 Spiritu
309 1372 83 46 Dei
345 1372 71 46 acti

236 1401 165 42 Abomnibus
363 1401 114 42 autem
439 1401 165 42 hominibus
566 1401 101 42 Deus
629 1401 152 42 requirit
743 1401 241 42 resipiscentiam,
946 1401 101 42 sic¬

203 1445 69 34 ut
238 1445 127 34 dicitur
330 1445 115 34 Actor.
411 1445 81 34 17.
457 1445 104 34 vers.
526 1445 81 34 30.
572 1445 92 34 Deus
630 1445 115 34 igitur
710 1445 161 34 temporibus
837 1445 115 34 istius
906 1445 115 34 ignoran¬-

201 1468 96 38 tiae
261 1468 168 38 connivendo
393 1468 204 38 dissimulatis,
561 1468 96 38 nunc
620 1468 156 38 denunciat
740 1468 132 38 omnibus
836 1468 120 38 ubique
908 1468 108 38 homini¬-

207 1502 84 42 bus
255 1502 72 42 ut
291 1502 191 42 resipiscant.
446 1502 132 42 Proinde
542 1502 143 42 graviter
649 1502 143 42 peccant,
757 1502 84 42 qui
805 1502 84 42 vel
841 1502 179 42 procrastinan¬-

216 1534 86 40 vel
265 1534 136 40 prorsus
364 1534 86 40 non
413 1534 124 40 curant
500 1534 235 40 resipiscentiam,
697 1534 74 40 ac
735 1534 136 40 proinde
833 1534 111 40 vitam
895 1534 136 40 divinitus

215 1572 120 44 oblatam
302 1572 54 44 a
324 1572 65 44 se
357 1572 87 44 ipsi
411 1572 153 44 repellunt.

245 1600 80 45 Sed
290 1600 126 45 quaerat
382 1600 80 45 hic
427 1600 137 45 aliquis:
530 1600 80 45 Cur
576 1600 160 45 incusantur
701 1600 80 45 qui
747 1600 80 45 vel
793 1600 148 45 differunt
907 1600 80 45 vel
941 1600 80 45 pror¬-

207 1634 84 48 sus
255 1634 156 48 negligunt
375 1634 227 48 resipiscentiam,
566 1634 96 48 quum
626 1634 96 48 illa
686 1634 84 48 sit
734 1634 108 48 donum
806 1634 96 48 Dei,
865 1634 96 48 quod
925 1634 72 48 is
949 1634 84 48 aliis

214 1668 92 37 dat;
271 1668 69 37 Si
305 1668 115 37 citius
386 1668 80 37 vel
431 1668 126 37 serius,
523 1668 69 37 in
558 1668 138 37 arbitrio
661 1668 92 37 ejus
718 1668 115 37 situm:
799 1668 103 37 aliis
867 1668 92 37 vero
925 1668 80 37 non
959 1668 69 37 dat¬-

210 1701 95 38 Huic
269 1701 166 38 respondeo,
400 1701 107 38 Juste
471 1701 142 38 utrosque
578 1701 154 38 incusari,
697 1701 95 38 quia
756 1701 119 38 mentis
839 1701 154 38 sanitatem
946 1701 83 38 Deus.

207 1741 72 31 ab
243 1741 133 31 omnibus
340 1741 96 31 jure
400 1741 157 31 requirit,
520 1741 96 31 quam
581 1741 121 31 initio
665 1741 169 31 creationis
798 1741 121 31 homini
882 1741 169 31 indiderat,

209 1772 99 37 quam
270 1772 124 37 habere
357 1772 185 37 unusquisque
505 1772 74 37 ex
542 1772 136 37 officio
641 1772 124 37 debet,
728 1772 99 37 quam
790 1772 136 37 amissam
876 1772 136 37 recupera.

200 1794 71 49 re
236 1794 118 49 itidem
318 1794 177 49 unusquisque
460 1794 142 49 potentia
567 1794 130 49 passiva
661 1794 130 49 potest.
756 1794 106 49 Aliud
827 1794 118 49 quidem
910 1794 83 49 est
945 1794 83 49 posse

213 1836 182 40 resipiscere,
360 1836 102 40 aliud
429 1836 102 40 posse
497 1836 91 40 actu
554 1836 182 40 resipiscere:
701 1836 80 40 Nam
747 1836 91 40 homo
804 1836 114 40 impius
872 1836 159 40 resipisceret

207 1869 83 44 per
255 1869 95 44 suum
314 1869 131 44 liberum
409 1869 155 44 arbitrium
528 1869 131 44 δυυαμει
623 1869 131 44 passiva
719 1869 131 44 potest,
814 1869 143 44 quatenus
909 1869 107 44 scilice

205 1898 100 40 capax
271 1898 77 40 est
316 1898 199 40 resipiscentiae
481 1898 77 40 sua
526 1898 122 40 natura,
614 1898 77 40 hoc
658 1898 88 40 est,
714 1898 111 40 potest
791 1898 111 40 donari
857 1898 155 40 resipiscenti

217 1932 56 38 &
239 1932 78 38 ita
284 1932 179 38 resipiscere.
429 1932 78 38 Sed
474 1932 78 38 non
518 1932 112 38 potest
597 1932 89 38 actu
653 1932 179 38 resipiscere,
798 1932 89 38 nisi
854 1932 101 38 donum
909 1932 101 38 resipi¬-

201 1961 130 41 scentiae
298 1961 140 41 divinitus
406 1961 140 41 accipiat.
514 1961 76 41 Ita
558 1961 97 41 posse
622 1961 173 41 resipiscere,
763 1961 119 41 naturae
849 1961 86 41 est:
903 1961 97 41 posse
957 1961 65 41 vero

203 1991 89 43 actu
259 1991 168 43 resipiscere
393 1991 67 43 ac
426 1991 123 43 proinde
516 1991 201 43 resipiscentiam
684 1991 123 43 habere,
773 1991 123 43 gratiae
863 1991 89 43 est:
919 1991 78 43 Sed
952 1991 56 43 cu¬-

204 2034 91 35 Deus
261 2034 91 35 alii
318 2034 114 35 citius
397 2034 91 35 alii
454 2034 114 35 serius
534 2034 103 35 donum
603 2034 205 35 resipiscentiae
774 2034 160 35 largiatur;
899 2034 91 35 alii
945 2034 68 35 vero

214 2061 119 46 prorsus
301 2061 76 46 non
344 2061 152 46 largiatur,
464 2061 76 46 est
507 2061 65 46 in
540 2061 109 46 ipsius
616 2061 141 46 potestate
725 2061 54 46 &
746 2061 109 46 libera
822 2061 152 46 voluntate:
942 2061 65 46 ἐ,
964 2061 43 46 θε

211 2087 78 45 λσι
256 2087 123 45 ἔἐλόσῖ,
345 2087 90 45 ὀνδε
401 2087 101 45 διλει
469 2087 157 45 σκληρυνει,
592 2087 101 45 Cujus
659 2087 90 45 vult
715 2087 157 45 miseretur,
839 2087 90 45 quem
895 2087 90 45 vero
940 2087 78 45 vult;

211 2127 136 41 indurat,
313 2127 79 41 ait
358 2127 147 41 Apostolus
471 2127 102 41 Roma.
539 2127 68 41 9.
573 2127 102 41 vers.
641 2127 79 41 18.
686 2127 113 41 Nostri
765 2127 125 41 officii
856 2127 79 41 est
901 2127 79 41 non
935 2127 68 41 excu

213 2152 108 48 tere,
285 2152 84 48 sed
333 2152 132 48 adorate
430 2152 132 48 judicia
526 2152 84 48 Dei
574 2152 60 48 &
598 2152 120 48 dicere
682 2152 84 48 cum
730 2152 156 48 Apostolo,
851 2152 60 48 &
875 2152 108 48 δαδος
935 2152 72 48 πλαι

209 2195 119 41 σογιας
292 2195 143 41 κγνωσεως
399 2195 95 41 θεον
459 2195 71 41 ως
495 2195 190 41 αυεζεζδυνητα
649 2195 71 41 τα
685 2195 131 41 κριματα
780 2195 107 41 αυτο,
851 2195 71 41 κι
875 2195 143 41 ανεζεχνια¬-

216 2223 84 42 5oi
264 2223 72 42 aj
300 2223 96 42 oSoi
360 2223 108 42 auls:
432 2223 60 42 O
456 2223 204 42 profunditatem
625 2223 168 42 divitiarum
757 2223 60 42 &
781 2223 168 42 sapientiae
913 2223 60 42 &
925 2223 96 42 cogni¬-

207 2259 124 40 tionis
293 2259 99 40 Dei!
355 2259 99 40 Quam
418 2259 211 40 inscrutabilia
591 2259 99 40 sunt
653 2259 136 40 judicia
752 2259 99 40 ejus
815 2259 62 40 &
827 2259 186 40 impervestiga¬-

215 2297 95 42 biles
279 2297 85 42 viae
321 2297 74 42 ejus:

245 2309 105 58 Locus
316 2309 211 58 resipiscentiae
491 2309 82 58 non
538 2309 82 58 est
585 2309 94 58 nisi
643 2309 70 58 in
678 2309 140 58 Ecclesia
784 2309 94 58 Dei.
842 2309 82 58 Nam
889 2309 94 58 quia
936 2309 82 58 Evan¬-

204 2358 103 50 gelii
272 2358 171 50 praedicatio
409 2358 80 50 non
455 2358 80 50 est
501 2358 103 50 extra
569 2358 160 50 Ecclesiam,
695 2358 80 50 sed
741 2358 69 50 in
775 2358 149 50 Ecclesia:
889 2358 91 50 ideo
935 2358 80 50 etiam

208 2387 113 54 gratia
287 2387 180 54 praeveniente
433 2387 124 54 carent,
523 2387 79 54 qui
568 2387 90 54 sunt
625 2387 101 54 extra
692 2387 158 54 Ecclesiam,
816 2387 90 54 nisi
861 2387 147 54 extraordina

212 2429 87 45 rie
261 2429 186 45 conferatur,
410 2429 99 45 quod
472 2429 99 45 Deum
534 2429 112 45 posse
609 2429 124 45 facere
683 2429 137 45 credimus.

1036 2446 30 25 ti

203 2484 147 54 spectes
309 2484 107 54 Deum
376 2484 160 54 utramque
496 2484 187 54 operantem,
643 2484 67 54 &
669 2484 147 54 ordinem
776 2484 133 54 causae
869 2484 67 54 &
883 2484 133 54 effectis

206 2518 102 45 Quid
270 2518 128 45 contra
360 2518 153 45 obiiciat
475 2518 192 45 Bellarminus
628 2518 64 45 &
653 2518 141 45 quomodo
756 2518 77 45 ei
794 2518 217 45 respondendum,
960 2518 64 45 vi¬-

213 2551 122 47 deatur
298 2551 73 47 in
335 2551 195 47 Commentariis
493 2551 134 47 nostris
591 2551 73 47 in
628 2551 171 47 Ezechielem
762 2551 73 47 ad
798 2551 98 47 cap.
847 2551 49 47 6.

251 2577 91 53 Vera
308 2577 194 53 resipiscentia
468 2577 80 53 est
513 2577 148 53 continua,
627 2577 80 53 sic
673 2577 69 53 ut
707 2577 103 53 duret
776 2577 103 53 usque
844 2577 69 53 in
879 2577 103 53 finem
936 2577 91 53 vitae,

220 2621 147 52 peccatore
333 2621 181 52 resipiscente
479 2621 68 52 in
513 2621 68 52 ea
547 2621 192 52 perseverante,
705 2621 56 52 &
727 2621 147 52 justitiam
829 2621 124 52 exercento

247 2643 90 55 Nota
303 2643 101 55 verae
370 2643 180 55 conversionis
516 2643 90 55 est,
572 2643 67 55 si
606 2643 101 55 duret
673 2643 101 55 usque
740 2643 67 55 ad
774 2643 112 55 finem.
841 2643 180 55 Resipiscentia.

221 2685 82 59 quae
272 2685 122 59 deficit,
364 2685 82 59 vera
414 2685 71 59 non
455 2685 82 59 est:
506 2685 92 59 sicut
567 2685 92 59 fides
629 2685 82 59 quae
680 2685 122 59 deficit,
771 2685 82 59 vera
822 2685 71 59 non
853 2685 61 59 est?

250 2708 112 55 Partes
328 2708 201 55 resipiscentiae
495 2708 89 55 sunt
551 2708 100 55 duae:
618 2708 179 55 mortificatio
763 2708 123 55 veteris
852 2708 134 55 hominis,
953 2708 56 55 &
975 2708 78 55 vi¬

221 2760 141 45 vificatio
319 2760 76 45 novi.

255 2772 82 55 Hae
302 2772 117 55 partes
384 2772 105 55 recte
454 2772 164 55 tribuuntur
583 2772 59 55 &
607 2772 199 55 regenerationi
770 2772 59 55 &
794 2772 222 55 resipiscentiae,
969 2772 59 55 sed

219 2821 128 41 diverso
312 2821 116 41 sensu.
394 2821 81 41 Nam
440 2821 198 41 regenerationi
603 2821 163 41 tribuuntur
731 2821 128 41 active,
824 2821 70 41 id
859 2821 93 41 est,
917 2821 70 41 ut
941 2821 81 41 actio

215 2850 82 45 nes
262 2850 82 45 Dei
309 2850 200 45 mortificantis
474 2850 59 45 &
498 2850 200 45 vivificantis,
662 2850 106 45 sicut
733 2850 59 45 &
756 2850 176 45 regeneratio
898 2850 82 45 est
933 2850 94 45 actio¬-

210 2886 87 45 Dei:
265 2886 197 45 resipiscentiae
429 2886 87 45 vero
483 2886 131 45 passive,
582 2886 66 45 id
615 2886 87 45 est,
669 2886 66 45 ut
702 2886 142 45 passiones
811 2886 120 45 hominis
888 2886 142 45 resipiscen¬-

217 2915 91 48 tis,
273 2915 79 48 qui
319 2915 182 48 mortificatur
466 2915 57 48 &
489 2915 170 48 vivificatur
625 2915 79 48 cum
671 2915 91 48 homo
727 2915 68 48 is
762 2915 79 48 sit
807 2915 79 48 qui
852 2915 170 48 resipiscit,
977 2915 57 48 in¬-

216 2951 148 53 principio
329 2951 182 53 conversionis
477 2951 114 53 habens
557 2951 68 53 se
591 2951 137 53 passive:
694 2951 194 53 resipiscentia
853 2951 91 53 vero
910 2951 125 53 donatus
990 2951 34 53 &

225 2987 151 45 regenitus,
344 2987 86 45 ipse
398 2987 97 45 etiam
463 2987 108 45 agens,
539 2987 54 45 a
560 2987 119 45 Spiritu
647 2987 108 45 Sancto
722 2987 108 45 actus,
798 2987 65 45 1.
830 2987 97 45 Petr.
895 2987 65 45 1.
917 2987 54 45 22.

255 3016 104 50 Prima
325 3016 116 50 igitur
406 3016 208 50 resipiscentiae
579 3016 92 50 pars
637 3016 81 50 est
683 3016 185 50 mortificatio
833 3016 127 50 veteris
914 3016 116 50 hominis,

233 3045 77 58 qua
277 3045 132 58 peccatum
376 3045 66 58 in
409 3045 99 58 nobis
475 3045 154 58 perimitur,
596 3045 110 58 Roman.
674 3045 66 58 6,
707 3045 66 58 4,
740 3045 66 58 5,
773 3045 66 58 9.
806 3045 121 58 Coloss.
894 3045 66 58 3.
927 3045 66 58 5.
960 3045 55 58 &
971 3045 55 58 se¬

211 3093 148 45 quentibus

259 3102 124 59 Constat
349 3102 124 59 peccati
438 3102 157 59 agnitione,
562 3102 56 59 &
584 3102 168 59 contritione
719 3102 146 59 salutari.
831 3102 112 59 Psalm.
910 3102 79 59 38.
955 3102 67 59 v.
989 3102 79 59 19.
1022 3102 34 59 R

220 3148 206 54 Quandoquidem
387 3148 193 54 iniquitatem
542 3148 103 54 meum
606 3148 142 54 indico,
709 3148 167 54 solicitus
838 3148 90 54 sum
889 3148 77 54 de
915 3148 116 54 peccato

203 3197 87 37 meo.

1091 180 121 63 Agnitio
1179 180 132 63 peccati,
1278 180 77 63 est
1322 180 99 63 prima
1388 180 209 63 mortificationis
1563 180 99 63 pars;
1629 180 77 63 que
1673 180 88 63 nisi
1728 180 154 63 antecedat;

1065 221 107 55 mulla
1136 221 118 55 potest
1219 221 95 55 esse
1278 221 166 55 contritio:
1409 221 107 55 malum
1480 221 95 55 enim
1539 221 83 55 non
1586 221 142 55 agnitum;
1693 221 83 55 non
1740 221 130 55 curatur

1059 258 124 50 Jerem.
1145 258 74 50 3.
1183 258 74 50 v.
1220 258 74 50 8.
1257 258 174 50 Tantummodo
1394 258 136 50 agnosce
1493 258 186 50 iniquitatem
1642 258 112 50 tuam,
1716 258 74 50 te
1753 258 62 50 a
1766 258 99 50 Iehova

1061 291 70 43 Deo
1101 291 70 43 tuo
1141 291 140 43 defecisse.
1251 291 100 43 Psalm.
1320 291 70 43 32.
1360 291 60 43 3.
1390 291 60 43 4,
1410 291 40 43 5.

1095 321 105 44 Eaque
1165 321 116 44 duplex
1247 321 93 44 est:
1305 321 128 44 interna
1398 321 58 44 &
1410 321 116 44 externa.

1084 344 130 67 Interna
1179 344 130 67 agnitio
1274 344 142 67 peccati,
1380 344 83 67 est
1428 344 83 67 cum
1475 344 71 67 in
1511 344 107 67 corde
1582 344 142 67 sentimus
1688 344 95 67 onus
1747 344 130 67 peccati

1066 389 87 50 nos
1115 389 149 50 premens,
1227 389 187 50 testimonium
1377 389 149 50 reddente
1489 389 75 50 de
1526 389 137 50 peccato
1626 389 124 50 nostro
1700 389 162 50 conscientia

1058 421 116 52 nostra
1140 421 140 52 propria,
1245 421 58 52 &
1268 421 210 52 cogitationibus
1443 421 93 52 sese
1501 421 105 52 mutuo
1571 421 198 52 accusantibus,
1734 421 105 52 Psal.
1792 421 58 52 38.

1061 455 64 42 5.
1093 455 53 42 &
1114 455 74 42 51.
1157 455 64 42 5.
1189 455 85 42 Rom.
1242 455 64 42 2.
1263 455 53 42 15.

1097 476 118 63 Externa
1183 476 118 63 peccati
1269 476 118 63 agnitio
1355 476 75 63 est
1398 476 151 63 confessio;
1517 476 86 63 quae
1571 476 75 63 fit
1614 476 75 63 ore
1657 476 75 63 aut
1700 476 97 63 aliis
1753 476 108 63 externis

1053 517 117 42 modis.
1135 517 105 42 Psal.
1205 517 82 42 38.
1252 517 58 42 &
1264 517 58 42 39.

1094 554 138 51 Confessio
1200 554 127 51 peccati,
1296 554 74 51 est
1338 554 117 51 nostrae
1423 554 170 51 indignitatis
1561 554 159 51 recognitio,
1688 554 74 51 qua
1730 554 106 51 aperte
1794 554 53 51 te¬-

1062 576 165 55 stificamur
1192 576 59 55 &
1216 576 177 55 deploramus,
1358 576 83 55 nos
1405 576 154 55 peccasse;
1523 576 71 55 ac
1559 576 95 55 Deum
1618 576 177 55 offendisse,
1759 576 71 55 eo
1783 576 71 55 ani¬-

1051 620 82 41 mo
1092 620 68 41 &
1120 620 177 41 proposito
1256 620 82 41 ne
1297 620 109 41 Deum
1365 620 150 41 amplius
1474 620 205 41 offendamus.
1638 620 109 41 Haec
1706 620 123 41 demum
1774 620 82 41 vera

1054 653 77 49 est
1098 653 142 49 confessio
1207 653 120 49 peccati
1295 653 88 49 quae
1350 653 77 49 hoc
1393 653 88 49 fine
1448 653 88 49 fit:
1503 653 77 49 non
1547 653 109 49 qualis
1623 653 88 49 erat
1678 653 142 49 confessio
1776 653 77 49 Judae

1053 683 177 55 Iscariotae,
1195 683 83 55 qui
1242 683 153 55 fatebatur
1360 683 94 55 quod
1419 683 153 55 peccasset
1537 683 130 55 prodito
1632 683 142 55 sanguine
1738 683 142 55 innoxio;

1064 713 114 42 Matth.
1143 713 80 42 27.
1177 713 46 42 4.

1091 738 100 57 Eaque
1157 738 78 57 vel
1202 738 122 57 publica
1290 738 89 57 est,
1346 738 78 57 vel
1379 738 111 57 privata.

1099 775 135 42 Publica,
1200 775 90 42 quae
1256 775 78 42 fit
1301 775 67 42 in
1334 775 123 42 publico
1424 775 146 42 Ecclesiae
1525 775 123 42 conventu.

1092 806 116 52 Estque
1173 806 81 52 vel
1220 806 116 52 totius
1301 806 150 52 Ecclesiae
1416 806 116 52 simul,
1497 806 81 52 vel
1543 806 104 52 unius
1613 806 81 52 aut
1659 806 127 52 plurium
1751 806 104 52 coram
1809 806 58 52 Ec¬

1055 837 90 46 clesia.

1097 862 122 65 Publica
1186 862 111 65 totius
1263 862 144 65 Ecclusiae
1374 862 155 65 confessio,
1496 862 78 65 vel
1540 862 144 65 ordinaria
1651 862 89 65 est,
1706 862 78 65 vel
1739 862 133 65 extraordi¬

1052 907 90 42 naria

1089 928 169 65 Ordinaria,
1222 928 97 65 quae
1282 928 85 65 fit
1330 928 72 65 in
1367 928 97 65 omni
1427 928 109 65 sacro
1500 928 157 65 conventu.
1620 928 97 65 Haec
1681 928 72 65 in
1717 928 121 65 multis
1789 928 85 65 bene¬-

1066 981 172 44 constitutis
1203 981 149 44 Ecclesiis
1318 981 80 44 cum
1364 981 115 44 fructu
1444 981 172 44 observatur:
1581 981 69 44 ut
1616 981 138 44 singulis
1719 981 115 44 diebus
1788 981 80 44 Domi¬-

1068 1013 119 34 nicis,
1152 1013 60 34 &
1176 1013 119 34 diebus
1259 1013 119 34 precum
1343 1013 143 34 minister
1450 1013 143 34 formulam
1558 1013 203 34 confessionis,
1725 1013 84 34 suo
1772 1013 60 34 &
1784 1013 84 34 popu¬-

1072 1041 59 43 i
1096 1041 119 43 nomine
1179 1041 166 43 concipiat;
1310 1041 83 43 qua
1357 1041 95 43 reos
1417 1041 107 43 omnes
1488 1041 178 43 iniquitatis
1630 1041 143 43 peragit,
1737 1041 59 43 &
1761 1041 119 43 veniam
1832 1041 36 43 a

1065 1076 124 47 Domino
1152 1076 199 47 comprecatur:
1313 1076 137 47 denique
1413 1076 87 47 hac
1463 1076 112 47 clave
1537 1076 87 47 tam
1587 1076 149 47 singulis
1699 1076 162 47 privatim,
1811 1076 62 47 qua

1070 1110 134 35 omnibus
1167 1110 134 35 publice
1265 1110 146 35 aperitur
1375 1110 73 35 ad
1412 1110 159 35 precandum
1521 1110 98 35 janus.

1087 1134 215 54 Extraordinaria
1266 1134 119 54 totius
1349 1134 155 54 Ecclesiae
1469 1134 167 54 confessio,
1600 1134 83 54 est
1647 1134 95 54 quae
1707 1134 107 54 extra
1767 1134 107 54 ordinem

1059 1162 162 46 singulari
1183 1162 100 46 modo
1245 1162 174 46 usurpatur;
1382 1162 75 46 si
1419 1162 124 46 quando
1506 1162 137 46 populum
1606 1162 137 46 communi
1705 1162 124 46 aliquo
1780 1162 87 46 deli¬-

1066 1209 81 41 cto
1113 1209 150 41 obstringi
1228 1209 173 41 contigerit:
1367 1209 104 41 Hujus
1436 1209 139 41 exemplum
1540 1209 81 41 est
1587 1209 69 41 in
1621 1209 127 41 solemni
1714 1209 92 41 illa
1760 1209 104 41 confes¬-

1061 1239 119 47 sione,
1144 1239 83 47 qua
1192 1239 131 47 populus
1287 1239 143 47 Judaicus
1395 1239 179 47 defungitur,
1537 1239 155 47 auspiciis
1657 1239 107 47 Ezrae
1728 1239 60 47 &
1740 1239 119 47 Nehemiae

1039 1269 151 44 Nehem.

1095 1285 150 61 Confessio
1211 1285 127 61 publica
1303 1285 104 61 unius
1373 1285 81 61 vel
1419 1285 127 61 plurium
1511 1285 104 61 coram
1581 1285 150 61 Ecclesia,
1696 1285 81 61 est
1742 1285 92 61 quum
1789 1285 69 61 sive

1073 1334 93 46 illi
1132 1334 81 46 qui
1178 1334 105 46 antea
1248 1334 151 46 infideles
1364 1334 140 46 fuerant,
1469 1334 81 46 per
1516 1334 210 46 praedicationem
1690 1334 105 46 verbi
1760 1334 81 46 Dei
1795 1334 70 46 metu

1069 1371 110 39 divini
1146 1371 121 39 judicii
1234 1371 165 39 perterriti,
1366 1371 110 39 errata
1443 1371 66 39 ac
1476 1371 121 39 delicta
1563 1371 77 39 sua
1607 1371 99 39 coram
1673 1371 99 39 coetu
1739 1371 121 39 aliorum
1816 1371 55 39 fi¬-

1081 1404 114 37 lelium
1160 1404 171 37 profitentur
1297 1404 57 37 &
1320 1404 183 37 detestantur,
1469 1404 68 37 ut
1503 1404 137 37 fecerunt
1606 1404 126 37 Ephesii
1697 1404 114 37 Actor.
1777 1404 80 37 19.
1811 1404 57 37 18.

1079 1438 52 45 &
1099 1438 73 45 qui
1141 1438 52 45 a
1162 1438 115 45 Johanne
1246 1438 126 45 Baptista
1341 1438 189 45 baptizabantur,
1498 1438 105 45 Matth.
1571 1438 63 45 3.
1603 1438 63 45 v.
1634 1438 63 45 6,
1666 1438 63 45 7.
1697 1438 84 45 sive
1750 1438 94 45 illi,
1813 1438 73 45 qui

1072 1474 108 35 usque
1144 1474 72 35 ad
1180 1474 120 35 totius
1263 1474 120 35 coetus
1347 1474 179 35 offensionem
1490 1474 167 35 peccarunt,
1622 1474 72 35 ac
1658 1474 155 35 propterea
1765 1474 96 35 excom¬-

1063 1502 150 37 municati
1175 1502 150 37 fuerunt,
1287 1502 125 37 culpam
1374 1502 137 37 publice
1474 1502 112 37 coram
1549 1502 150 37 Ecclesia
1661 1502 162 37 agnoscunt
1786 1502 62 37 &
1799 1502 62 37 de¬-

1065 1540 172 41 precantur,
1200 1540 62 41 &
1225 1540 74 41 se
1262 1540 111 41 denuo
1336 1540 123 41 recipi
1422 1540 74 41 in
1459 1540 185 41 communionem
1606 1540 135 41 petunt.
1705 1540 86 41 Ita
1742 1540 123 41 receptus

1070 1573 90 36 est
1122 1573 181 36 Corinthius
1264 1573 103 36 ille
1328 1573 77 36 in
1367 1573 206 36 communionem,
1535 1573 90 36 cum
1586 1573 77 36 se
1625 1573 194 36 obsequentem
1767 1573 103 36 corre¬-

1065 1596 113 55 ptioni
1133 1596 158 55 praebuisset.

1127 1632 153 50 Hactenus
1242 1632 76 50 de
1280 1632 140 50 publica
1382 1632 191 50 confessione
1534 1632 127 50 dictum
1623 1632 102 50 est:
1687 1632 153 50 sequitur

1414 1669 75 54 de
1440 1669 125 54 privata.

1097 1703 123 58 Privata
1187 1703 157 58 confessio,
1310 1703 79 58 est
1355 1703 90 58 quae
1411 1703 135 58 privatim
1512 1703 79 58 sit
1557 1703 67 58 ab
1590 1703 123 58 aliquo,
1680 1703 101 58 etiam
1747 1703 101 58 intra
1803 1703 79 58 prix¬-

1067 1742 100 50 vatos
1122 1742 122 50 parietes.

1103 1765 100 56 Eaque
1169 1765 77 56 vel
1214 1765 88 56 soli
1269 1765 77 56 Deo
1313 1765 88 56 fit,
1368 1765 77 56 vel
1401 1765 100 56 homini¬-

1102 1805 78 43 Deo
1147 1805 123 43 quisque
1236 1805 123 43 peccata
1326 1805 78 43 sua
1371 1805 146 43 confiteri
1483 1805 112 43 debet:
1561 1805 90 43 ille
1617 1805 90 43 enim
1673 1805 112 43 laesus
1752 1805 78 43 est
1797 1805 56 43 &
1808 1805 56 43 or¬-

1080 1837 113 46 sensus;
1162 1837 82 46 ille
1214 1837 82 46 est,
1265 1837 72 46 qui
1306 1837 62 46 ea
1337 1837 134 46 remittit,
1440 1837 175 46 obliviscitur,
1585 1837 103 46 delet.
1657 1837 93 46 Talis
1718 1837 72 46 est
1749 1837 124 46 confessio¬-

1069 1874 120 40 Davidis
1156 1874 109 40 Psalm.
1232 1874 76 40 32.
1276 1874 65 40 5:
1309 1874 54 40 &
1330 1874 76 40 38.
1374 1874 65 40 v.
1407 1874 65 40 5,
1439 1874 76 40 19.
1483 1874 54 40 &
1505 1874 76 40 41.
1548 1874 65 40 5.
1581 1874 87 40 Item
1635 1874 109 40 Psalm.
1712 1874 87 40 515,
1766 1874 65 40 6,
1799 1874 65 40 7.
1820 1874 44 40 2.

1069 1906 91 46 Sam.
1125 1906 79 46 24.
1171 1906 68 46 10
1205 1906 102 46 Talis
1273 1906 79 46 est
1318 1906 91 46 Dan.
1374 1906 91 46 cap.
1420 1906 45 46 9.

1096 1929 118 52 Privata
1182 1929 150 52 confessio,
1300 1929 86 52 quae
1353 1929 107 52 homini
1428 1929 86 52 fit,
1482 1929 107 52 duplex
1546 1929 64 52 est,

1096 1964 90 49 Una,
1152 1964 90 49 quae
1208 1964 112 49 nostra
1287 1964 101 49 causa
1354 1964 90 49 sit,
1410 1964 79 49 qua
1455 1964 123 49 aliquis
1545 1964 123 49 nostrum
1634 1964 112 49 alteri
1713 1964 90 49 suas
1758 1964 112 49 infirmi¬-

1056 2006 122 39 tates,
1141 2006 61 39 &
1166 2006 146 39 secretum
1275 2006 110 39 animi
1349 2006 122 39 vulnus
1434 2006 146 39 detegit,
1544 2006 73 39 ut
1580 2006 146 39 consilio
1690 2006 61 39 &
1702 2006 171 39 consolatione

1064 2038 171 36 sublevetur.
1200 2038 68 36 De
1234 2038 80 36 hac
1280 2038 137 36 loquitur
1383 2038 125 36 Jacobus
1474 2038 91 36 cap.
1531 2038 68 36 5.
1565 2038 103 36 vers.
1633 2038 80 36 16.
1679 2038 171 36 Consitemini
1804 2038 57 36 au¬-

1064 2071 79 44 tem
1109 2071 124 44 delicta
1199 2071 112 44 vestra
1277 2071 101 44 alius
1345 2071 101 44 alij,
1412 2071 56 44 &
1435 2071 101 44 orate
1502 2071 90 44 unus
1558 2071 79 44 pro
1603 2071 101 44 alio,
1671 2071 67 44 ut
1705 2071 146 44 sanemini:
1806 2071 56 44 Ma¬

959 2093 105 64 G

1094 2125 94 51 Eaque
1156 2125 73 51 vel
1198 2125 115 51 pastori
1282 2125 84 51 fit,
1334 2125 73 51 vel
1376 2125 105 51 alteri
1449 2125 105 51 alicui
1523 2125 94 51 amico
1575 2125 94 51 fideli:

1088 2156 134 58 Pastori
1185 2156 134 58 quidem:
1283 2156 73 58 I.
1319 2156 97 58 Quia
1380 2156 146 58 pastores
1490 2156 97 58 prae
1551 2156 110 58 aliis
1624 2156 73 58 ex
1660 2156 158 58 Ecclesiae
1770 2156 85 58 grego

1072 2196 144 49 plurimum
1180 2196 168 49 judicantur
1312 2196 132 49 idonei,
1408 2196 84 49 qui
1456 2196 72 49 de
1492 2196 168 49 remissione
1624 2196 168 49 peccatorum
1744 2196 108 49 consci¬-

1054 2232 123 44 entiam
1140 2232 160 44 certiorem
1263 2232 135 44 reddere
1349 2232 123 44 possint.

1092 2260 73 46 2.
1128 2260 97 46 Quia
1189 2260 97 46 ipsi
1250 2260 170 46 ministerii
1384 2260 158 46 vocatione
1505 2260 109 46 nobis
1578 2260 61 46 a
1603 2260 122 46 Domino
1688 2260 195 46 designantur;

1063 2300 123 42 quorum
1149 2300 74 42 ex
1186 2300 86 42 ore
1235 2300 173 42 erudiamur,
1371 2300 74 42 ad
1408 2300 160 42 subigenda
1531 2300 62 42 &
1556 2300 173 42 corrigenda
1692 2300 148 42 peccata,
1790 2300 62 42 tum

1068 2330 198 41 consolationem
1231 2330 70 41 ex
1266 2330 116 41 veniae
1347 2330 128 41 fiducia
1429 2330 151 41 percipiamus

1096 2346 96 59 Etiam
1160 2346 106 59 alteri
1235 2346 106 59 alicui
1309 2346 96 59 amico
1373 2346 106 59 fideli
1448 2346 138 59 confessio
1554 2346 96 59 fieri
1618 2346 117 59 potest,
1703 2346 64 59 in
1735 2346 96 59 cujus
1788 2346 64 59 sint

1066 2395 87 41 nos
1115 2395 187 41 exoneremus,
1265 2395 62 41 &
1289 2395 162 41 consilium
1414 2395 112 41 atque
1488 2395 149 41 solatium
1600 2395 75 41 ab
1638 2395 75 41 eo
1675 2395 162 41 capiamus.
1787 2395 62 41 Nam

1076 2430 141 36 Apostolus
1185 2430 120 36 Jacobus
1272 2430 120 36 cunctis
1359 2430 163 36 Christianis
1489 2430 152 36 praecepit,
1609 2430 65 36 ut
1642 2430 185 36 confiterentur
1794 2430 87 36 alii

1073 2458 91 50 aliis
1134 2458 121 50 peccata,
1224 2458 51 50 &
1245 2458 111 50 orarent
1325 2458 81 50 alii
1376 2458 71 50 pro
1406 2458 71 50 aliis

250 2444 91 56 Quod
307 2444 137 56 adjuncta
410 2444 137 56 attinet,
512 2444 194 56 resipiscentia
672 2444 149 56 posterior
787 2444 80 56 est
832 2444 217 56 justificatione,
1015 2444 69 56 si

1093 2478 107 58 Altera
1168 2478 118 58 privata
1254 2478 172 58 confessionis
1394 2478 129 58 species,
1491 2478 86 58 quae
1544 2478 107 58 homini
1620 2478 86 58 fit,
1673 2478 75 58 est
1716 2478 86 58 quae
1770 2478 64 58 in
1792 2478 64 58 pro¬-

1075 2525 93 38 cimi
1134 2525 128 38 gratiam
1227 2525 140 38 facienda
1332 2525 82 38 est
1378 2525 70 38 ad
1413 2525 105 38 ipsum
1483 2525 163 38 placandum,
1611 2525 58 38 &
1635 2525 105 38 nobis
1693 2525 163 38 reconcilian¬-

1069 2565 89 44 dum,
1124 2565 66 44 si
1158 2565 78 44 qua
1202 2565 66 44 in
1235 2565 66 44 re
1268 2565 111 44 nostro
1346 2565 100 44 vitio
1412 2565 111 44 laesus
1490 2565 122 44 fuerit:
1578 2565 66 44 De
1611 2565 78 44 hac
1656 2565 133 44 loquitur
1744 2565 111 44 Christus

1080 2594 96 48 Matth.
1148 2594 58 48 5.
1167 2594 48 48 23.

1287 2611 96 63 Haec
1347 2611 72 63 de
1383 2611 180 63 confessione
1515 2611 120 63 peccati:

1096 2662 152 46 Contritio
1213 2662 164 46 salutaris,
1342 2662 82 46 est
1389 2662 117 46 altera
1470 2662 222 46 mortificationis
1657 2662 105 46 pars,
1716 2662 140 46 agnitionem

1078 2705 128 32 peccati
1171 2705 140 32 sequens,
1276 2705 128 32 nimirum
1369 2705 105 32 verus
1439 2705 105 32 pavor
1509 2705 58 32 &
1532 2705 105 32 dolor
1602 2705 198 32 conscientiae,
1765 2705 116 32 pudor,

1078 2729 168 41 tristitia,
1210 2729 72 41 ac
1246 2729 120 41 luctus
1330 2729 120 41 cordis
1414 2729 144 41 secundum
1523 2729 108 41 Deum,
1595 2729 156 41 propterea
1715 2729 96 41 quod
1763 2729 84 41 Deum,

1065 2764 184 41 offendimus,
1212 2764 123 41 habens
1298 2764 159 41 adjunctam
1420 2764 110 41 veram
1494 2764 135 41 peccati
1592 2764 61 41 &
1616 2764 123 41 nostri
1702 2764 135 41 ipsorum
1788 2764 61 41 dij

1078 2793 184 42 plicentiam,
1225 2793 110 42 veram
1298 2793 221 42 humiliationem,
1482 2793 135 42 denique
1580 2793 110 42 veram
1654 2793 208 42 detestationem
1813 2793 37 42 &

1076 2832 93 40 verum
1138 2832 93 40 odium
1200 2832 124 40 peccati,
1293 2832 104 40 Jacob.
1366 2832 62 40 4.
1397 2832 62 40 v.
1428 2832 62 40 9.
1459 2832 93 40 Jesa.
1521 2832 73 40 66.
1563 2832 62 40 v.
1594 2832 62 40 2.
1625 2832 104 40 Ezech.
1698 2832 73 40 36.
1739 2832 73 40 31.
1780 2832 52 40 &
1791 2832 62 40 cap.

1074 2869 73 37 43.
1115 2869 73 37 10.
1157 2869 84 37 Jon.
1209 2869 63 37 2.
1241 2869 73 37 12.
1282 2869 115 37 Deuter.
1366 2869 63 37 4.
1397 2869 73 37 29.
1439 2869 84 37 Jon.
1491 2869 63 37 3.
1522 2869 63 37 8.
1554 2869 63 37 2.
1585 2869 84 37 Reg.
1637 2869 73 37 22.
1679 2869 63 37 v.
1710 2869 73 37 19.
1752 2869 63 37 2.
1773 2869 94 37 Corintm

1073 2894 60 54 7.
1103 2894 60 54 v.
1133 2894 60 54 9,
1162 2894 70 54 10,
1202 2894 70 54 11,
1242 2894 99 54 Matth.
1311 2894 60 54 5.
1341 2894 60 54 4.
1371 2894 99 54 Psalm.
1441 2894 70 54 38.
1470 2894 50 54 19.

1114 2917 183 53 Distinguenda
1262 2917 80 53 est
1308 2917 57 53 a
1331 2917 171 53 poenitentia
1468 2917 171 53 temporaria,
1605 2917 114 53 qualis
1685 2917 103 53 etiam
1754 2917 69 53 in
1777 2917 91 53 repro¬-

1078 2957 78 46 bos
1122 2957 112 46 cadit,
1201 2957 67 46 ut
1234 2957 67 46 in
1267 2957 123 46 Achabum
1357 2957 67 46 1.
1390 2957 89 46 Reg.
1446 2957 78 46 21.
1479 2957 56 46 27.

1202 2985 128 58 Tantum
1292 2985 77 58 de
1330 2985 115 58 prima
1406 2985 230 58 resipiscentiae
1585 2985 102 58 parte.

1102 3026 128 51 Secunda
1195 3026 93 51 pars
1253 3026 220 51 resipiscentiae,
1439 3026 81 51 est
1485 3026 174 51 vivificatio
1624 3026 93 51 novi
1682 3026 139 51 hominis,
1787 3026 81 51 qua
1822 3026 46 51 ad

1071 3065 98 48 Deum
1132 3065 135 48 reversi
1230 3065 110 48 novam
1304 3065 184 48 spiritualem
1451 3065 110 48 vitam
1525 3065 74 48 in
1562 3065 135 48 Christo
1660 3065 147 48 vivimus,
1770 3065 86 48 Deo
1807 3065 49 48 in

1070 3099 160 51 perpetuum
1192 3099 160 51 adhaerere
1315 3099 61 51 &
1340 3099 135 51 placere
1438 3099 123 51 studio
1524 3099 160 51 habentes.
1646 3099 110 51 Eadem
1708 3099 147 51 appellatur

1065 3130 105 42 etiam
1135 3130 116 42 nostra
1217 3130 81 42 cum
1263 3130 128 42 Christo
1356 3130 186 42 resurrectio:
1508 3130 93 42 Item
1566 3130 175 42 resurrectio
1706 3130 116 42 prima,
1776 3130 81 42 Apoca

1066 3162 79 56 20.
1111 3162 67 56 v.
1144 3162 67 56 5,
1178 3162 67 56 0.
1212 3162 56 56 &
1234 3162 135 56 reversio
1335 3162 79 56 seu
1380 3162 146 56 conversio
1492 3162 67 56 ad
1514 3162 79 56 Deum,
