2063 3386
228 181 72 52 Ve
264 181 143 52 srangere
372 181 72 52 me
407 181 60 52 &
431 181 132 52 sanare,
527 181 84 52 nec
575 181 96 52 esse
635 181 84 52 qui
682 181 60 52 e
706 181 96 52 mans
766 181 84 52 mea
814 181 143 52 cripiat.
921 181 96 52 Ruth
969 181 72 52 pri¬-

218 220 71 44 mo
254 220 129 44 versic.
348 220 200 44 decimotertio,
512 220 94 44 mihi
571 220 106 44 multo
642 220 129 44 amarius
736 220 82 44 est
783 220 94 44 quam
841 220 118 44 vobis,
912 220 94 44 veris;

222 248 143 51 exjeruit
329 248 72 51 se
365 248 107 51 manus
437 248 119 51 Iehova
520 248 119 51 contra
604 248 83 51 me:
651 248 72 51 Et
687 248 131 51 versic.
782 248 143 51 vigesimo
890 248 60 51 &
902 248 107 51 vigesi¬-

222 281 150 49 moprimo:
334 281 100 49 Quae
397 281 138 49 dicebat
497 281 100 49 eis,
559 281 75 49 ne
597 281 125 49 vocate
684 281 75 49 me
722 281 150 49 Nahomin;
834 281 125 49 vocate
922 281 75 49 me
947 281 63 49 Ma¬-

224 319 94 46 ram,
283 319 94 46 quia
341 319 175 46 amaritudine
482 319 70 46 me
517 319 129 46 affecit
610 319 164 46 omnipotens
739 319 117 46 valde.
821 319 82 46 Ego
868 319 105 46 plena
926 319 82 46 abie¬-

228 355 98 41 ram,
289 355 74 41 at
326 355 123 41 vacuam
412 355 135 41 reducit
511 355 74 41 me
548 355 135 41 Iehova:
646 355 86 41 cur
695 355 160 41 vocaretis
818 355 74 41 me
855 355 148 41 Nahomin,
953 355 62 41 cum

229 389 115 40 Iehova
309 389 184 40 testificatus
458 389 80 40 sit
504 389 115 40 contra
584 389 80 40 me,
630 389 57 40 &
653 389 161 40 omnipotens
779 389 103 40 malis
848 389 149 40 affecerit
952 389 57 40 me¬-

223 414 66 48 I.
256 414 122 48 Samuel.
345 414 122 48 secundo
433 414 122 48 versic.
522 414 100 48 sexto
588 414 55 48 &
610 414 133 48 septimo.
710 414 111 48 Iehova
788 414 100 48 morte
854 414 133 48 afficit,
954 414 55 48 &
965 414 44 48 il

223 453 112 42 vitam
297 453 174 42 restituit,
433 453 149 42 demittit
545 453 74 42 in
582 453 174 42 sepulchrum
718 453 62 42 &
743 453 136 42 educit.
842 453 124 42 Iehova
917 453 99 42 depau¬-

228 487 110 45 perat
301 487 61 45 &
326 487 123 45 ditat;
412 487 160 45 deprimit,
534 487 110 45 etiam
608 487 160 45 extollit.
731 487 74 45 2.
768 487 135 45 Samuel.
853 487 160 45 decimosexto

229 514 149 49 versiculo
343 514 126 49 decimo:
435 514 103 49 Dixit
504 514 92 49 Rex,
562 514 92 49 quid
619 514 92 49 mihi
677 514 149 49 vobiscum,
792 514 103 49 filij
861 514 149 49 Tgerusae?
964 514 46 49 Si

226 555 154 40 maledicit
344 555 106 40 atque
415 555 71 40 si
451 555 118 40 Iehova
533 555 118 40 edixit
616 555 83 40 ei,
663 555 130 40 maledic
758 555 130 40 Davidi,
853 555 118 40 ecquis
935 555 106 40 dicat

229 583 109 47 quare
301 583 84 47 sic
350 583 121 47 facis?
434 583 121 47 Jerem.
518 583 193 47 decimoquinto
675 583 133 47 versic.
772 583 241 47 vigesimosecundo:
965 583 48 47 An

223 613 99 48 sunt
285 613 112 48 inter
359 613 161 48 vanitates
483 613 136 48 Gentium
582 613 186 48 quaepluviam
731 613 124 48 eaant?
818 613 62 48 &
842 613 74 48 an
867 613 149 48 coelestes.

232 645 140 49 Dijedunt
338 645 129 49 imbres?
431 645 105 49 nonne
501 645 70 49 tu
536 645 70 49 is
572 645 70 49 es
607 645 117 49 Iehova
688 645 94 49 DEVS
747 645 129 49 noster?
841 645 94 49 ideo
887 645 129 49 exspecta¬-

227 675 83 51 mus
274 675 83 51 te,
322 675 94 51 quia
380 675 130 51 tufacis
475 675 106 51 omnia
545 675 106 51 ista.
616 675 94 51 Job.
675 675 106 51 primo
746 675 130 51 versic.
828 675 189 51 vigesimoprimo,

225 712 106 43 nudus
296 712 106 43 exivi
366 712 71 43 ex
402 712 106 43 utero
472 712 118 43 matris
554 712 106 43 meae,
625 712 59 43 &
649 712 106 43 nudus
719 712 118 43 redibo
801 712 118 43 illuc,
884 712 118 43 Iehova
954 712 59 43 de¬-

239 742 80 50 dit
284 742 57 50 &
307 742 114 50 Iehova
387 742 137 50 recepit:
490 742 80 50 sit
535 742 103 50 nomen
604 742 126 50 Iehovae
695 742 171 50 benedictum.
832 742 69 50 Et
867 742 91 50 cap.
912 742 103 50 secundo

225 778 143 41 versic.
329 778 143 41 quarto.
433 778 91 41 Tum
484 778 130 41 Iehova
575 778 156 41 Satanae,
692 778 104 41 ecce
757 778 91 41 eum
809 778 143 41 (JOBUM)
912 778 130 41 inquit

222 809 74 49 in
259 809 99 49 manu
321 809 99 49 tua,
383 809 174 49 veruntamen
519 809 112 49 vitam
594 809 99 49 ejus
655 809 124 49 serva:
742 809 74 49 Et
779 809 99 49 cap.
841 809 124 49 quinto
916 809 99 49 versio

228 843 111 53 decimo
305 843 122 53 octavo:
394 843 55 53 &
416 843 89 53 cap.
471 843 66 53 9.
505 843 122 53 versic.
593 843 122 53 quinto.
682 843 77 53 Qui
726 843 122 53 refigit
815 843 122 53 montes,
903 843 77 53 ita
948 843 66 53 ut
970 843 55 53 non

235 885 195 42 animadvertant
395 885 138 42 homines,
499 885 80 42 qui
544 885 149 42 subvertit
659 885 80 42 eos
705 885 69 42 in
740 885 80 42 ira
785 885 92 42 sua.
843 885 69 42 Et
877 885 92 42 cap.
935 885 80 42 23.
969 885 46 42 13

231 909 80 42 14.
276 909 114 42 Psalm.
356 909 80 42 39.
402 909 126 42 versic.
494 909 126 42 decimo,
585 909 149 42 obmutesco
699 909 80 42 non
745 909 114 42 aperio
825 909 69 42 os
859 909 103 42 meum,
928 909 91 42 quia
974 909 57 42 tu¬-

226 945 130 45 fecisti.
324 945 65 45 Et
356 945 109 45 Psalm.
433 945 87 45 139.
487 945 87 45 toto
541 945 98 45 Jesa.
606 945 76 45 45.
650 945 119 45 versic.
737 945 98 45 sexto
802 945 54 45 &
824 945 130 45 septimo.
921 945 65 45 Vt
943 945 76 45 cogno

226 976 99 48 scant
292 976 110 48 Gentes
369 976 66 48 ab
402 976 88 48 ortu
457 976 99 48 solis
523 976 55 48 &
545 976 66 48 ab
578 976 110 48 occasu
656 976 99 48 ejus,
722 976 110 48 nullum
799 976 88 48 esse
854 976 121 48 praeter
942 976 77 48 me,
975 976 44 48 m¬-

227 1013 136 34 Iehovam
325 1013 99 34 esse
387 1013 62 34 &
412 1013 123 34 nullum
498 1013 173 34 praeterea,
634 1013 160 34 formantem
757 1013 111 34 lucem
831 1013 62 34 &
856 1013 148 34 creantem
954 1013 62 34 te¬-

227 1044 147 40 nebras,
333 1044 174 40 facientem
467 1044 120 40 pacem
547 1044 67 40 &
574 1044 160 40 creantem
694 1044 134 40 malum,
788 1044 80 40 me
828 1044 147 40 Iehovam
921 1044 107 40 facere

232 1073 103 46 omnia
300 1073 103 46 ista.
369 1073 114 46 Jerem.
448 1073 114 46 Thren.
528 1073 114 46 tertio
608 1073 126 46 versic.
699 1073 148 46 trigesimo
814 1073 126 46 septimo
905 1073 57 46 &
916 1073 103 46 trigesi

234 1105 72 49 mo
270 1105 132 49 octavo.
366 1105 96 49 Amos
426 1105 120 49 tertio
509 1105 132 49 versic.
605 1105 120 49 sexto.
689 1105 120 49 Matth.
773 1105 120 49 decimo
857 1105 132 49 versic.
940 1105 120 49 vigesimo

237 1142 99 44 mono
298 1142 62 44 &
311 1142 148 44 trigesimo.

267 1179 70 34 Ex
302 1179 81 34 his
349 1179 128 34 liquet,
441 1179 93 34 Deum
499 1179 93 34 esse
557 1179 81 34 qui
604 1179 186 34 afflictiones
755 1179 104 34 nobis
824 1179 139 34 imponit.
929 1179 70 34 Id
952 1179 81 34 autem

234 1203 143 44 faciendi
341 1203 167 44 potestatem
472 1203 95 44 Deus
531 1203 119 44 habet,
615 1203 95 44 quum
674 1203 95 44 ipse
734 1203 83 44 sit
781 1203 95 44 Deus
841 1203 131 44 noster,
936 1203 59 44 &
948 1203 83 44 pate.

232 1244 119 35 noster,
319 1244 76 35 jus
362 1244 65 35 in
395 1244 76 35 nos
438 1244 65 35 ut
471 1244 119 35 liberos
557 1244 87 35 suos
611 1244 98 35 habes
676 1244 54 35 &
698 1244 108 35 libere
774 1244 141 35 exercens,
882 1244 65 35 1.
915 1244 87 35 Sam.
969 1244 65 35 3.
991 1244 43 35 v.

231 1274 81 42 18.
278 1274 104 42 Hebr.
347 1274 81 42 12.
394 1274 70 42 7.
429 1274 70 42 8,
463 1274 70 42 9.
498 1274 81 42 Hoc
544 1274 104 42 abude
614 1274 104 42 docet
684 1274 93 42 Deus
742 1274 70 42 in
776 1274 104 42 libro
846 1274 104 42 Jobi.
915 1274 70 42 Et
939 1274 104 42 quamvis

238 1303 93 42 Deus
296 1303 139 42 interdum
401 1303 139 42 graviter
506 1303 139 42 affligat
610 1303 93 42 suos
668 1303 139 42 fideles,
773 1303 81 42 est
819 1303 105 42 tamen
889 1303 116 42 justus
970 1303 58 42 &
982 1303 58 42 mi¬-

226 1337 138 49 sericors,
332 1337 106 49 Psalm.
406 1337 85 49 119.
459 1337 116 49 versic.
544 1337 85 49 137.
597 1337 53 49 &
618 1337 106 49 Psalm.
692 1337 85 49 145.
745 1337 64 49 8,
777 1337 64 49 9,
798 1337 53 49 17.

267 1367 99 44 Idem
328 1367 99 44 Deus
390 1367 87 44 qui
440 1367 198 44 afflictionem
600 1367 161 44 imposuit,
724 1367 124 44 eandem
811 1367 136 44 aufert,
897 1367 136 44 Deuterone

229 1402 143 40 trigesimo
339 1402 121 40 secundo
427 1402 121 40 versic.
516 1402 143 40 trigesimo
626 1402 99 40 nono,
692 1402 66 40 1.
725 1402 121 40 Samuel.
813 1402 66 40 2.
847 1402 99 40 vers.
913 1402 66 40 6,
946 1402 66 40 7.
968 1402 66 40 Jobi

236 1438 56 48 5.
264 1438 83 48 vers.
310 1438 46 48 18.

268 1475 69 32 2.
303 1475 92 32 Quia
361 1475 104 32 nulla
430 1475 162 32 afflictio,
557 1475 104 32 nulla
627 1475 150 32 calamitas
742 1475 127 32 casuaut
835 1475 104 32 coeco
893 1475 150 32 infortunio,

233 1501 63 42 &
259 1501 100 42 sine
321 1501 163 42 voluntate
447 1501 88 42 Dei
497 1501 176 42 contingit,
635 1501 88 42 sed
685 1501 113 42 juxta
760 1501 150 42 aeternum
873 1501 150 42 decretum
973 1501 63 42 Dei

232 1534 80 41 Nam
277 1534 69 41 si
312 1534 69 41 ne
346 1534 103 41 pilus
415 1534 115 41 quidem
495 1534 126 41 capitis
587 1534 92 41 sine
644 1534 149 41 voluntate
759 1534 115 41 Patris
839 1534 115 41 nostri
908 1534 126 41 coelesti¬-

230 1575 71 43 in
266 1575 118 43 terram
348 1575 118 43 cadit,
430 1575 106 43 multo
501 1575 106 43 minus
572 1575 106 43 magna
643 1575 118 43 aliqua
725 1575 153 43 calamitas
843 1575 106 43 atque
902 1575 141 43 afflictio¬-

228 1604 87 38 sine
282 1604 141 38 voluntate
391 1604 108 38 Patris
467 1604 108 38 nostri
543 1604 141 38 coelestis
651 1604 87 38 ulli
705 1604 119 38 evenire
781 1604 87 38 potest

260 1631 78 42 3.
299 1631 104 42 Quia
364 1631 91 42 eam
416 1631 169 42 promeriti
546 1631 117 42 sumus
624 1631 156 42 peccatis
741 1631 156 42 nostris.
858 1631 104 42 Quae
923 1631 117 42 venit
988 1631 52 42 ex

234 1670 126 40 merito,
325 1670 103 40 poena
393 1670 126 40 ferenda
485 1670 114 40 venit.
565 1670 103 40 Mich.
633 1670 69 40 7.
668 1670 126 40 versic.
759 1670 69 40 9.
793 1670 91 40 Iram
850 1670 126 40 Iehovae
930 1670 103 40 portabo

236 1702 87 40 quia
290 1702 119 40 peccavi
377 1702 76 40 ei.
420 1702 108 40 Johan.
496 1702 65 40 4.
528 1702 119 40 versic.
615 1702 76 40 17,
658 1702 76 40 18,
702 1702 76 40 19.
745 1702 108 40 Psalm.
821 1702 76 40 19.
864 1702 119 40 versic.
950 1702 76 40 13,
983 1702 54 40 14.

238 1738 118 36 Psalm.
321 1738 94 36 107.
380 1738 130 36 versic.
474 1738 82 36 17,
521 1738 82 36 18.
568 1738 118 36 Psalm.
650 1738 94 36 119.
709 1738 130 36 versic.
803 1738 82 36 25.
851 1738 130 36 Agnosco
933 1738 106 36 Iehova,

242 1766 94 45 justa
304 1766 84 45 esse
357 1766 115 45 judicia
441 1766 84 45 tua,
493 1766 52 45 &
514 1766 63 45 te
546 1766 63 45 in
577 1766 84 45 fide
630 1766 147 45 afflixisse
745 1766 73 45 me:
787 1766 63 45 Et
819 1766 63 45 v.
850 1766 84 45 137.
903 1766 105 45 Thren,
966 1766 73 45 Jere¬-

239 1805 62 43 3.
270 1805 83 43 39,.
311 1805 52 43 40.

282 1818 70 54 I.
317 1818 93 54 Quia
376 1818 93 54 crux
434 1818 82 54 seu
481 1818 152 54 afflictio
597 1818 117 54 nostra
679 1818 70 54 ad
714 1818 128 54 gloriam
807 1818 82 54 Dei
854 1818 117 54 facit.
935 1818 140 54 Testatur

244 1862 70 45 id
279 1862 104 45 liber
349 1862 104 45 Exodi
418 1862 70 45 in
453 1862 139 45 historia
558 1862 116 45 populi
639 1862 186 45 Israelitici,
790 1862 70 45 in
825 1862 128 45 AEgypto
906 1862 139 45 gravissima

246 1900 118 47 quaeque
321 1900 118 47 patientis

260 1919 80 50 5.
300 1919 106 50 Quia
366 1919 106 50 crux
432 1919 146 50 confert
539 1919 80 50 ad
578 1919 173 50 electorum
711 1919 119 50 bonum
791 1919 66 50 &
817 1919 159 50 salutem:
937 1919 93 50 est
977 1919 66 50 me¬-

236 1952 104 46 dium
301 1952 91 46 per
353 1952 104 46 quod
417 1952 194 46 praepatamur
573 1952 65 46 &
599 1952 181 46 pervenimus
741 1952 78 46 ad
780 1952 207 46 beatitudinem
935 1952 104 46 coele¬-

244 2000 106 42 stem.
315 2000 153 42 Romanorum
433 2000 71 42 8.
468 2000 130 42 versic.
563 2000 83 42 18.
610 2000 118 42 Psalm.
692 2000 94 42 119.
751 2000 83 42 71.
798 2000 153 42 Apocalyp.
916 2000 71 42 3.
940 2000 106 42 versic.

240 2031 132 37 decimo.
336 2031 96 37 Unde
396 2031 132 37 dicitur
491 2031 108 37 David
563 2031 120 37 Psalm.
647 2031 84 37 94.
695 2031 132 37 versic.
791 2031 84 37 12.
839 2031 120 37 Beatus
922 2031 96 37 ille
970 2031 72 37 vir¬-

249 2066 96 43 quem
309 2066 144 43 castigas
417 2066 96 43 Tah.
477 2066 156 43 Chrysost.
597 2066 132 43 homilia
692 2066 120 43 decima
776 2066 72 43 in
812 2066 156 43 epistolam
932 2066 72 43 ad
956 2066 84 43 Roma¬-

241 2104 99 37 nos:
302 2104 136 37 Tanquam
401 2104 74 37 in
438 2104 123 37 Schola
524 2104 123 37 aliqua
611 2104 74 37 in
648 2104 99 37 vita
709 2104 160 37 praesenti
833 2104 86 37 per
882 2104 136 37 morbum,
968 2104 62 37 po¬-

249 2135 196 40 afflictionem,
411 2135 81 40 per
457 2135 185 40 tentationes,
607 2135 219 40 perpaupertatem,
792 2135 81 40 per
838 2135 127 40 caetera
931 2135 92 40 item
977 2135 69 40 quae

247 2168 98 34 mala
308 2168 98 34 esse
369 2168 146 34 videntur
478 2168 158 34 erudimur;
600 2168 73 34 ut
637 2168 98 34 apti
698 2168 171 34 efficiamur
832 2168 73 34 ad
868 2168 158 34 futurorum
978 2168 61 34 bo¬-

238 2195 96 41 norum
302 2195 181 41 perceptionem.
451 2195 85 41 Job.
505 2195 64 41 5.
537 2195 117 41 versic.
622 2195 75 41 17,
664 2195 75 41 18,
707 2195 75 41 19,
749 2195 75 41 20.
792 2195 106 41 Psalm.
867 2195 75 41 89.
909 2195 117 41 versic.
984 2195 53 41 31.

244 2235 81 37 32,
291 2235 81 37 33.
337 2235 81 37 34,
383 2235 81 37 35.
429 2235 115 37 Psalm.
510 2235 81 37 94.
556 2235 81 37 12.
602 2235 115 37 Psalm.
683 2235 92 37 103.
740 2235 58 37 a
763 2235 127 37 versic.
856 2235 69 37 8.
890 2235 104 37 usque
959 2235 69 37 ad
982 2235 58 37 17.

238 2265 105 35 Psalm.
312 2265 84 35 119.
365 2265 74 35 50.
407 2265 126 35 Proverb.
502 2265 63 35 3.
533 2265 116 35 versic.
618 2265 74 35 11,
660 2265 74 35 12.
702 2265 95 35 Thren
765 2265 105 35 Jerem.
839 2265 63 35 3.
870 2265 116 35 versic.
955 2265 74 35 27,
986 2265 53 35 28.

242 2295 110 39 Actor.
319 2295 77 39 14.
363 2295 121 39 versic.
452 2295 77 39 22.
496 2295 110 39 Roman.
573 2295 66 39 8.
606 2295 121 39 versic.
695 2295 77 39 28.
739 2295 55 39 &
761 2295 121 39 versic.
849 2295 77 39 35.
893 2295 99 39 usque
960 2295 66 39 ad
982 2295 55 39 fi¬-

250 2337 88 36 nem.
305 2337 66 36 I.
338 2337 131 36 Corinth.
436 2337 77 36 11.
480 2337 120 36 versic.
567 2337 77 36 31,
611 2337 77 36 32.
655 2337 99 36 Hebr.
721 2337 77 36 12.
764 2337 55 36 a
786 2337 120 36 versic.
874 2337 66 36 5.
907 2337 99 36 usque
972 2337 66 36 ad
994 2337 55 36 12.

246 2361 150 41 Apocalyp.
362 2361 69 41 3.
397 2361 127 41 versic.
489 2361 81 41 19,
535 2361 81 41 20,
581 2361 81 41 21,
627 2361 81 41 22.
674 2361 92 41 Crux
731 2361 81 41 est
777 2361 104 41 velut
847 2361 185 41 instrumentum
985 2361 58 41 quo

244 2393 87 43 Deus
299 2393 76 43 nos
342 2393 131 43 expolit,
440 2393 109 43 Jacob.
516 2393 65 43 1.
549 2393 65 43 v.
570 2393 44 43 4.

277 2419 67 46 6.
310 2419 89 46 Quia
366 2419 89 46 crux
422 2419 101 46 parit
489 2419 168 46 patientiam,
623 2419 112 46 Jacob.
702 2419 67 46 1.
735 2419 123 46 versic.
825 2419 67 46 2,
858 2419 67 46 3.
892 2419 89 46 Opus
948 2419 56 46 &
959 2419 78 46 effe¬-

241 2457 96 41 ctum
301 2457 120 41 crucis
385 2457 60 41 &
409 2457 192 41 afflictionum
565 2457 84 41 est
613 2457 120 41 nostri
698 2457 72 41 in
734 2457 132 41 Christo
830 2457 192 41 consummatio,
974 2457 72 41 Jac.

251 2495 65 47 1.
284 2495 119 47 versic.
370 2495 65 47 4.
403 2495 152 47 Tolerantia
522 2495 87 47 opus
576 2495 130 47 integrum
674 2495 130 47 habetote
771 2495 65 47 ut
804 2495 98 47 sitis
869 2495 119 47 integri
955 2495 54 47 &
966 2495 76 47 toti¬-

239 2524 65 40 in
272 2524 98 40 nullo
326 2524 141 40 deficientes

282 2556 70 40 V.
317 2556 94 40 Quia
376 2556 94 40 crux
434 2556 59 40 &
458 2556 152 40 afflictio
575 2556 117 40 nostra
657 2556 82 40 est
704 2556 176 40 momentanea,
844 2556 117 40 Psalm.
926 2556 82 40 30.
961 2556 82 40 vers.

247 2589 73 39 6.
283 2589 85 39 Nam
332 2589 134 39 momento
429 2589 85 39 est
478 2589 122 39 Iehova
563 2589 73 39 in
599 2589 85 39 ira
648 2589 97 39 sua,
709 2589 97 39 vita
769 2589 109 39 autem
842 2589 109 39 adest
903 2589 146 39 benevolen¬-

238 2619 76 39 tid
282 2619 98 39 ejus,
347 2619 120 39 vespere
435 2619 66 39 si
467 2619 153 39 diversetur
587 2619 120 39 fletus,
675 2619 87 39 mane
729 2619 98 39 adest
795 2619 120 39 cantus.
882 2619 109 39 Psalm.
959 2619 87 39 135.
1002 2619 44 39 4.

238 2660 72 39 Si
274 2660 132 39 judicat
370 2660 120 39 Iehova
453 2660 132 39 populum
549 2660 108 39 suum,
621 2660 84 39 mox
669 2660 72 39 de
705 2660 120 39 servis
789 2660 108 39 suis,
860 2660 144 39 poenitet
956 2660 96 39 ipsum.

245 2695 67 33 2.
278 2695 134 33 Corinth.
379 2695 67 33 4.
412 2695 78 33 17.
457 2695 112 33 Johan.
535 2695 78 33 16.
579 2695 123 33 versic.
669 2695 78 33 16.
713 2695 134 33 Christus
814 2695 156 33 discipulos
936 2695 89 33 suos
981 2695 67 33 con¬-

257 2721 120 32 solatur
345 2721 142 32 brevitate
454 2721 186 32 afflictionum.
607 2721 98 32 Eadem
673 2721 153 32 consolatio
793 2721 77 32 est
837 2721 66 32 1.
870 2721 88 32 Pet.
925 2721 66 32 1.
957 2721 77 32 16.
990 2721 55 32 Vi¬-

249 2753 111 39 detur
323 2753 123 39 quidem
409 2753 111 39 nobis
483 2753 148 39 interdum
593 2753 148 39 diuturna
704 2753 172 39 afflictio,
840 2753 74 39 ea
877 2753 111 39 tamen
938 2753 111 39 etiamsi

248 2794 88 41 tota
303 2794 77 41 hac
347 2794 88 41 vira
402 2794 132 41 duraret,
501 2794 110 41 brevis
578 2794 77 41 est
622 2794 121 41 collata
709 2794 77 41 cum
753 2794 121 41 aeterna
841 2794 176 41 prosperitate
973 2794 77 41 quae¬-

249 2815 95 47 hanc
309 2815 107 47 vitam
368 2815 131 47 sequetur.

293 2841 77 55 8.
332 2841 103 55 Quia
396 2841 142 55 nostram
500 2841 207 55 afflictionem
668 2841 103 55 Deus
732 2841 116 55 probe
810 2841 116 55 videt
887 2841 65 55 &
900 2841 155 55 cognoscit,

263 2875 87 46 Exod.
321 2875 58 46 3.
350 2875 58 46 v.
369 2875 39 46 7.

339 2896 94 53 Quia
398 2896 118 53 noster
481 2896 118 53 clamor
563 2896 71 53 de
598 2896 177 53 afflictione
740 2896 118 53 nostra
822 2896 153 53 adscendit
940 2896 71 53 ad
964 2896 82 53 Deum;

282 2916 50 35 9.

258 2942 58 52 &
282 2942 128 52 nostros
375 2942 128 52 gemitus
468 2942 93 52 Deus
527 2942 117 52 audit,
608 2942 58 52 &
632 2942 163 52 recordatus
760 2942 128 52 federis
854 2942 82 52 sui
900 2942 82 52 nos
935 2942 117 52 respicit

258 2979 52 43 &
278 2979 145 43 cognoscit,
392 2979 93 43 Exod.
454 2979 62 43 2.
486 2979 62 43 v.
517 2979 73 43 23.
558 2979 73 43 24.
589 2979 52 43 25.

294 3005 86 43 10.
343 3005 98 43 Quia
404 3005 110 43 cruci
477 3005 98 43 Deus
539 3005 98 43 ipse
600 3005 110 43 modum
673 3005 147 43 imponit.
783 3005 73 43 1.
820 3005 147 43 Corinth.
930 3005 86 43 10.
967 3005 61 43 10.

292 3047 86 35 II.
341 3047 98 35 Quia
402 3047 98 35 crux
464 3047 86 35 nos
513 3047 86 35 non
562 3047 123 35 potest
648 3047 148 35 separate
759 3047 62 35 a
784 3047 160 35 charitate
907 3047 98 35 Dei.
956 3047 86 35 Romam

268 3069 72 44 8.
304 3069 84 44 39.
352 3069 84 44 Ita
400 3069 133 44 morbus,
497 3069 84 44 quo
545 3069 133 44 Lazarus
641 3069 193 44 Bethaniensis
798 3069 205 44 affligebatur,
967 3069 60 44 &
979 3069 72 44 mors

262 3105 122 45 sequuta
351 3105 78 45 non
395 3105 144 45 separavit
506 3105 78 45 eum
551 3105 56 45 a
573 3105 144 45 charitate
684 3105 133 45 Christi,
784 3105 111 45 Johan.
861 3105 78 45 11.
895 3105 44 45 5.

303 3136 81 56 12.
350 3136 93 56 Quia
408 3136 93 56 crux
465 3136 81 56 non
512 3136 81 56 est
558 3136 173 56 testimonium
697 3136 93 56 irae
754 3136 81 56 Dei
801 3136 173 56 sempiternae
928 3136 127 56 adversus.

264 3160 101 42 electos.

1065 158 93 56 13.
1118 158 106 56 Quia
1184 158 106 56 crux
1250 158 93 56 est
1303 158 199 56 testimonium
1462 158 133 56 amoris
1555 158 93 56 Dei
1608 158 80 56 in
1648 158 106 56 nos:
1714 158 93 56 nam
1767 158 106 56 quem
1820 158 53 56 in

1057 203 140 43 diligit,
1163 203 152 43 castigat,
1279 203 58 43 &
1303 203 117 43 quidem
1385 203 70 43 ut
1420 203 105 43 Pater
1490 203 129 43 filium,
1583 203 82 43 cui
1630 203 94 43 bene
1689 203 105 43 vult,
1747 203 117 43 Proverbs

1054 243 57 48 3.
1082 243 66 48 11,
1120 243 66 48 12.
1158 243 85 48 Hebr.
1215 243 66 48 12.
1253 243 57 48 6.
1281 243 57 48 1.
1309 243 85 48 Petr,
1366 243 57 48 2.
1395 243 57 48 v.
1423 243 66 48 19,
1452 243 47 48 26.

1082 268 88 46 14.
1133 268 101 46 Quia
1196 268 113 46 cruce
1271 268 151 46 probatus
1385 268 151 46 accipiet
1498 268 139 46 coronam
1599 268 126 46 vitae,
1688 268 101 46 quam
1738 268 126 46 repromi¬-

1060 306 77 41 sit
1104 306 88 41 Deus
1159 306 176 41 diligentibus
1302 306 77 41 se.
1346 306 110 41 Jacob.
1423 306 66 41 1.
1456 306 77 41 12.
1501 306 66 41 2.
1534 306 110 41 Timoth
1611 306 66 41 2.
1644 306 77 41 11.
1688 306 110 41 Matth.
1765 306 66 41 5.
1798 306 77 41 12.
1831 306 44 41 A¬-

1059 345 100 51 pocal.
1129 345 60 51 2.
1149 345 50 51 10.

1084 374 83 44 15.
1131 374 95 44 Quia
1191 374 83 44 non
1238 374 118 44 potest
1321 374 142 44 evertere
1427 374 142 44 electos.
1534 374 71 44 2.
1569 374 142 44 Corinth.
1676 374 71 44 4.
1711 374 71 44 8.
1747 374 71 44 1.
1770 374 95 44 Corin¬-

1070 412 80 32 10,
1115 412 80 32 13.
1161 412 114 32 Psalm.
1240 412 80 32 34.
1286 412 80 32 21.
1331 412 102 32 Sicut
1399 412 102 32 rubus
1468 412 125 32 ardens,
1559 412 102 32 Exod.
1627 412 68 32 3.
1661 412 68 32 2,
1695 412 68 32 3.
1729 412 80 32 non
1763 412 114 32 consume¬-

1072 444 114 33 patur:
1152 444 80 33 ita
1197 444 103 33 etiam
1266 444 80 33 non
1312 444 114 33 potest
1392 444 126 33 consumi
1483 444 149 33 Ecclesia,
1597 444 126 33 etiamsi
1689 444 69 33 in
1723 444 114 33 catino
1792 444 91 33 crucia

1072 475 136 47 probetur.
1176 475 105 47 Psalm.
1249 475 84 47 129.
1301 475 63 47 1,
1333 475 63 47 2.
1364 475 63 47 3.
1396 475 63 47 4.
1427 475 105 47 Matth.
1500 475 73 47 16.
1542 475 63 47 v.
1563 475 52 47 18.

1085 500 79 46 I6.
1130 500 90 46 Quia
1186 500 112 46 crucis
1265 500 101 46 laeta
1332 500 90 46 erit
1388 500 180 46 catastrophe.
1535 500 90 46 Luc.
1591 500 67 46 6.
1625 500 79 46 21.
1670 500 112 46 Matth.
1748 500 67 46 5.
1782 500 67 46 4.
1805 500 67 46 Joh.

1068 541 64 41 16.
1105 541 55 41 v.
1132 541 64 41 20.
1169 541 55 41 2.
1196 541 73 41 Cor.
1242 541 55 41 1.
1270 541 55 41 v.
1297 541 55 41 7.
1325 541 55 41 1.
1352 541 83 41 Petr.
1407 541 55 41 1.
1435 541 55 41 v.
1462 541 55 41 6,
1480 541 37 41 7.

1089 567 85 49 17.
1138 567 97 49 Quia
1198 567 110 49 cruci
1271 567 97 49 alii
1332 567 122 49 quoque
1417 567 122 49 sancti
1503 567 122 49 semper
1588 567 134 49 fuerunt
1685 567 158 49 subjecti.
1795 567 85 49 Simi¬-

1061 602 76 48 les
1104 602 119 48 aliorum
1191 602 119 48 respice
1277 602 108 48 casus,
1353 602 108 48 mitius
1429 602 86 48 ista
1483 602 108 48 feres.
1558 602 108 48 Jacob.
1634 602 65 48 5.
1666 602 76 48 11.
1710 602 108 48 Matth.
1785 602 65 48 5.
1807 602 54 48 12.

1093 642 84 39 18.
1141 642 96 39 Quia
1201 642 108 39 super
1273 642 168 39 ferentibus
1404 642 120 39 crucem
1488 642 144 39 quiescit
1596 642 144 39 Spiritus
1703 642 96 39 Dei.
1763 642 72 39 1.
1787 642 84 39 Petr.

1068 675 69 40 4.
1091 675 58 40 24.

1093 696 83 49 19.
1141 696 95 49 Quia
1200 696 71 49 ad
1236 696 178 49 perferendas
1378 696 190 49 afflictiones
1533 696 107 49 sumus
1604 696 166 49 constituti
1734 696 71 49 1.
1758 696 119 49 Thessala

1069 742 67 44 3.
1102 742 67 44 v.
1136 742 67 44 3.
1170 742 90 44 Nemo
1226 742 168 44 commoveatur
1360 742 67 44 ob
1394 742 179 44 afflictiones
1540 742 112 44 istas:
1618 742 90 44 ipsi
1674 742 90 44 enim
1730 742 112 44 nostis
1809 742 67 44 ad
1831 742 45 44 in

1067 773 73 45 vos
1108 773 84 45 esse
1150 773 147 45 constitutos.

1088 796 92 47 20.
1140 796 105 47 Quia
1206 796 92 47 per
1258 796 131 47 crucem
1350 796 144 47 oportet
1454 796 92 47 nos
1507 796 144 47 intrare
1611 796 79 47 in
1651 796 131 47 regnum
1742 796 105 47 Dei.
1794 796 92 47 Acto.

1069 836 96 44 14.
1124 836 96 44 22.
1179 836 205 44 quemadmodum
1342 836 164 44 Christus
1465 836 68 44 a
1492 836 150 44 malorum
1601 836 136 44 omnium
1697 836 191 44 labyrintho
1833 836 55 44 in

1072 876 125 52 gloriam
1162 876 148 52 coelestem
1276 876 148 52 ingressus
1390 876 91 52 est.
1446 876 91 52 Luc.
1503 876 79 52 24.
1537 876 57 52 26.

1107 898 87 52 2I.
1156 898 100 52 Quia
1219 898 87 52 per
1269 898 125 52 crucem
1356 898 137 52 oportet
1456 898 87 52 nos
1506 898 162 52 conformes
1630 898 112 52 fieri
1705 898 137 52 imagini
1792 898 100 52 Filiis

1075 937 91 42 Dei.
1131 937 91 42 Rom.
1188 937 68 42 8.
1222 937 79 42 28.
1268 937 68 42 1.
1302 937 102 42 Petr.
1370 937 68 42 4.
1404 937 79 42 13.
1449 937 91 42 Hinc
1506 937 136 42 insignis
1608 937 159 42 consolatio
1733 937 68 42 ad
1767 937 79 42 nos
1801 937 91 42 redit,

1075 970 69 44 in
1109 970 103 44 rebus
1177 970 103 44 duris
1246 970 103 44 atque
1315 970 137 44 asperis,
1417 970 91 44 quae
1475 970 137 44 adversae
1577 970 137 44 malaeque
1680 970 194 44 existimantur,
1829 970 57 44 no¬-

1083 1006 144 39 Christi
1187 1006 196 39 passionibus
1344 1006 209 39 communicare.
1514 1006 144 39 Quantum
1618 1006 91 39 hoc
1670 1006 130 39 valere
1762 1006 130 39 potest
1840 1006 52 39 ad

1069 1036 176 37 leniendam
1205 1036 122 37 omnem
1286 1036 136 37 crucis
1381 1036 217 37 acerbitatem,
1558 1036 108 37 quod
1625 1036 95 37 quo
1680 1036 122 37 magis
1761 1036 122 37 rebus
1829 1036 54 37 ad

1088 1081 113 33 versis
1167 1081 181 33 afflictamur,
1313 1081 68 33 eo
1347 1081 124 33 certius
1438 1081 169 33 confirmatur
1573 1081 113 33 nostra
1652 1081 79 33 cum
1697 1081 124 33 Christo
1776 1081 113 33 societas

1102 1109 97 38 22.
1158 1109 111 38 Quia
1227 1109 139 38 crucem
1324 1109 208 38 perferentes
1490 1109 97 38 non
1546 1109 208 38 damnabuntur
1712 1109 97 38 cum
1767 1109 97 38 hoc
1809 1109 83 38 mun¬-

1086 1135 68 44 do.
1125 1135 58 44 1.
1154 1135 77 44 Cor.
1203 1135 68 44 11.
1232 1135 48 44 32.

1107 1165 82 50 23.
1154 1165 94 50 Quia
1213 1165 59 50 &
1236 1165 140 50 Christus
1341 1165 94 50 ipse
1400 1165 117 50 crucem
1482 1165 164 50 sustinuit.
1610 1165 94 50 Heb.
1669 1165 70 50 5.
1704 1165 70 50 8.
1739 1165 59 50 &
1763 1165 94 50 cap.
1821 1165 82 50 12.
1856 1165 47 50 2.

1079 1202 101 41 Deus
1142 1202 113 41 Pater
1218 1202 63 41 a
1243 1202 139 41 Christo
1344 1202 189 41 primogenito
1495 1202 88 41 suo
1546 1202 139 41 exorsus
1647 1202 126 41 crucem
1735 1202 76 41 ei
1760 1202 126 41 imposuit

1079 1239 97 43 erga
1140 1239 122 43 filios
1225 1239 97 43 suos
1285 1239 122 43 filias
1370 1239 97 43 suas
1431 1239 61 43 &
1456 1239 109 43 omnes
1528 1239 97 43 hunc
1589 1239 134 43 ordinem
1686 1239 194 43 prosequitur.
1832 1239 61 43 Nam

1097 1277 121 40 quanqua
1185 1277 99 40 esset
1252 1277 88 40 ille
1307 1277 110 40 Filius
1384 1277 88 40 prae
1439 1277 99 40 aliis
1506 1277 133 40 dilectus
1605 1277 55 40 &
1627 1277 66 40 in
1660 1277 77 40 quo
1704 1277 99 40 Pater
1759 1277 133 40 acquiesce¬-

1093 1308 98 35 bat;
1154 1308 134 35 videmus
1251 1308 110 35 tamen
1324 1308 98 35 quam
1385 1308 85 35 non
1434 1308 183 35 indulgenter
1580 1308 73 35 ac
1617 1308 146 35 molliter
1727 1308 134 35 habitus
1812 1308 73 35 fue¬-

1084 1336 95 42 rit:
1143 1336 71 42 ut
1179 1336 95 42 vere
1238 1336 95 42 dici
1297 1336 118 42 queat,
1380 1336 83 42 non
1427 1336 95 42 modo
1487 1336 142 42 perpetua
1593 1336 107 42 cruce
1664 1336 178 42 exercitatum
1794 1336 95 42 fuisse

1094 1378 115 36 quadiu
1174 1378 115 36 terram
1254 1378 149 36 incoluit;
1369 1378 80 36 sed
1415 1378 103 36 totam
1484 1378 92 36 ejus
1542 1378 103 36 vitam
1611 1378 103 36 nihil
1680 1378 103 36 aliud
1749 1378 126 36 fuisse,
1829 1378 69 36 quam

1095 1412 162 30 perpetuae
1219 1412 124 30 crucis
1306 1412 149 30 speciem.
1418 1412 87 30 Cur
1468 1412 87 30 nos
1517 1412 100 30 ergo
1580 1412 75 30 ab
1617 1412 75 30 ea
1654 1412 174 30 conditione
1779 1412 124 30 eximamus

1094 1444 107 36 quam
1160 1444 134 36 subire
1254 1444 160 36 Christum
1374 1444 120 36 caput
1455 1444 147 36 nostrum
1561 1444 174 36 oportuit:
1695 1444 187 36 praesertim
1829 1444 80 36 quum

1087 1471 113 36 nostra
1166 1471 102 36 causa
1234 1471 147 36 subierit,
1347 1471 68 36 ut
1381 1471 102 36 nobis
1449 1471 68 36 in
1483 1471 113 36 seipso
1562 1471 147 36 patietiae
1675 1471 136 36 exemplar
1765 1471 136 36 exhiberet?

1121 1501 88 38 24.
1172 1501 101 38 Quia
1235 1501 126 38 crucis
1323 1501 76 38 in
1361 1501 88 38 hac
1411 1501 101 38 vita
1474 1501 139 38 dolorem
1575 1501 164 38 superabit
1701 1501 126 38 multis
1777 1501 126 38 partibus

1086 1535 133 50 gaudium
1182 1535 157 50 aeternum,
1303 1535 97 50 quod
1363 1535 72 50 in
1400 1535 109 50 regno
1472 1535 84 50 Dei
1520 1535 193 50 percipiemus.
1677 1535 97 50 Joh.
1737 1535 84 50 16.
1786 1535 72 50 v.
1810 1535 60 50 22.

1108 1569 90 38 25.
1160 1569 103 38 Quia
1224 1569 103 38 crux
1289 1569 90 38 non
1341 1569 116 38 durat
1418 1569 181 38 perpetuoi,
1560 1569 90 38 sed
1612 1569 194 38 praefinitum
1767 1569 129 38 tempus
1844 1569 65 38 ha¬-

1090 1597 90 45 bet,
1146 1597 79 45 quo
1191 1597 135 45 completo
1292 1597 124 45 cessat.
1382 1597 112 45 Psalm.
1460 1597 79 45 30.
1505 1597 67 45 6,
1539 1597 90 45 Jes.
1595 1597 67 45 9.
1629 1597 67 45 4.
1663 1597 56 45 &
1674 1597 56 45 40.

1107 1630 91 43 26.
1159 1630 104 43 Quia
1224 1630 91 43 per
1275 1630 130 43 crucem
1366 1630 117 43 Pater
1444 1630 168 43 coelestis
1573 1630 130 43 certum
1664 1630 78 43 de
1703 1630 104 43 suis
1755 1630 155 43 experimen¬-

1093 1665 71 51 tum
1134 1665 102 51 capere
1205 1665 153 51 constituit,
1328 1665 61 51 1.
1358 1665 82 51 Pet.
1409 1665 61 51 1.
1440 1665 61 51 6,
1460 1665 41 51 7.

1119 1696 86 48 27.
1168 1696 98 48 Quia
1229 1696 86 48 per
1278 1696 123 48 crucem
1364 1696 147 48 assiduam
1475 1696 74 48 de
1511 1696 123 48 nostra
1597 1696 209 48 imbecillitate
1769 1696 61 48 &
1781 1696 123 48 fragili¬-

1095 1741 95 41 cate
1155 1741 143 41 convicti
1262 1741 178 41 humiliamur,
1404 1741 59 41 &
1428 1741 83 41 sic
1476 1741 155 41 humiliati
1595 1741 143 41 discimus
1702 1741 155 41 implorare
1809 1741 95 41 virtu¬-

1081 1765 95 40 tem
1122 1765 82 40 Dei.

1119 1785 89 57 28.
1170 1785 102 57 Quia
1234 1785 77 57 in
1272 1785 115 57 cruce
1349 1785 166 57 gratiosam
1477 1785 192 57 praesentiam
1630 1785 64 57 &
1655 1785 217 57 benevolentiam
1821 1785 77 57 Dei,

1087 1830 154 41 experimur.
1208 1830 110 41 Psalm.
1285 1830 77 41 34.
1329 1830 66 41 v.
1362 1830 77 41 19.
1406 1830 154 41 Propinquus
1527 1830 77 41 est
1571 1830 110 41 Iehova
1648 1830 121 41 fractis
1736 1830 110 41 corde,
1813 1830 66 41 id
1835 1830 66 41 est;

1084 1865 207 38 calamitatum
1250 1865 207 38 magnitudine
1415 1865 179 38 confectis
1553 1865 69 38 &
1581 1865 124 38 prope
1664 1865 138 38 animam
1746 1865 152 38 agentibus

1085 1901 130 37 Psalm.
1176 1901 91 37 40.
1228 1901 91 37 18.
1280 1901 91 37 sum
1333 1901 130 37 quidem
1424 1901 130 37 pauper
1515 1901 65 37 &
1541 1901 130 37 egens,
1632 1901 91 37 sed
1684 1901 143 37 Dominus
1789 1901 143 37 cogitat

1086 1930 91 40 de
1116 1930 61 40 me

1129 1959 83 44 29.
1176 1959 95 44 Quia
1236 1959 95 44 crux
1295 1959 83 44 est
1342 1959 142 44 indicium
1449 1959 189 44 adipiscendae
1602 1959 189 44 haereditatis
1756 1959 154 44 aeternae.
1863 1959 47 44 2.

1099 1989 109 48 Thessal.
1181 1989 55 48 1.
1208 1989 55 48 5.
1235 1989 55 48 6,
1254 1989 36 48 7.

1113 2017 87 61 30.
1162 2017 99 61 Quia
1224 2017 111 61 cruce
1298 2017 99 61 spes
1360 2017 124 61 nostra
1447 2017 198 61 confirmatur.
1608 2017 99 61 Rom.
1670 2017 74 61 5.
1707 2017 74 61 4,
1731 2017 50 61 5.

1115 2062 90 45 3I.
1167 2062 103 45 Quia
1231 2062 116 45 cruce
1308 2062 154 45 discimus
1424 2062 193 45 obedientiam
1578 2062 90 45 Deo
1630 2062 154 45 debitam,
1746 2062 116 45 cruce
1810 2062 90 45 doce¬-

1096 2100 87 40 mur
1145 2100 75 40 ut
1183 2100 112 40 bonae
1257 2100 137 40 arbores
1357 2100 124 40 fiamus
1444 2100 62 40 &
1468 2100 137 40 fructum
1568 2100 162 40 justitiae
1692 2100 149 40 feramus,
1804 2100 99 40 quem
1854 2100 62 40 pax

1096 2130 195 39 consequitur.
1254 2130 122 39 Psalm.
1340 2130 97 39 119.
1400 2130 85 39 67.
1449 2130 97 39 quum
1510 2130 122 39 nondum
1595 2130 183 39 affligerer,
1742 2130 85 39 ego
1778 2130 122 39 errabam,

1096 2167 96 39 munc
1156 2167 108 39 autem
1228 2167 144 39 sermonem
1335 2167 96 39 tuum
1395 2167 144 39 observo.
1503 2167 72 39 Et
1539 2167 72 39 v.
1575 2167 84 39 71.
1623 2167 96 39 Bono
1683 2167 96 39 mihi
1742 2167 96 39 fuit
1790 2167 108 39 affligi

1096 2194 66 39 ut
1129 2194 132 39 discerem
1228 2194 121 39 statuta
1315 2194 88 39 tua.
1370 2194 88 39 Heb.
1425 2194 77 39 12.
1469 2194 77 39 11.
1513 2194 99 39 Omnis
1579 2194 154 39 castigatio
1700 2194 66 39 in
1732 2194 132 39 praesens
1831 2194 88 39 qui¬

1090 2229 80 33 dem
1135 2229 80 33 non
1181 2229 125 33 videtur
1272 2229 91 33 esse
1329 2229 125 33 gaudij,
1420 2229 80 33 sed
1466 2229 171 33 tristitiae:
1602 2229 68 33 at
1637 2229 114 33 postea
1716 2229 125 33 fructum
1796 2229 114 33 pacatum,

1090 2261 146 37 justitiae
1202 2261 113 37 reddit
1281 2261 79 37 iis
1326 2261 79 37 qui
1371 2261 79 37 per
1416 2261 79 37 eam
1461 2261 124 37 fuerint
1552 2261 169 37 exercitati.
1687 2261 113 37 Sensus
1766 2261 90 37 est:
1811 2261 101 37 Schola¬-

1093 2293 114 36 crucis
1172 2293 79 36 est
1218 2293 114 36 schola
1297 2293 159 36 justitiae.
1422 2293 148 36 Discipuli
1535 2293 79 36 Dei
1581 2293 114 36 sumus,
1660 2293 79 36 qui
1706 2293 79 36 nos
1751 2293 125 36 exercet
1842 2293 57 36 &
1853 2293 57 36 in¬-

1099 2327 122 38 format
1184 2327 73 38 ad
1221 2327 122 38 amorem
1306 2327 61 38 &
1330 2327 134 38 studium
1428 2327 171 38 justitiae.
1562 2327 134 38 Arbores
1659 2327 85 38 Dei
1708 2327 122 38 sumus,
1793 2327 97 38 quas
1842 2327 61 38 il¬-

1087 2359 68 35 se
1121 2359 113 35 purgat
1200 2359 147 35 amputatis
1313 2359 158 35 stolonibus
1437 2359 215 35 lascivientibus,
1618 2359 68 35 ut
1652 2359 124 35 fructum
1743 2359 147 35 justitiae
1844 2359 57 35 fe¬-

1103 2401 100 34 iamus
1169 2401 55 34 &
1191 2401 77 34 sic
1236 2401 122 34 arbores
1324 2401 144 34 justitiae
1435 2401 111 34 fiamus
1513 2401 100 34 Jesa.
1579 2401 77 34 61.
1623 2401 66 34 3.
1656 2401 89 34 Ille
1712 2401 100 34 autem
1778 2401 122 34 fructus
1856 2401 55 34 ju¬-

1097 2425 116 39 stitiae
1182 2425 74 39 est
1224 2425 137 39 irenicus,
1330 2425 63 39 id
1361 2425 84 39 est,
1414 2425 127 39 pacatus:
1509 2425 74 39 nam
1551 2425 116 39 fructus
1636 2425 137 39 justitiae
1741 2425 116 39 seritur
1826 2425 74 39 cum
1857 2425 53 39 pa¬-

1100 2458 62 39 ce
1131 2458 73 39 iis
1172 2458 73 39 qui
1214 2458 83 39 dant
1266 2458 104 39 operam
1339 2458 94 39 paci,
1401 2458 104 39 Jacob.
1474 2458 62 39 3.
1505 2458 73 39 18.
1546 2458 62 39 1.
1578 2458 94 39 Petr.
1640 2458 62 39 3.
1671 2458 62 39 v.
1702 2458 62 39 v.
1733 2458 73 39 10.
1775 2458 73 39 11.
1806 2458 104 39 Castiga¬-

1101 2490 74 40 io
1138 2490 87 40 qua
1187 2490 99 40 Deus
1249 2490 124 40 utitur
1336 2490 74 40 in
1374 2490 112 40 nobis
1448 2490 186 40 corrigendis
1597 2490 87 40 est
1646 2490 161 40 gymnasium
1771 2490 74 40 in
1808 2490 87 40 quo
1845 2490 62 40 nos

1097 2523 91 39 Deus
1153 2523 114 39 erudit
1233 2523 57 39 &
1256 2523 148 39 instituit
1369 2523 68 39 ad
1392 2523 125 39 justitiam

1124 2557 90 41 3e.
1175 2557 103 41 Quia
1240 2557 103 41 crux
1304 2557 128 41 gignit
1394 2557 77 41 in
1432 2557 116 41 nobis
1509 2557 167 41 contemtum
1638 2557 64 41 &
1663 2557 167 41 fastidium
1779 2557 128 41 praesen¬-

1091 2584 67 49 tis
1130 2584 96 49 vitae.
1197 2584 57 49 1.
1225 2584 76 49 Reg.
1273 2584 67 49 19.
1302 2584 38 49 4.

1128 2622 82 40 33.
1175 2622 94 40 Quia
1234 2622 94 40 crux
1292 2622 129 40 admonet
1386 2622 82 40 nos
1433 2622 70 40 de
1468 2622 105 40 vitae
1538 2622 164 40 praesentis
1655 2622 117 40 vanitate

1129 2656 84 43 14.
1177 2656 96 43 Quia
1237 2656 96 43 crux
1297 2656 132 43 invitat
1393 2656 84 43 nos
1441 2656 72 43 ad
1478 2656 108 43 vitae
1550 2656 132 43 futurae
1634 2656 168 43 meditationem

1124 2688 80 44 35.
1169 2688 92 44 Quia
1227 2688 80 44 cum
1273 2688 92 44 ipsa
1330 2688 103 44 cruce
1399 2688 126 44 crescit
1491 2688 69 44 in
1525 2688 103 44 nobis
1594 2688 172 44 consolatio.
1731 2688 69 44 2.
1766 2688 92 44 Cor.
1823 2688 69 44 1.
1846 2688 46 44 5.

1120 2723 95 34 36.
1175 2723 108 34 Quia
1242 2723 95 34 nos
1296 2723 176 34 accepimus
1431 2723 68 34 a
1458 2723 95 34 Deo
1512 2723 149 34 admodum
1620 2723 122 34 multa
1701 2723 108 34 bona
1769 2723 95 34 seu
1809 2723 95 34 bene¬-

1083 2751 107 35 sicia
1154 2751 178 35 spiritualia
1297 2751 59 35 &
1321 2751 178 35 corporalia:
1463 2751 83 35 Nam
1511 2751 119 35 electi
1594 2751 107 35 sumus
1665 2751 71 35 in
1701 2751 131 35 Christo
1796 2751 71 35 ad
1820 2751 83 35 vitam

1095 2790 151 39 aeternam,
1211 2790 128 39 redemti
1304 2790 81 39 per
1350 2790 139 39 Christum
1455 2790 58 39 a
1478 2790 139 39 peccato,
1582 2790 58 39 &
1606 2790 104 39 morte
1675 2790 139 39 aeterna,
1768 2790 139 39 justifica¬-

1091 2820 76 40 ti,
1135 2820 163 40 regenerati,
1265 2820 76 40 &c.
1308 2820 65 40 1.
1341 2820 98 40 Petr.
1406 2820 65 40 1.
1439 2820 65 40 v.
1471 2820 65 40 2.
1504 2820 87 40 Ergo
1558 2820 87 40 mala
1613 2820 98 40 etiam
1678 2820 141 40 patienter
1776 2820 130 40 suscipere.

1091 2854 131 40 debemus,
1189 2854 87 40 Jobi
1244 2854 65 40 2.
1276 2854 65 40 v.
1309 2854 76 40 10.
1353 2854 109 40 Thren.
1429 2854 65 40 3.
1462 2854 76 40 22,
1494 2854 55 40 23.

1121 2886 91 42 37.
1173 2886 104 42 Quia
1238 2886 170 42 accepturi
1369 2886 117 42 sumus
1447 2886 65 42 a
1473 2886 91 42 Deo
1526 2886 131 42 maxima
1617 2886 117 42 bona:
1695 2886 78 42 ut
1721 2886 183 42 resurrectio¬-

1085 2909 88 49 nem
1136 2909 125 49 carnis
1223 2909 75 49 ex
1261 2909 150 49 mortuis,
1374 2909 113 49 vitam
1449 2909 63 49 &
1474 2909 200 49 beatitudinem
1624 2909 138 49 aeternam.

1116 2940 92 54 58.
1168 2940 105 54 Quia
1234 2940 92 54 nos
1286 2940 118 54 longe
1365 2940 131 54 minora
1457 2940 157 54 patimur,
1574 2940 105 54 quam
1640 2940 131 54 meriti
1732 2940 144 54 eramus.
1823 2940 79 54 Psal

1093 2981 97 38 103.
1141 2981 61 38 10.

1132 3004 85 52 39.
1181 3004 97 52 Quia
1241 3004 97 52 crux
1302 3004 110 52 nobis
1375 3004 85 52 tam
1424 3004 170 52 necessaria
1558 3004 97 52 est,
1619 3004 97 52 quam
1680 3004 110 52 panis
1741 3004 158 52 quotidianus

1095 3035 85 55 Nam
1143 3035 73 55 si
1180 3035 109 55 nobis
1252 3035 170 55 necessaria
1386 3035 85 55 non
1434 3035 121 55 esset,
1519 3035 61 55 a
1543 3035 85 55 Deo
1592 3035 109 55 Patre
1665 3035 158 55 neutiquam
1786 3035 109 55 nobis
1846 3035 61 55 im¬-

1088 3078 171 44 poneretur.
1222 3078 97 44 Ipse
1283 3078 122 44 omnium
1368 3078 122 44 optime
1453 3078 122 44 novit,
1539 3078 97 44 quid
1600 3078 110 44 nobis
1673 3078 183 44 necessarium
1819 3078 97 44 sit.

1113 3114 82 33 40.
1160 3114 93 33 Quia
1218 3114 117 33 tantum
1300 3114 105 33 nunc,
1370 3114 70 33 id
1405 3114 93 33 est,
1463 3114 70 33 in
1498 3114 82 33 hac
1544 3114 93 33 vita
1603 3114 163 33 perferenda
1731 3114 93 33 est.
1789 3114 70 33 1.
1812 3114 82 33 Petr.

1105 3147 67 36 v.
1138 3147 67 36 6.
1172 3147 78 36 Qui
1217 3147 89 36 post
1272 3147 89 36 hanc
1328 3147 101 36 vitam
1395 3147 89 36 mala
1451 3147 156 36 patientur,
1574 3147 89 36 illi
1630 3147 89 36 sunt
1686 3147 112 36 miseri
1764 3147 56 36 &
1786 3147 112 36 habent
1853 3147 45 36 de

1093 3181 80 45 quo
1138 3181 138 45 lugeant,
1242 3181 69 45 ut
1276 3181 103 45 dives
1345 3181 103 45 epulo
1414 3181 92 45 Luc.
1471 3181 80 45 16.
1517 3181 69 45 v.
1551 3181 80 45 25.
1597 3181 80 45 Qui
1643 3181 92 45 vero
1701 3181 115 45 tantum
1781 3181 69 45 in
1815 3181 80 45 hac
1850 3181 57 45 vi¬
