2063 3416
214 157 153 70 secundum
329 157 153 70 virtutes
444 157 115 70 tuas:
521 157 153 70 Transeam
636 157 128 70 quaeso
725 157 77 70 ut
763 157 128 70 videam
853 157 128 70 terram
942 157 115 70 istam
1006 157 51 70 A¬-

227 197 146 70 otimam,
333 197 106 70 quae
399 197 93 70 est
452 197 119 70 trans
532 197 172 70 lordanem;
664 197 133 70 montem
757 197 119 70 istum
836 197 146 70 optimum
942 197 66 70 &
956 197 66 70 Li¬-

215 233 128 58 banum:
305 233 115 58 Prout
381 233 192 58 excanduerat
535 233 128 58 Iehoba
625 233 128 58 contra
714 233 77 58 me
752 233 141 58 propter
855 233 102 58 vos,
919 233 90 58 sic
957 233 64 58 non

224 269 176 47 niscultavit
365 269 106 47 mihi,
436 269 82 47 sed
483 269 118 47 edixit
565 269 118 47 Iehova
648 269 106 47 mihi,
718 269 106 47 satis
789 269 94 47 esto
848 269 106 47 tibi,
918 269 71 47 ne
942 269 82 47 ultra

215 293 155 60 deinceps
331 293 181 60 alloquitor
473 293 77 60 me
512 293 77 60 de
551 293 90 60 hac
602 293 90 60 re,
654 293 90 60 &c.
705 293 103 60 Item
770 293 77 60 in
809 293 142 60 exemplo
899 293 116 60 Samueli

229 334 98 53 Sam.
290 334 85 53 15.
339 334 73 53 11
375 334 61 53 &
400 334 98 53 cap.
461 334 85 53 16.
509 334 61 53 ,
534 334 73 53 2.
570 334 73 53 In
607 334 134 53 exemplo
705 334 110 53 Regis
778 334 134 53 Davidis
876 334 73 53 2.
912 334 98 53 Sam.
961 334 61 53 12.

216 365 70 53 v.
251 365 81 53 16,
298 365 81 53 17,
344 365 81 53 18.
390 365 116 53 Elijae
471 365 151 53 Prophetae
587 365 70 53 1.
622 365 93 53 Reg.
680 365 81 53 19.
726 365 70 53 4.
761 365 104 53 Pauli
831 365 139 53 Apostoli
935 365 70 53 2.
958 365 58 53 Co¬-

228 398 115 56 cinth.
309 398 81 56 12.
355 398 69 56 7,
390 398 69 56 8,
424 398 69 56 9.
459 398 81 56 Sic
505 398 115 56 putant
585 398 138 56 interdum
689 398 127 56 fideles
781 398 69 56 se
816 398 115 56 petere
896 398 58 56 a
919 398 81 56 Deo
954 398 69 56 rem¬-

225 429 107 61 ipsis
297 429 179 61 profuturam,
440 429 95 61 quae
499 429 72 61 si
535 429 83 61 eam
583 429 179 61 impetarent.
726 429 107 61 ipsis
797 429 143 61 obfutura
905 429 119 61 esset,
976 429 48 61 ut

220 463 150 54 ostendit
332 463 150 54 exemplum
444 463 125 54 matris
531 463 150 54 filiorum
643 463 162 54 Zebedaei,
768 463 100 54 quae
830 463 112 54 venit
905 463 75 54 ad
930 463 87 54 Iesum

232 512 83 36 cum
280 512 118 36 filiis
362 512 107 36 suis,
433 512 130 36 adorans
528 512 59 36 &
552 512 118 36 petens
635 512 130 36 aliquid
729 512 71 36 ab
765 512 83 36 eo.
812 512 95 36 Ipse
871 512 95 36 vero
931 512 107 36 dixit
990 512 59 36 ci,

225 530 91 55 Quid
281 530 91 55 vis?
338 530 79 55 Ait
384 530 79 55 ei,
429 530 91 55 Dic,
486 530 68 55 ut
520 530 125 55 sedeant
610 530 91 55 isti
667 530 79 55 duo
713 530 91 55 fiti
769 530 91 55 mei,
826 530 91 55 unus
883 530 68 55 ad
906 530 113 55 dexteram

219 565 113 52 tuam,
294 565 63 52 &
319 565 113 52 alter
394 565 75 52 ad
431 565 175 52 sinistram,
569 565 75 52 in
606 565 113 52 regno
681 565 100 52 tuo.
744 565 175 52 Respondens
881 565 113 52 autem
944 565 88 52 Iesus

215 610 113 39 dixit,
294 610 136 39 Nescitis
395 610 90 39 quid
452 610 136 39 petatis,
554 610 113 39 Matth.
633 610 79 39 20.
678 610 68 39 v.
712 610 79 39 26,
757 610 79 39 21,
791 610 45 39 2.

249 620 144 55 Interdum
357 620 132 55 exaudit
452 620 96 55 Deus
512 620 120 55 preces
596 620 144 55 fidelium
704 620 72 55 ex
740 620 120 55 carnis
824 620 168 55 affectibus
943 620 72 55 ali¬-

228 659 99 61 quid
289 659 185 61 turbulentum
437 659 172 61 trahentes,
572 659 62 61 &
597 659 148 61 concedit
708 659 86 61 per
757 659 197 61 indulgentiam
917 659 99 61 quod
966 659 62 61 ta¬-

214 695 91 56 men
266 695 104 56 illi
331 695 91 56 non
383 695 169 56 probatur.
512 695 156 56 Exemplum
629 695 91 56 est
681 695 117 56 Genes
759 695 91 56 19.
811 695 143 56 versic.
914 695 91 56 21.
966 695 91 56 ubi

217 728 101 49 Deus
281 728 76 49 ad
319 728 126 49 preces
407 728 101 49 Loti
470 728 89 49 non
521 728 76 49 in
559 728 126 49 monte,
647 728 89 49 sed
698 728 76 49 in
736 728 152 49 urbecula
850 728 126 49 quadam
938 728 76 49 se
963 728 51 49 al

223 762 99 52 vare
285 762 161 52 cupientis
408 762 74 52 ex
446 762 124 52 quadam
532 762 186 52 infirmitate
681 762 62 52 &
706 762 112 52 inani
780 762 112 52 metu,
855 762 74 52 in
892 762 99 52 hunc
941 762 87 52 modum

228 796 172 51 respondit:
363 796 98 51 Ecce
424 796 135 51 suscepi
522 796 123 51 faciem
608 796 98 51 tuam
669 796 110 51 etiam
743 796 74 51 in
780 796 98 51 hoc,
841 796 74 51 ut
878 796 86 51 non
915 796 110 51 subver¬-

220 830 89 46 tam
271 830 177 46 civitatem,
410 830 76 46 ut
449 830 152 46 loquutus
563 830 89 46 es.
613 830 76 46 Si
651 830 101 46 Deus
715 830 89 46 tam
765 830 139 46 benigne
867 830 127 46 preces
943 830 76 46 fide

223 872 103 37 lium
288 872 91 37 cum
339 872 129 37 magnis
430 872 129 37 naevis
521 872 181 37 conjunctas
663 872 155 37 exaudit:
779 872 116 37 multo
857 872 116 37 magis
922 872 103 37 appro¬-

217 902 110 44 babit
290 902 122 44 preces
376 902 73 44 ex
413 902 147 44 Spiritus
523 902 122 44 Sancti
609 902 184 44 moderatione
756 902 98 44 rite
817 902 171 44 compositas
939 902 86 44 atque

227 940 69 40 ex
261 940 92 40 ejus
318 940 103 40 verbo
376 940 126 40 concepta:

249 958 157 57 Interdum
366 958 104 57 Deus
432 958 144 57 exaudit
536 958 131 57 preces
627 958 117 57 etiam
706 958 183 57 infidelium
849 958 104 57 opem
915 958 104 57 ejus
967 958 65 57 im¬-

229 1004 186 40 plorantium,
377 1004 74 40 ut
414 1004 136 40 Psalmus
514 1004 99 40 106.
576 1004 62 40 &
600 1004 99 40 107.
662 1004 149 40 testatur
774 1004 62 40 &
799 1004 136 40 salutem
885 1004 149 40 corporalem

227 1037 190 41 evasionemque
381 1037 71 41 e,
417 1037 154 41 periculis
536 1037 59 41 &
559 1037 214 41 afflictionibus
737 1037 154 41 largitur:
856 1037 83 41 non
903 1037 95 41 quod
951 1037 71 41 pre¬-

216 1065 81 49 ces
263 1065 127 49 illorum
355 1065 93 49 ipsi
413 1065 151 49 placeant,
529 1065 81 49 sed
575 1065 69 49 ad
610 1065 104 49 hosce
680 1065 116 49 fines:
761 1065 116 49 primo,
842 1065 69 49 ut
876 1065 93 49 suam
923 1065 104 49 miseri¬-

220 1098 125 48 cordiam
311 1098 159 48 amplificet
436 1098 57 48 &
459 1098 125 48 illust:
550 1098 80 48 et,
595 1098 91 48 quod
652 1098 68 48 ne
686 1098 159 48 incredulis
812 1098 114 48 quidem
891 1098 91 48 vota
948 1098 102 48 ipso¬

224 1137 83 39 rum
272 1137 119 39 negat,
355 1137 107 39 verum
426 1137 107 39 sicut
497 1137 154 39 promiscue
615 1137 107 39 solem
686 1137 95 39 suum
746 1137 107 39 oriri
817 1137 107 39 sinit
888 1137 107 39 super
947 1137 83 39 bonos

222 1157 58 58 &
246 1157 104 58 malos
315 1157 58 58 &
338 1157 104 58 pluit
408 1157 104 58 super
477 1157 116 58 iustos
558 1157 58 58 &
581 1157 150 58 iniustos,
697 1157 81 58 ita
743 1157 81 58 nec
789 1157 116 58 fletus
870 1157 58 58 &
893 1157 139 58 clamores
998 1157 81 58 eo.
1032 1157 35 58 D

219 1204 87 41 rum
268 1204 175 41 contemnit,
406 1204 125 41 quorum
493 1204 112 41 iusta
568 1204 87 41 est
618 1204 112 41 causa
693 1204 62 41 &
718 1204 87 41 qui
768 1204 137 41 iniuste
855 1204 175 41 opprimuntur:

226 1232 60 44 &
250 1232 132 44 auxilio
346 1232 120 44 dignae
430 1232 156 44 aerumnae:
550 1232 120 44 deinde
634 1232 72 44 ut
671 1232 120 44 probos
755 1232 96 44 suos
815 1232 144 44 cultores
923 1232 72 44 ad
947 1232 84 44 oran¬-

212 1267 91 38 dum
264 1267 118 38 magis
343 1267 183 38 exstimulet
486 1267 65 38 &
512 1267 78 38 in
552 1267 144 38 fiducia
656 1267 209 38 exauditionis
826 1267 183 38 confirmet:
957 1267 65 38 nam

217 1303 93 43 Deus
276 1303 128 43 exaudit
369 1303 105 43 etiam
439 1303 152 43 infideles
556 1303 70 43 ad
591 1303 105 43 danda
661 1303 105 43 illis
731 1303 163 43 corporalia
859 1303 117 43 aliqua
929 1303 105 43 benefi¬-

220 1336 102 41 cia,
284 1336 114 41 multo
360 1336 114 41 magis
436 1336 127 41 preces
525 1336 165 41 sanctorum
652 1336 114 41 ratas
728 1336 140 41 habebit
830 1336 152 41 secundum
931 1336 102 41 verbum

221 1371 94 40 eius
268 1371 130 40 formatas.

242 1398 76 46 Ad
280 1398 139 46 salutem
381 1398 101 46 vero
444 1398 151 46 aeternam
558 1398 88 46 non
608 1398 139 46 exaudit
709 1398 126 46 preces
798 1398 151 46 impiorum
911 1398 63 46 &
924 1398 101 46 scele¬-

212 1437 148 38 ratorum,
323 1437 86 38 imo
372 1437 86 38 nec
421 1437 74 38 ad
458 1437 136 38 salutis
557 1437 172 38 corporalis
692 1437 222 38 praestationem,
877 1437 123 38 maxime
963 1437 74 38 si
988 1437 49 38 in

215 1464 146 51 peccatis
324 1464 194 51 contumaciter
482 1464 146 51 contemto
591 1464 109 51 verbo
664 1464 85 51 Dei
712 1464 182 51 persistant:
858 1464 73 51 ut
895 1464 97 51 haec
943 1464 85 51 dicta

211 1504 166 39 testantur,
342 1504 119 39 Iohan.
425 1504 71 39 9.
460 1504 107 39 vers.
532 1504 83 39 31.
579 1504 119 39 Scimus
662 1504 107 39 autem
733 1504 95 39 quod
793 1504 95 39 Deus
852 1504 166 39 peccatores
971 1504 59 39 non

211 1542 129 37 audiat:
305 1542 82 37 sed
352 1542 70 37 si
387 1542 94 37 quis
446 1542 82 37 Dei
493 1542 117 37 cultor
575 1542 94 37 est,
634 1542 59 37 &
657 1542 106 37 facit
728 1542 94 37 quod
786 1542 94 37 ille
845 1542 106 37 vult,
916 1542 94 37 ille
963 1542 70 37 hunc

212 1576 121 41 audit.
297 1576 145 41 Proverb.
406 1576 97 41 cap.
466 1576 73 41 1.
503 1576 109 41 vers.
575 1576 85 41 28.
624 1576 97 41 cap.
685 1576 73 41 1.
721 1576 109 41 vers.
794 1576 85 41 15.
842 1576 61 41 &
866 1576 97 41 cap.
927 1576 85 41 65.
963 1576 73 41 ver¬-

209 1604 82 46 sic.
250 1604 51 46 24.

245 1631 103 53 Quin
310 1631 116 53 etiam
387 1631 155 53 daemonum
503 1631 180 53 postulatis
645 1631 155 53 interdum
760 1631 116 53 locum
838 1631 103 53 dat,
902 1631 77 53 ut
928 1631 103 53 videre

210 1669 75 48 est
253 1669 86 48 Iobi
307 1669 86 48 cap.
360 1669 64 48 1.
392 1669 64 48 v.
424 1669 75 48 11,
467 1669 75 48 12.
510 1669 53 48 &
531 1669 86 48 cap.
584 1669 64 48 2.
616 1669 64 48 v.
649 1669 64 48 5,
681 1669 64 48 6.
713 1669 107 48 Matth.
787 1669 64 48 8.
820 1669 75 48 31,
852 1669 53 48 32.

247 1698 127 51 Exaudit
340 1698 116 51 illico
421 1698 58 51 &
444 1698 139 51 approbat
548 1698 139 51 fidelium
652 1698 116 51 preces
733 1698 127 51 iustas,
825 1698 92 51 quae
883 1698 81 51 per
929 1698 104 51 fidem
987 1698 46 51 in

221 1740 128 35 nomine
311 1740 141 35 Christi
413 1740 128 35 fiunt,
503 1740 77 35 eo
541 1740 102 35 ipso
605 1740 141 35 momento
708 1740 90 35 quo
759 1740 128 35 fiunt,
849 1740 90 35 imo
900 1740 154 35 antequam

219 1772 123 43 fiant,
305 1772 62 43 &
330 1772 136 43 quaedam
428 1772 160 43 postulata
552 1772 123 43 illico
638 1772 136 43 implet,
737 1772 160 43 quorundam
848 1772 185 43 praestationem

220 1801 126 43 inchoat
311 1801 57 43 &
334 1801 160 43 successive
460 1801 80 43 per
506 1801 160 43 incrementa
632 1801 149 43 praestat,
746 1801 126 43 quaedam
838 1801 126 43 differt
929 1801 69 43 ad
952 1801 69 43 cer¬-

223 1837 89 36 tum
274 1837 128 36 tempus
364 1837 128 36 nostro
453 1837 115 36 bono.
530 1837 141 36 Daniel.
632 1837 77 36 9.
670 1837 77 36 v.
709 1837 89 36 21,
760 1837 89 36 22,
811 1837 89 36 23.
862 1837 115 36 Adhuc
939 1837 77 36 me
964 1837 64 36 lo¬-

213 1874 121 39 quente
297 1874 72 39 in
334 1874 157 39 oratione;
454 1874 84 39 vir
502 1874 96 39 ille
563 1874 145 39 Gabriel,
671 1874 96 39 quem
732 1874 133 39 videram
828 1874 72 39 in
864 1874 96 39 illa
912 1874 109 39 visione

212 1908 167 41 principio,
343 1908 119 41 jussus
426 1908 143 41 advolare
534 1908 214 41 contentissime,
712 1908 131 41 tetigit
808 1908 71 41 me
843 1908 83 41 sub
891 1908 119 41 tempus
962 1908 60 41 mu¬-

222 1936 110 38 neris
295 1936 184 38 vespertini:
442 1936 74 38 Et
479 1936 159 38 informans
602 1936 74 38 me
639 1936 147 38 loquutus
749 1936 86 38 est
798 1936 123 38 mecum,
884 1936 74 38 ac
921 1936 123 38 dixit,
994 1936 37 38 o

216 1967 136 44 Daniel,
315 1967 99 44 nunc
377 1967 124 44 prodii
464 1967 74 44 ut
501 1967 124 44 imbuam
588 1967 74 44 te
625 1967 223 44 intelligentia:
811 1967 74 44 In
848 1967 161 44 principio
960 1967 62 44 de¬-

214 2005 200 42 precationum
374 2005 133 42 tuarum
467 2005 147 42 prodiit
574 2005 147 42 verbum,
680 2005 80 42 ad
720 2005 107 42 quod
787 2005 187 42 indicandum
920 2005 107 42 venio,

220 2041 100 41 quia
283 2041 250 41 desideratissimus
496 2041 88 41 es.
546 2041 125 41 Actor.
633 2041 88 41 10.
683 2041 113 41 vers.
758 2041 75 41 3,
796 2041 75 41 4.
833 2041 163 41 Cornelius
946 2041 75 41 quum

231 2067 136 48 essidue
330 2067 173 48 precaretur
465 2067 111 48 Deum,
540 2067 111 48 vidit
614 2067 87 48 per
663 2067 148 48 visionem
774 2067 161 48 manifeste
898 2067 111 48 quasi
960 2067 74 48 hora

215 2103 106 43 diei
281 2103 119 43 nona,
361 2103 146 43 Angelum
467 2103 93 43 Dei
520 2103 199 43 introeuntem
679 2103 66 43 &
705 2103 159 43 dicentem
824 2103 119 43 ipsi,
891 2103 133 43 Corneli¬-

217 2135 71 45 At
253 2135 94 45 ille
312 2135 141 45 intentis
418 2135 118 45 oculis
500 2135 71 45 in
536 2135 83 45 eum
583 2135 59 45 &
606 2135 189 45 expavefactus
760 2135 118 45 dixit,
842 2135 94 45 Quid
901 2135 83 45 est
936 2135 83 45 Domi¬-

212 2158 89 53 ne?
263 2158 114 53 Dixit
339 2158 114 53 autem
416 2158 89 53 ei,
467 2158 127 53 Preces
556 2158 102 53 tuae
619 2158 64 53 &
645 2158 191 53 Eleemosynae
797 2158 102 53 tuae
861 2158 203 53 adscenderunt
1013 2158 51 53 in

225 2203 153 44 memoriam
340 2203 76 44 in
378 2203 89 44 Dei
416 2203 153 44 conspectu:

437 2266 280 56 CAPUT
592 2266 187 56 XLI.

337 2324 90 53 In
382 2324 105 53 quo
442 2324 90 53 de
487 2324 210 53 defensione
653 2324 180 53 adversus
773 2324 120 53 hostes

512 2371 197 62 spirituales.

82 2421 213 51 T

287 2424 142 41 EPENSIO
390 2424 155 41 adversus
506 2424 129 41 hostes
597 2424 206 41 spirituales,
764 2424 90 41 est
816 2424 181 41 beneficium
945 2424 77 41 DEI.

219 2464 88 58 dum
270 2464 138 58 electos
370 2464 150 58 adversus
483 2464 188 58 spirituales
633 2464 138 58 hostes,
734 2464 75 58 id
771 2464 100 58 est,
834 2464 138 58 impuros
922 2464 100 58 spiri¬-

294 2500 99 44 tus,
356 2500 173 44 haereticos
492 2500 62 44 &
517 2500 211 44 Antichristum,
690 2500 62 44 &
715 2500 124 44 alios,
801 2500 87 44 ita
851 2500 136 44 tuetur,
950 2500 74 44 ut
975 2500 99 44 electo

222 2533 86 41 tum
271 2533 123 41 saluti
357 2533 123 41 obesse
444 2533 111 41 nullo
518 2533 111 41 modo,
592 2533 148 41 ipsosque
703 2533 86 41 nec
752 2533 136 41 vincere
851 2533 86 41 nec
888 2533 136 41 opprimere

208 2567 100 51 possint

261 2589 84 39 Nam
309 2589 96 39 quia
369 2589 96 39 Deus
429 2589 144 39 immundos
538 2589 156 39 spiritus,
658 2589 84 39 qui
706 2589 156 39 ἀσσογδον,
826 2589 72 39 id
863 2589 96 39 est,
911 2589 120 39 implaca¬-

223 2629 90 40 bile
279 2629 113 40 vellum
358 2629 79 40 cum
403 2629 90 40 ipso
460 2629 56 40 &
482 2629 113 40 filiis
561 2629 113 40 ipsius
640 2629 124 40 gerunt,
731 2629 102 40 prout
798 2629 124 40 libitum
889 2629 79 40 est
934 2629 79 40 huc
968 2629 56 40 il¬-

219 2662 84 44 luc
267 2662 167 44 inflectit,
398 2662 84 44 hoc
446 2662 131 44 regimen
541 2662 84 44 ita
589 2662 155 44 temperat,
709 2662 72 44 ut
744 2662 131 44 fideles
840 2662 143 44 pugnando
935 2662 84 44 exer¬-

223 2704 120 38 ceant,
307 2704 168 38 adoriantur
439 2704 156 38 insidiis,
559 2704 204 38 incursionibus
727 2704 180 38 solicitent,
871 2704 144 38 pugnando
967 2704 48 38 ut

219 2738 122 36 geant,
304 2738 146 36 fatigent
414 2738 110 36 etiam
487 2738 122 36 saepe,
573 2738 183 36 conturbent,
719 2738 195 36 pavefaciant,
878 2738 73 36 ac
902 2738 122 36 interdum

227 2764 184 45 vulnerent,
371 2764 92 45 sed
424 2764 144 45 nunquam
529 2764 158 45 vincant,
647 2764 92 45 nec
700 2764 184 45 opprimant.
831 2764 197 45 Consternantur

230 2796 116 42 quidem
312 2796 105 42 saepe
381 2796 139 42 fideles,
486 2796 81 42 sed
532 2796 81 42 non
579 2796 174 42 exanimantur
718 2796 93 42 quin
776 2796 70 42 se
811 2796 186 42 recolligant:
950 2796 70 42 con¬-

219 2829 120 34 cidunt
303 2829 156 34 violentia
423 2829 132 34 ictuum,
518 2829 84 34 sed
566 2829 120 34 postea
650 2829 168 34 eriguntur:
782 2829 192 34 vulnerantur,
937 2829 84 34 sed
973 2829 60 34 non

227 2862 165 43 lethaliter;
359 2862 121 43 denique
446 2862 77 43 sic
490 2862 132 43 militant
589 2862 88 43 toto
644 2862 99 43 vitae
710 2862 154 43 curriculo,
831 2862 66 43 ut
863 2862 66 43 in
896 2862 88 43 fine
940 2862 88 43 victo¬-

223 2894 94 39 riam
282 2894 164 39 obtineant.

265 2926 84 39 Hoc
313 2926 167 39 beneficium
444 2926 179 39 defensionis
588 2926 143 39 sidelium
695 2926 143 39 adversus
803 2926 179 39 spirituales
934 2926 96 39 hostes

244 2963 140 36 romissum
349 2963 93 36 fuit
407 2963 70 36 in
442 2963 140 36 Paradiso
547 2963 117 36 Genes.
629 2963 70 36 3.
664 2963 70 36 v.
699 2963 82 36 15.
745 2963 82 36 cum
792 2963 140 36 aeternus
897 2963 117 36 Filius
967 2963 58 36 Dei

247 2997 138 34 romisit.
351 2997 104 34 caput
420 2997 150 34 serpentis
536 2997 150 34 contritum
651 2997 81 34 iri
697 2997 58 34 a
720 2997 115 34 semine
801 2997 92 34 illo
859 2997 150 34 benedicto
962 2997 58 34 mu¬-

236 3020 123 39 lieris:
325 3020 89 39 quae
381 3020 156 39 promissio.
504 3020 67 39 si
537 3020 123 39 fructum
626 3020 179 39 contritionis
771 3020 123 39 capitis
861 3020 145 39 serpentis
961 3020 67 39 spe¬-

240 3054 105 48 ctes,
310 3054 70 48 ad
345 3054 105 48 omnes
415 3054 93 48 vere
474 3054 128 48 fideles
567 3054 152 48 pertinet,
684 3054 105 48 sicut
754 3054 117 48 Paulus
836 3054 152 48 Apostolus
941 3054 93 48 docet,

232 3091 84 41 cum
280 3091 84 41 ait
328 3091 96 41 Rom.
387 3091 84 41 15.
435 3091 84 41 20.
483 3091 96 41 Deus
543 3091 108 41 pacis
615 3091 143 41 conteret
722 3091 132 41 Satanam
818 3091 84 41 sub
866 3091 108 41 pedes
925 3091 108 41 vestros

241 3120 105 43 ciro.
311 3120 93 43 Idem
369 3120 163 43 beneficium
497 3120 116 43 iussit
578 3120 139 43 Christus
683 3120 116 43 petere
764 3120 58 43 a
788 3120 81 43 Deo
834 3120 70 43 in
869 3120 139 43 Oratione
962 3120 58 43 Do¬-

240 3153 103 42 mini:
308 3153 69 42 a,
343 3153 80 42 pet
389 3153 103 42 tione
458 3153 126 42 secunda
550 3153 57 42 &
573 3153 115 42 sexta:
653 3153 57 42 &
676 3153 138 42 premisit
780 3153 115 42 Matth.
860 3153 80 42 16.
906 3153 57 42 v
918 3153 57 42 18.

278 3185 152 50 Ezemplum
392 3185 89 50 est
443 3185 76 50 in
481 3185 114 50 sobo,
557 3185 101 50 quem
620 3185 114 50 Satan
696 3185 126 50 quidem
784 3185 190 50 oppugnavit,
936 3185 89 50 sed
974 3185 63 50 non

1061 146 191 63 expugnavit,
1214 146 102 63 quem
1278 146 102 63 uxor
1341 146 165 63 sarcasmis
1468 146 102 63 suis
1532 146 76 63 ad
1570 146 191 63 deficiendum
1723 146 64 63 a
1748 146 89 63 Deo
1786 146 102 63 impel¬-

1062 193 106 41 lere
1128 193 133 41 conata
1221 193 93 41 est
1274 193 93 41 Deo
1328 193 186 41 defendente
1474 193 120 41 Iobum
1554 193 66 41 &
1580 193 133 41 minime
1673 193 186 41 concedente
1820 193 80 41 ut
1846 193 40 41 a

1057 226 133 41 Satana
1150 226 240 41 subverteretur;
1349 226 93 41 aut
1403 226 80 41 ab
1443 226 120 41 uxore
1522 226 200 41 adduceretur
1682 226 80 41 ad
1709 226 186 41 maledicendum

1067 260 103 39 Deo,
1131 260 103 39 lob.
1196 260 77 39 1.
1234 260 64 39 &
1260 260 77 39 2.
1298 260 154 39 Exemplum
1414 260 90 39 est
1465 260 77 39 in
1504 260 116 39 Maria
1581 260 167 39 Magdalena
1709 260 64 39 &
1735 260 116 39 aliis
1799 260 90 39 libe¬-

1067 292 119 38 ratis
1146 292 185 38 mitaculose
1291 292 66 38 a
1318 292 185 38 daemoniis.
1463 292 159 38 Exemplum
1582 292 92 38 est
1635 292 79 38 in
1675 292 159 38 Apostolo
1780 292 106 38 Paulo;

1074 327 101 49 quem
1138 327 139 49 angelus
1239 327 139 49 Satanae
1340 327 152 49 colaphis
1453 327 152 49 cecidit,
1567 327 152 49 Christus
1680 327 114 49 autem
1756 327 126 49 gratia
1832 327 63 49 sua

1066 366 172 37 confirmavit
1203 366 69 37 ac
1237 366 149 37 defendit,
1352 366 69 37 2.
1386 366 92 37 Cor.
1443 366 80 37 12.
1489 366 69 37 v.
1523 366 69 37 7.
1558 366 69 37 8,
1581 366 34 37 o

1101 389 139 43 Exempla
1203 389 139 43 plurima
1304 389 101 43 sunt
1367 389 76 43 in
1405 389 89 43 tot
1456 389 215 43 confessoribus
1633 389 63 43 &
1658 389 177 43 martyribus
1785 389 101 43 quorum

1078 432 181 33 ponstantiam
1223 432 72 33 in
1259 432 145 33 veritate
1367 432 145 33 caelesti
1476 432 157 33 concutere
1597 432 60 33 &
1621 432 157 33 expugnare
1741 432 133 33 conatus
1826 432 60 33 est

1071 463 108 35 Satan
1143 463 84 35 per
1191 463 180 35 haereticos;
1336 463 180 35 seductores,
1480 463 156 35 tyrannos,
1600 463 84 35 per
1648 463 156 35 cruciatus
1769 463 60 35 &
1781 463 108 35 tormen¬-

1062 496 86 37 ta,
1111 496 86 37 per
1160 496 171 37 egestatem,
1294 496 86 37 per
1343 496 171 37 amissionem
1478 496 184 37 facultatum,
1625 496 86 37 per
1674 496 196 37 promissiones
1821 496 61 37 no¬-

1066 533 137 32 norum,
1162 533 164 32 bonorum,
1285 533 164 32 favorum,
1408 533 68 32 &
1436 533 123 32 alios
1518 533 123 32 modos
1600 533 82 32 ut
1641 533 96 32 eos
1696 533 68 32 a
1723 533 96 32 Deo
1764 533 123 32 abduce¬-

1067 563 100 35 ret,
1130 563 88 35 Deo
1180 563 113 35 ipsos
1256 563 188 35 confirmante
1406 563 226 35 conservanteque
1594 563 151 35 adversus
1707 563 138 35 Satanae
1795 563 88 35 insul

1061 597 101 41 tus.
1125 597 76 41 Ac
1162 597 76 41 in
1200 597 126 41 summa,
1289 597 164 41 Ecclesiam
1415 597 88 41 Dei
1466 597 101 41 inde
1529 597 76 41 ab
1567 597 126 41 initio
1655 597 114 41 Satan
1731 597 126 41 variis
1807 597 88 41 modis

1065 628 65 44 &
1091 628 91 44 per
1143 628 129 44 varios
1233 628 142 44 homines
1337 628 142 44 tanquam
1440 628 194 44 instrumenta
1595 628 91 44 sua
1647 628 91 44 non
1699 628 155 44 destitit
1802 628 91 44 oppu¬-

1066 664 127 43 gnare,
1155 664 89 43 Deo
1206 664 114 43 illam
1282 664 127 43 semper
1370 664 190 43 defendente.
1522 664 114 43 Facit
1598 664 89 43 huc
1649 664 139 43 insigne
1750 664 114 43 caput
1813 664 76 43 duo¬-

1070 703 144 35 decimum
1175 703 210 35 Apocalypseos
1345 703 170 35 Iohannis,
1476 703 79 35 in
1516 703 92 35 quo
1568 703 131 35 mulier
1660 703 131 35 amicta
1752 703 118 35 Sole,
1817 703 79 35 sub¬-

1074 730 116 40 cuius
1151 730 141 40 pedibus
1254 730 90 40 est
1306 730 103 40 Luna
1370 730 64 40 &
1396 730 77 40 in
1434 730 116 40 cuius
1511 730 129 40 capite
1601 730 129 40 corona
1691 730 167 40 stellarum
1807 730 90 40 duodo

1077 765 85 34 im,
1125 765 73 34 id
1162 765 97 34 est,
1222 765 145 34 Ecclesia
1331 765 121 34 sancta
1416 765 73 34 ac
1452 765 157 34 Catholica
1573 765 97 34 quae
1634 765 85 34 tum
1682 765 182 34 Ierosolymis
1827 765 61 34 &
1840 765 48 34 in

1068 799 116 39 Iudaea
1150 799 104 39 erat,
1219 799 116 39 amicta
1300 799 128 39 Christo
1393 799 93 39 Sole
1451 799 162 39 justitiae,
1579 799 128 39 terrena
1672 799 70 39 ac
1706 799 151 39 mutabilia
1811 799 81 39 omnia

1064 831 102 42 quae
1128 831 89 42 sub
1179 831 102 42 Luna
1242 831 102 42 sunt
1305 831 203 42 parvipendens
1470 831 63 42 &
1496 831 114 42 regno
1572 831 152 42 caelorum
1686 831 152 42 contenta
1800 831 63 42 a
1813 831 76 42 dra¬-

1077 870 105 39 cone
1143 870 198 39 oppugnatur,
1301 870 92 39 sed
1353 870 66 39 a
1380 870 92 39 DEO
1432 870 211 39 conservatur.
1604 870 132 39 Capite
1696 870 145 39 septimo
1788 870 92 39 Apoca

1086 901 124 37 ypseos
1172 901 136 37 Angelus
1271 901 173 37 adscendens
1408 901 74 37 ab
1445 901 99 37 ortu
1507 901 124 37 Solis,
1594 901 124 37 habens
1680 901 149 37 sigillum
1792 901 87 37 DEI
1829 901 62 37 vi¬-

1075 932 83 37 vi,
1122 932 71 37 id
1158 932 95 37 est,
1217 932 142 37 Christus
1323 932 83 37 DEI
1371 932 130 37 Filius,
1465 932 118 37 habens
1548 932 59 37 &
1572 932 118 37 donans
1655 932 106 37 nobis
1725 932 142 37 Spiritum
1820 932 71 37 San¬-

1079 965 100 36 ctum
1142 965 88 36 quo
1192 965 163 36 obsignati
1318 965 125 36 sumus,
1406 965 151 36 defendit
1519 965 151 36 electos,
1632 965 75 36 ne
1669 965 163 36 laedantur
1795 965 63 36 a
1807 965 88 36 malis

1080 1001 146 34 Angelis.
1189 1001 85 34 Imo
1238 1001 97 34 fere
1299 1001 97 34 tota
1360 1001 183 34 Apocalypsis
1506 1001 110 34 atque
1579 1001 97 34 adeo
1640 1001 122 34 passim
1725 1001 158 34 divinitus
1834 1001 61 34 in¬-

1072 1030 133 39 spirata
1169 1030 158 39 Scriptura
1290 1030 170 39 describens
1423 1030 158 39 certamina
1545 1030 158 39 Ecclesiae
1666 1030 85 39 DEI
1714 1030 85 39 aut
1751 1030 145 39 singulorum

1073 1067 141 44 ndelium
1175 1067 89 44 cum
1227 1067 141 44 Satana,
1329 1067 128 44 mundo,
1418 1067 192 44 haereticis,
1572 1067 204 44 Antichristo,
1738 1067 64 44 &
1750 1067 141 44 quibusvis

1079 1100 227 42 olicitatoribus
1269 1100 76 42 ad
1306 1100 151 42 peccata,
1420 1100 164 42 in¬primis
1546 1100 76 42 ad
1584 1100 189 42 defectionem
1735 1100 63 42 a
1760 1100 101 42 DEo,
1811 1100 88 42 cele¬-

1074 1132 100 45 brat
1136 1132 137 45 tutelam
1236 1132 87 45 qua
1286 1132 100 45 DEUS
1348 1132 162 45 Ecclesiam
1473 1132 62 45 &
1498 1132 137 45 fideles
1598 1132 175 45 oppugnatos
1736 1132 150 45 defendit
1836 1132 62 45 ne¬-

1069 1167 74 36 in
1106 1167 99 36 fide
1168 1167 210 36 subvertantur.
1341 1167 99 36 Quam
1403 1167 161 36 magnifice
1527 1167 186 36 describitur
1675 1167 74 36 in
1712 1167 136 36 Psalmis
1811 1167 62 36 &
1824 1167 74 36 Pro¬-

1088 1199 107 33 hetis
1159 1199 142 33 defensio
1266 1199 95 33 quam
1325 1199 154 33 Ecclesiae
1444 1199 59 33 &
1467 1199 154 33 fidelibus
1586 1199 142 33 singulis
1693 1199 119 33 Iehova
1764 1199 130 33 praestat:

1078 1232 101 35 Psal.
1145 1232 68 35 1.
1179 1232 68 35 v.
1213 1232 68 35 6.
1247 1232 135 35 Agnoscit
1348 1232 113 35 Iehova
1427 1232 90 35 viam
1483 1232 146 35 justorum.
1595 1232 101 35 Psal.
1663 1232 68 35 2.
1697 1232 68 35 v.
1730 1232 68 35 4,
1764 1232 68 35 5.
1787 1232 101 35 Psalmo,

1079 1268 194 41 quadragesimo
1237 1268 109 41 sexto
1309 1268 109 41 toto,
1382 1268 97 41 item
1443 1268 97 41 124.
1504 1268 61 41 &
1528 1268 97 41 125.
1589 1268 61 41 &
1613 1268 121 41 passim
1698 1268 85 41 per
1746 1268 109 41 totos
1807 1268 85 41 Psal¬-

1075 1301 92 42 mos.
1132 1301 81 42 Sic
1178 1301 104 42 Iesa.
1247 1301 69 42 1.
1282 1301 69 42 v.
1316 1301 69 42 9.
1351 1301 92 42 Nisi
1408 1301 115 42 Iehova
1489 1301 161 42 exercituum
1615 1301 138 42 reliquos
1719 1301 138 42 fecisset
1811 1301 81 42 nobi:

1075 1332 194 40 superstites,
1232 1332 145 40 uteunque
1341 1332 133 40 paucos;
1438 1332 73 40 ut
1474 1332 121 40 Sodoma
1559 1332 145 40 essemus,
1668 1332 157 40 Gomorrhae
1777 1332 121 40 similes.

1074 1371 144 41 essemus.
1182 1371 72 41 Et
1218 1371 96 41 cap.
1278 1371 84 41 43.
1327 1371 72 41 v.
1363 1371 72 41 1,
1399 1371 72 41 2.
1435 1371 96 41 Nunc
1495 1371 96 41 vero
1555 1371 84 41 sic
1603 1371 84 41 ait
1651 1371 120 41 Iehova
1736 1371 132 41 creator
1820 1371 72 41 tuus

1076 1401 64 39 o
1102 1401 128 39 Iacob,
1191 1401 64 39 &
1217 1401 154 39 formator
1332 1401 102 39 tuus
1396 1401 64 39 o
1422 1401 141 39 Israel:
1524 1401 77 39 ne
1562 1401 141 39 timeto;
1665 1401 90 39 nam
1716 1401 166 39 vindicavi
1831 1401 64 39 te,

1071 1433 130 41 vocavi
1162 1433 78 41 te
1201 1433 130 41 nomine
1291 1433 104 41 tuo;
1356 1433 104 41 meus
1421 1433 91 41 es.
1473 1433 104 41 Quum
1538 1433 143 41 transis
1642 1433 91 41 per
1693 1433 130 41 aquas,
1784 1433 104 41 tibi
1836 1433 52 41 ad

1080 1466 110 42 sum,
1149 1466 69 42 &
1176 1466 96 42 per
1231 1466 164 42 flumina,
1354 1466 82 42 ne
1396 1466 164 42 inundent
1519 1466 96 42 te;
1574 1466 110 42 quum
1642 1466 151 42 ambulas
1752 1466 96 42 per
1793 1466 96 42 ignem

1069 1503 88 45 non
1120 1503 138 45 ureris,
1220 1503 63 45 &
1245 1503 125 45 flamma
1333 1503 88 45 non
1383 1503 150 45 incendet
1496 1503 88 45 te.
1546 1503 138 45 Zachar.
1646 1503 88 45 12.
1696 1503 75 45 v.
1734 1503 75 45 1.
1772 1503 63 45 &
1784 1503 113 45 sequen¬

1052 1533 90 44 libus

1106 1564 133 44 Videtur
1203 1564 121 44 quidem
1288 1564 121 44 deseri
1372 1564 61 44 &
1397 1564 157 44 oblivioni
1518 1564 109 44 tradi
1590 1564 145 44 interdum
1699 1564 61 44 a
1723 1564 85 44 Deo
1760 1564 133 44 Ecclesia;

1074 1598 145 39 videntur
1183 1598 121 39 deseri
1268 1598 133 39 fideles
1364 1598 61 39 &
1389 1598 157 39 oblivioni
1510 1598 145 39 mandari,
1619 1598 73 39 ut
1655 1598 73 39 ex
1691 1598 145 39 querelis
1788 1598 109 39 sancto¬-

1074 1637 84 38 rum
1122 1637 119 38 patet,
1205 1637 119 38 veluti
1289 1637 119 38 Psalm.
1373 1637 84 38 10.
1420 1637 72 38 v.
1456 1637 72 38 1.
1492 1637 60 38 &
1516 1637 84 38 13.
1564 1637 72 38 2.
1599 1637 119 38 Psalm.
1683 1637 84 38 73.
1731 1637 60 38 &
1755 1637 84 38 74.
1802 1637 60 38 &
1826 1637 84 38 77.
1862 1637 36 38 &

1070 1666 74 48 in
1107 1666 137 48 Threnis
1206 1666 161 48 Ieremiae;
1330 1666 62 48 &
1355 1666 74 48 ex
1392 1666 87 48 tot
1442 1666 149 48 exemplis
1554 1666 186 48 Ecclesiarum
1703 1666 99 48 quae
1752 1666 137 48 dissipan¬-

1079 1703 91 42 tur
1131 1703 65 42 &
1157 1703 155 42 Martyrum
1273 1703 91 42 qui
1325 1703 246 42 interficiuntur:
1532 1703 91 42 sed
1584 1703 168 42 nequaquam
1714 1703 104 42 Deus
1765 1703 130 42 deserit,

1073 1742 174 34 nequaquam
1206 1742 214 34 obliviscitur
1380 1742 174 34 Ecclesiam
1514 1742 107 34 suam
1581 1742 67 34 &
1608 1742 161 34 fideles,
1728 1742 120 34 verum
1795 1742 94 34 etiam

1083 1772 87 36 tum
1132 1772 87 36 cum
1182 1772 186 36 cruciantur,
1330 1772 87 36 cum
1380 1772 223 36 interficiuntur
1566 1772 161 36 Martyres,
1690 1772 149 36 defendit
1801 1772 87 36 eos
1838 1772 50 36 no

1069 1801 63 36 a
1095 1801 125 36 Satana
1182 1801 63 36 &
1207 1801 163 36 ministris
1332 1801 100 36 eius
1395 1801 175 36 superentur
1532 1801 63 36 &
1557 1801 75 36 in
1595 1801 175 36 communione
1732 1801 138 36 Christi
1820 1801 75 36 con¬-

1075 1832 114 41 servat
1154 1832 91 41 eos,
1212 1832 91 41 quod
1269 1832 91 41 inde
1326 1832 137 41 apparet,
1428 1832 91 41 quia
1486 1832 68 41 in
1520 1832 171 41 confessione
1657 1832 148 41 veritatis
1759 1832 126 41 persistum

1063 1872 184 33 constanter
1208 1872 118 33 usque
1287 1872 79 33 ad
1326 1872 158 33 extremam
1445 1872 132 33 guttam
1537 1872 184 33 sanguinis,
1681 1872 118 33 usque
1760 1872 79 33 ad
1787 1872 105 33 extre¬-

1073 1909 87 38 mum
1122 1909 137 38 halitum
1222 1909 112 38 oris.
1296 1909 87 38 Huc
1346 1909 112 38 facit
1420 1909 112 38 locus
1495 1909 112 38 Iesa.
1569 1909 87 38 49.
1619 1909 112 38 vers.
1693 1909 87 38 14,
1743 1909 124 38 15,16.
1818 1909 74 38 Quod

1070 1935 76 40 si
1108 1935 114 40 dicat
1184 1935 126 40 TEjon,
1273 1935 177 40 dereliquit
1412 1935 76 40 me
1450 1935 139 40 Iehova;
1551 1935 63 40 &
1576 1935 139 40 Dominus
1677 1935 139 40 oblitus
1778 1935 88 40 est
1816 1935 76 40 mei:

1077 1972 71 33 An
1113 1972 155 33 oblivisci
1232 1972 119 33 potest
1315 1972 119 33 mulier
1398 1972 119 33 foetus
1482 1972 95 33 sui,
1541 1972 71 33 ut
1577 1972 83 33 non
1624 1972 167 33 misereatur
1755 1972 107 33 filii
1815 1972 83 33 uteri

1107 2064 108 43 Causa
1179 2064 156 43 efficiens
1299 2064 180 43 defensionis
1443 2064 108 43 huius
1515 2064 84 43 est
1563 2064 108 43 amor,
1635 2064 120 43 gratia
1719 2064 60 43 &
1731 2064 168 43 misericordia

1072 2102 84 44 Dei
1120 2102 72 44 in
1156 2102 155 44 Ecclesiam
1275 2102 60 44 &
1299 2102 143 44 singulos
1407 2102 143 44 fideles,
1514 2102 60 44 &
1538 2102 167 44 constantia
1670 2102 96 44 eius
1730 2102 72 44 in
1765 2102 120 44 federe
1837 2102 60 44 cum

1055 2140 33 40 e

1055 2173 33 40 1

1078 2205 91 49 tos,
1135 2205 91 49 quia
1192 2205 137 49 misereor
1295 2205 114 49 eorum,
1375 2205 137 49 eruntque
1478 2205 69 49 ac
1512 2205 69 49 si
1546 2205 80 49 non
1592 2205 160 49 abiecissem
1718 2205 91 49 eos:
1775 2205 91 49 quia
1820 2205 69 49 ego¬-

1067 2233 95 44 sum
1122 2233 136 44 Iehova
1217 2233 109 44 DEUS
1284 2233 163 44 ipsorum,
1407 2233 68 44 &
1434 2233 163 44 exaudiam
1542 2233 68 44 eos

1101 2268 71 41 Si
1137 2268 119 41 causas
1220 2268 178 41 administras
1363 2268 178 41 consideres,
1506 2268 107 41 eatum
1577 2268 143 41 respectu
1684 2268 143 41 defensio
1791 2268 95 41 haec
1839 2268 59 41 vel

1076 2299 179 39 immediata
1214 2299 96 39 est
1269 2299 96 39 vel
1324 2299 165 39 mediata.
1447 2299 96 39 Nam
1502 2299 165 39 interdum
1626 2299 110 39 Deus
1695 2299 137 39 absque
1777 2299 110 39 mediis

1077 2366 70 43 ab
1112 2366 105 43 aliis
1182 2366 152 43 hominibus
1299 2366 128 43 deserti
1393 2366 93 43 sint
1451 2366 82 43 aut
1498 2366 164 43 confirmari
1626 2366 82 43 non
1673 2366 128 43 possint
1767 2366 70 43 ob
1790 2366 105 43 violen¬-

1069 2404 102 39 tiam
1133 2404 64 39 &
1158 2404 191 39 impedimenta
1311 2404 76 39 ab
1349 2404 153 39 hostibus
1464 2404 89 39 Dei
1515 2404 153 39 objecta:
1630 2404 153 39 interdum
1744 2404 76 39 ad
1782 2404 89 39 eam
1821 2404 76 39 tem¬-

1075 2435 113 43 utitur
1154 2435 170 43 administris
1290 2435 79 43 vel
1335 2435 125 43 sanctis
1426 2435 125 43 Angelis
1516 2435 68 43 ut
1550 2435 91 43 Act.
1607 2435 68 43 5.
1641 2435 68 43 v.
1675 2435 79 43 19,
1720 2435 79 43 20.
1765 2435 79 43 vel
1799 2435 102 43 homini¬-

1077 2471 82 38 bus
1124 2471 93 38 piis
1182 2471 82 38 qui
1229 2471 140 38 docendo,
1334 2471 175 38 consulendo,
1474 2471 152 38 hortando,
1591 2471 175 38 consolando,
1731 2471 140 38 aliisque
1825 2471 58 38 mo¬-

1072 2503 83 52 dis
1120 2503 155 52 suppetias
1239 2503 131 52 ferendo
1334 2503 131 52 fideles
1429 2503 178 52 confirmant,
1572 2503 71 52 ut
1607 2503 143 52 Apostoli
1715 2503 143 52 fecerunt
1810 2503 83 52 coram

1056 2541 36 41 &

1097 2569 90 38 Imo
1149 2569 155 38 interdum
1265 2569 103 38 Deus
1330 2569 129 38 utitur
1420 2569 116 38 opera
1498 2569 116 38 etiam
1575 2569 181 38 infidelium
1717 2569 65 38 &
1743 2569 142 38 hostium
1833 2569 65 38 ad¬

1057 2604 36 40 d

1063 2632 158 46 sequentibus.

1094 2675 179 32 Instrumenta
1237 2675 108 32 atque
1309 2675 96 32 arma
1369 2675 120 32 quibus
1453 2675 96 32 Deus
1512 2675 108 32 tutos
1584 2675 143 32 praestat
1692 2675 131 32 fideles
1787 2675 96 32 suos
1835 2675 48 32 no

1077 2700 167 40 vincantur,
1208 2700 107 40 sunt;
1280 2700 107 40 fides
1351 2700 107 40 verbo
1423 2700 83 40 Dei
1471 2700 155 40 adhibita,
1590 2700 131 40 fiducia
1685 2700 72 40 in
1721 2700 143 40 Christo,
1816 2700 72 40 spes

1075 2770 173 33 integritas;
1214 2770 81 33 pia
1260 2770 69 33 ac
1295 2770 115 33 sancta
1376 2770 104 33 vita,
1445 2770 150 33 Evangelii
1560 2770 150 33 cognitio,
1676 2770 92 33 quae
1733 2770 92 33 sunt
1780 2770 115 33 armatura

1061 2805 33 40 E

1073 2835 22 40 le

1101 2871 54 36 3.
1128 2871 54 36 4,
1146 2871 36 36 5.

1103 2883 110 56 Finis
1176 2883 122 56 summus
1261 2883 183 56 defensionis
1408 2883 110 56 huius
1481 2883 85 56 est
1529 2883 122 56 gloria
1615 2883 98 56 Dei:
1676 2883 195 56 subordinatus
1822 2883 73 56 vero

1030 2941 69 37 &

1106 2963 151 48 Defensio
1219 2963 113 48 eadem
1295 2963 126 48 semper
1383 2963 126 48 parata
1471 2963 88 48 est
1521 2963 63 48 &
1546 2963 100 48 erit
1609 2963 163 48 fidelibus
1734 2963 88 48 non
1772 2963 88 48 solum

1203 3002 109 47 usque
1276 3002 73 47 ad
1312 3002 109 47 finem
1385 3002 109 47 vitae
1457 3002 218 47 uniuscuiusque,
1639 3002 85 47 sed
1675 3002 85 47 etiam

1338 3030 113 51 usque
1414 3030 75 51 ad
1451 3030 113 51 finem
1514 3030 100 51 mundi.
