2063 3491
1053 180 63 54 a
1079 180 88 54 lud
1129 180 75 54 ex
1166 180 113 54 parte
1242 180 88 54 Dei
1292 180 88 54 tum
1342 180 213 54 significentur
1518 180 100 54 bona
1581 180 163 54 hominibus
1706 180 163 54 promissa,
1832 180 63 54 &
1844 180 63 54 ob¬-

250 225 142 60 gnificat;
360 225 66 60 id
393 225 88 60 est,
447 225 88 60 quod
502 225 110 60 natura
579 225 121 60 praeter
666 225 66 60 se
699 225 99 60 aliud
765 225 66 60 ex
798 225 66 60 se
831 225 132 60 cognosci
929 225 110 60 facit,
995 225 55 60 non

254 257 65 54 ex
287 257 151 54 arbitraria
405 257 183 54 institutione.
556 257 97 54 Hujus
620 257 118 54 generis
706 257 75 54 est
749 257 97 54 Iris,
814 257 75 54 vel
857 257 108 54 imbres
932 257 75 54 vel
965 257 75 54 sere¬-

262 291 126 55 nitatem
353 291 183 55 significans,
502 291 69 55 si
536 291 126 55 Physice
628 291 195 55 consideretur.
789 291 80 55 Sic
834 291 115 55 Aurora
915 291 115 55 signum
983 291 69 55 est,

246 326 142 53 naturale
353 326 118 53 vicini
435 326 118 53 Solis.
518 326 106 53 Fumus
589 326 83 53 est
636 326 118 53 signum
719 326 142 53 naturale
813 326 83 53 ignis

292 354 114 52 Signum
372 354 103 52 datum
440 354 171 52 diuvinitus,
577 354 80 52 est
623 354 126 52 signum,
715 354 91 52 quod
772 354 80 52 non
817 354 126 52 natura,
909 354 80 52 sed
943 354 103 52 gratia,

253 397 156 45 instituto,
375 397 145 45 voluntate
487 397 56 45 &
509 397 167 45 ordinatione
643 397 78 45 Dei
687 397 67 45 id
721 397 167 45 significat,
854 397 100 45 cujus
921 397 78 45 est
955 397 100 45 signum:

249 427 71 47 ut
285 427 95 47 Iris
344 427 71 47 ex
380 427 83 47 Dei
428 427 155 47 instituto
546 427 83 47 est
594 427 131 47 signum;
689 427 119 47 mundum
772 427 83 47 non
820 427 131 47 amplius
903 427 143 47 periturum.

249 471 95 40 diluvio.

284 485 126 55 Signum
373 485 114 55 datum
449 485 89 55 vel
499 485 190 55 Sacramentum
651 485 101 55 est,
714 485 89 55 vel
765 485 177 55 miraculum,
904 485 89 55 vel
942 485 101 55 signum

240 540 147 40 temporum.

444 593 296 57 CAPUT
609 593 230 57 XLIX.

399 652 92 78 In
445 652 107 78 quo
506 652 92 78 de
552 652 230 78 Sacramentis
736 652 92 78 in
766 652 138 78 genere¬-

245 718 262 53 TESAGRAMENTIS
460 718 231 53 tractaturi,
645 718 154 53 initio
753 718 92 53 de
799 718 123 53 voce
876 718 108 53 seu
922 718 123 53 nomine

259 756 193 70 PSacramenti
414 756 116 70 eique
491 756 271 70 aequipollentibus,
723 756 129 70 deinde
813 756 77 70 de
852 756 77 70 re
890 756 103 70 ipsa
942 756 103 70 agemus

365 795 107 45 Vocem
436 795 167 45 Sacramenti
567 795 107 45 ajunt
639 795 119 45 quidam
722 795 83 45 non
769 795 143 45 reperiri
877 795 71 45 in
912 795 119 45 Sacris
984 795 59 45 li¬-

253 830 115 45 teris:
334 830 92 45 quod
392 830 81 45 cur
438 830 127 45 dicant,
531 830 104 45 mitum
600 830 92 45 est;
658 830 92 45 quum
715 830 139 45 ignorare
819 830 81 45 non
865 830 127 45 possint
958 830 81 45 aut
992 830 58 45 de¬-

256 869 111 41 beant,
334 869 111 41 sacras
412 869 122 41 literas
501 869 78 41 non
545 869 89 41 esse
601 869 111 41 Latine
679 869 56 41 a
701 869 145 41 Prophetis
812 869 56 41 &
834 869 145 41 Apostolis
935 869 122 41 scriptas,

260 896 91 47 sed
312 896 156 47 Hebraice
429 896 65 47 &
455 896 143 47 Graece:
560 896 196 47 Sacramentum
716 896 117 47 autem
794 896 91 47 vox
846 896 130 47 Latina
938 896 104 47 est.
990 896 65 47 Ex¬-

252 940 110 38 stant
325 940 98 38 vero
386 940 159 38 Hebraicae
508 940 110 38 voces
582 940 73 38 in
618 940 134 38 Veteri,
716 940 61 38 &
741 940 134 38 Graecae
838 940 73 38 in
875 940 98 38 Novo
924 940 122 38 Testamen

259 966 87 45 to,
308 966 99 45 quae
370 966 124 45 Latina
457 966 99 45 voce
520 966 174 45 Sacramenti
656 966 174 45 redduntur.
793 966 149 45 Hebraica
905 966 87 45 vox
955 966 87 45 est
992 966 62 45 TIN

259 998 113 46 Genes.
338 998 79 46 17.
383 998 124 46 versic.
473 998 79 46 11.
518 998 124 46 Graecae
608 998 101 46 autem
675 998 124 46 σnμειον
765 998 90 46 item
822 998 135 46 σφραγις.
923 998 90 46 Rom.
979 998 68 46 4.
1002 998 45 46 v.

254 1031 73 51 I1.
295 1031 146 51 αυλιτυπον,
410 1031 63 51 1.
442 1031 94 51 Petr.
504 1031 63 51 3.
536 1031 63 51 v.
567 1031 73 51 21.
609 1031 125 51 ίδειγμα,
703 1031 94 51 Hebr.
766 1031 63 51 8.
797 1031 63 51 v.
828 1031 63 51 5.
860 1031 52 51 &
881 1031 63 51 9.
912 1031 63 51 v.
943 1031 73 51 23.
975 1031 73 51 Nomi¬-

257 1067 99 46 natur
323 1067 99 46 etiam
389 1067 154 46 mysterium,
511 1067 77 46 non
555 1067 88 46 quod
610 1067 77 46 sit
654 1067 132 46 mitaculi
753 1067 132 46 alicujus
852 1067 143 46 effectio,
963 1067 77 46 sed
996 1067 55 46 si¬-

259 1098 95 54 gnum
319 1098 107 54 aliud
390 1098 167 54 exsistens,
521 1098 107 54 aliud
593 1098 95 54 vero
653 1098 191 54 significans:
808 1098 95 54 unde
867 1098 107 54 etiam
927 1098 131 54 συμζολον,

264 1141 146 49 appellatur

291 1157 110 53 Porro
364 1157 86 53 vox
413 1157 86 53 seu
462 1157 110 53 nomen
535 1157 171 53 Sacramenti
670 1157 122 53 varias
755 1157 110 53 habet
829 1157 245 53 significationes,
1024 1157 37 53 &

249 1201 83 51 tum
297 1201 71 51 de
332 1201 107 51 rebus
403 1201 166 51 prophanis,
534 1201 83 51 tum
581 1201 71 51 de
617 1201 119 51 sacris
688 1201 130 51 usurpatur

291 1233 113 45 Primo
367 1233 100 45 enim
430 1233 188 45 sacramentum
580 1233 138 45 pecunia
681 1233 163 45 dicebatur
806 1233 63 45 a
831 1233 126 45 duobus
919 1233 113 45 coram
982 1233 63 45 ju¬-

252 1265 92 48 dice
310 1265 208 48 contendentibus
484 1265 92 48 apud
541 1265 162 48 Pontificem
669 1265 69 48 in
703 1265 104 48 sacro
773 1265 150 48 deposita,
888 1265 69 48 ea
923 1265 150 48 conditio¬

247 1301 68 42 ne
281 1301 68 42 ut
314 1301 79 42 qui
359 1301 135 42 vicisset
461 1301 90 42 suam
517 1301 146 42 auferret,
629 1301 113 42 victus
708 1301 90 42 vero
764 1301 79 42 sua
809 1301 158 42 multaretur
933 1301 68 42 in
956 1301 101 42 poenam.

248 1335 136 51 injustae
350 1335 193 51 litigationis;
509 1335 102 51 eaque
577 1335 125 51 aeratio
668 1335 170 51 sacraretur:
805 1335 102 51 Varro
873 1335 102 51 libro
941 1335 125 51 quarto,
1021 1335 45 51 de

252 1372 117 48 lingua
323 1372 105 48 Latina;

279 1389 147 55 Secundo,
389 1389 183 55 Sacramentum
535 1389 134 55 dicitur
633 1389 196 55 jusiurandum,
792 1389 86 55 quo
841 1389 98 55 quis
890 1389 171 55 interpositis

238 1434 126 43 sacris
327 1434 176 43 obligatur:
465 1434 101 43 unde
528 1434 151 43 militate
642 1434 176 43 juramentum
780 1434 176 43 nuncupatur
906 1434 139 43 sacramen¬-

246 1475 93 35 tum,
305 1475 58 35 &
328 1475 128 35 milites
421 1475 140 35 militiae
526 1475 128 35 sacrati
620 1475 152 35 dicuntur.
736 1475 82 35 Nec
783 1475 93 35 olim
841 1475 128 35 pugnare
935 1475 82 35 fas
981 1475 105 35 erat,

238 1508 91 35 nisi
295 1508 159 35 sacramento
420 1508 137 35 adactis:
522 1508 80 35 nec
568 1508 125 35 licebat
659 1508 182 35 exautoratis,
807 1508 68 35 id
841 1508 91 35 est,
898 1508 80 35 qui
932 1508 125 35 Sacramen¬-

247 1532 73 43 to
283 1532 145 43 militati
392 1532 121 43 soluti
477 1532 121 43 erant,
562 1532 73 43 in
598 1532 109 43 aciem
671 1532 182 43 descendere:
816 1532 121 43 Tantum
900 1532 169 43 religionis
1021 1532 61 43 ad¬-

243 1574 145 36 hibebant
351 1574 133 36 Ethnici
448 1574 72 36 in
484 1574 72 36 re
520 1574 157 36 prophana.
641 1574 109 36 Forma
713 1574 193 36 jurisjurandi
870 1574 96 36 quae
918 1574 133 36 militibus

252 1606 175 42 dictabatur,
392 1606 117 42 exstat
474 1606 93 42 apud
532 1606 140 42 Vegetium
637 1606 105 42 libro
708 1606 128 42 secundo
801 1606 70 42 de
836 1606 70 42 re
871 1606 152 42 militati.
976 1606 70 42 Hie¬-

244 1633 147 47 ronymus
350 1633 200 47 jusjurandum
511 1633 107 47 quod
577 1633 200 47 Hippocrates
738 1633 174 47 Medicorum
871 1633 160 47 princeps
978 1633 80 47 dis¬-

247 1667 131 40 cipulis
343 1667 96 40 suis
402 1667 155 40 exigebat,
522 1667 179 40 sacramentum
665 1667 107 40 etiam
737 1667 119 40 vocat,
820 1667 107 40 primo
892 1667 107 40 tomo,
951 1667 96 40 episto

255 1701 75 47 sa
293 1701 75 47 ad
331 1701 175 47 Nepotianum
468 1701 75 47 de
506 1701 100 47 vita
568 1701 175 47 clericorum
706 1701 63 47 &
718 1701 163 47 sacerdotum.

281 1730 124 47 Tertio,
371 1730 169 47 sacramentum
506 1730 124 47 dicitur
597 1730 90 47 ipse
653 1730 113 47 miles,
732 1730 79 47 qui
777 1730 169 47 jutejurando
913 1730 79 47 est
946 1730 102 47 militis

244 1770 152 38 sacratus,
361 1770 152 38 Juvenalis
478 1770 117 38 Satyra
559 1770 82 38 15.
606 1770 128 38 Praemia
699 1770 93 38 nunc
758 1770 93 38 alia
816 1770 105 38 atque
886 1770 163 38 emolumenta
1003 1770 58 38 no¬-

246 1798 113 47 temus
322 1798 226 47 Sacramentorum,
510 1798 75 47 id
547 1798 100 47 est,
610 1798 138 47 militum
710 1798 176 47 sacramento
848 1798 163 47 rogatorum
974 1798 63 47 &
986 1798 63 47 ad¬-

252 1842 166 40 strictorum
382 1842 154 40 juramento
501 1842 142 40 militati

282 1861 136 53 Quarto,
380 1861 173 53 significat
516 1861 111 53 votum
590 1861 173 53 Baptismale
725 1861 86 53 seu
775 1861 197 53 obligationem
935 1861 99 53 quam
984 1861 74 53 quis

252 1894 70 53 se
287 1894 70 53 in
323 1894 141 53 baptismi
428 1894 176 53 susceptione
569 1894 82 53 Deo
615 1894 176 53 obstrinxit.
756 1894 82 53 Ita
803 1894 164 53 Hieronymus
932 1894 94 53 tomo
979 1894 70 53 pri¬-

248 1941 81 38 mo,
295 1941 150 38 epistolam
410 1941 116 38 prima,
491 1941 92 38 quae
549 1941 185 38 exhortatoria
699 1941 81 38 est
745 1941 69 38 ad
780 1941 162 38 Heliodorum
907 1941 69 38 de
941 1941 104 38 laude
999 1941 58 38 vi¬-

251 1981 77 33 tae
295 1981 164 33 solitatiae,
426 1981 142 33 Recordare
536 1981 131 33 (inquit)
634 1981 142 33 tyrocinij
744 1981 77 33 tui
787 1981 99 33 diem,
853 1981 77 33 quo
897 1981 120 33 Christo
984 1981 66 33 in
1006 1981 55 33 ba¬-

250 2004 136 46 ptismate
352 2004 181 46 consepultus,
499 2004 68 46 in
533 2004 158 46 sacramenti
657 2004 102 46 verba
714 2004 113 46 jurasti.

285 2029 123 52 Quinto,
374 2029 146 52 accipitur
487 2029 78 52 pro
531 2029 112 52 quavis
610 2029 67 52 re
644 2029 112 52 arcana
722 2029 56 52 &
744 2029 168 52 naturaliter
879 2029 112 52 ignota
946 2029 90 52 ratio¬-

243 2072 73 36 ni
279 2072 145 36 humanae,
388 2072 158 36 divinitus
510 2072 109 36 autem
582 2072 73 36 in
619 2072 145 36 Ecclesia
728 2072 170 36 patefacta:
861 2072 85 36 Ita
898 2072 145 36 incarnatio

245 2103 144 39 Sermonis
353 2103 120 39 illius
437 2103 132 39 aeterni
533 2103 132 39 dicitur
629 2103 60 39 a
653 2103 144 39 Patribus
761 2103 180 39 sacramentum
893 2103 156 39 incarnatio¬-

255 2138 94 42 nis.
314 2138 82 42 Sic
361 2138 71 42 in
396 2138 129 42 vulgata
490 2138 141 42 versione
596 2138 118 42 Latina
679 2138 153 42 Bibliorum
796 2138 153 42 usurpatur
914 2138 82 42 vox
949 2138 94 42 Sacra¬-

249 2172 92 52 menti
310 2172 82 52 Dan.
361 2172 61 52 2.
392 2172 71 52 18,
433 2172 71 52 30,
473 2172 71 52 47.
514 2172 61 52 Et
545 2172 82 52 cap.
596 2172 61 52 4.
626 2172 61 52 6.
657 2172 102 52 Ephes.
729 2172 61 52 1.
759 2172 61 52 9.
790 2172 61 52 Et
820 2172 82 52 cap.
871 2172 61 52 3.
902 2172 61 52 5.
933 2172 112 52 Coloss.
1004 2172 41 52 1.

254 2204 73 44 27.
295 2204 62 44 1.
326 2204 83 44 Tim.
378 2204 62 44 3.
409 2204 62 44 v.
430 2204 52 44 16.

276 2237 121 45 Sexto,
360 2237 157 45 usurpatur
481 2237 85 45 pro
530 2237 72 45 re
566 2237 121 45 quavis
650 2237 133 45 habente
747 2237 121 45 sacram
832 2237 60 45 &
856 2237 145 45 occultam
952 2237 85 45 signi

245 2269 171 40 ficationem,
381 2269 114 40 veluti
461 2269 68 40 in
496 2269 125 40 vulgata
587 2269 137 40 versione
689 2269 114 40 Latina
769 2269 114 40 Ephes.
849 2269 68 40 5.
883 2269 80 40 23.
929 2269 125 40 Apocal.
1009 2269 34 40 1

248 2309 88 39 30.
299 2309 76 39 Et
337 2309 88 39 17.
387 2309 76 39 7.
425 2309 88 39 Sic
475 2309 176 39 Hieronymus
613 2309 113 39 primo
689 2309 101 39 tomo
752 2309 164 39 epistolam
878 2309 76 39 ad
903 2309 151 39 Nepotianum

253 2338 75 38 de
290 2338 100 38 vita
352 2338 174 38 clericorum
489 2338 62 38 &
514 2338 174 38 sacerdotum
651 2338 100 38 ait:
713 2338 162 38 Divinorum
837 2338 162 38 voluminum
949 2338 100 38 sacra:

243 2372 110 49 menta
316 2372 159 49 cognosce:
438 2372 110 49 David
512 2372 110 49 annos
585 2372 110 49 natus
658 2372 195 49 septuaginta,
817 2372 171 49 bellicosus
939 2372 110 49 quondam

245 2410 86 35 vir,
299 2410 139 35 senectute
406 2410 160 35 frigescente
534 2410 75 35 non
577 2410 118 35 poterat
663 2410 150 35 calefieri,
770 2410 53 35 &c.

278 2432 145 43 Septimo,
386 2432 157 43 usurpatur
507 2432 96 43 lata
567 2432 217 43 significatione
748 2432 84 43 pro
796 2432 96 43 toto
856 2432 120 43 quodam
929 2432 120 43 aggrega¬-

252 2468 105 39 tivo
317 2468 209 39 complectente
487 2468 131 39 signum
579 2468 65 39 &
605 2468 91 39 rem
657 2468 170 39 signatam,
788 2468 65 39 &
814 2468 157 39 actionem
918 2468 144 39 externam.

247 2507 211 38 internamque,
418 2507 92 38 cum
471 2507 119 38 verbo
550 2507 92 38 quo
603 2507 105 38 Deus
669 2507 132 38 signum
761 2507 145 38 propter
866 2507 92 38 rem
906 2507 145 38 signatam.

240 2539 191 39 commendavit.

280 2556 124 50 Octavo,
370 2556 146 50 Usurpatur
482 2556 124 50 stricte
573 2556 79 50 pro
618 2556 101 50 signo
685 2556 135 50 visibili
787 2556 135 50 externo,
888 2556 56 50 a
911 2556 79 50 Deo
944 2556 113 50 institus

253 2601 68 43 to
287 2601 68 43 ut
320 2601 56 43 &
343 2601 147 43 beneficia
456 2601 113 43 illius
535 2601 102 43 nobis
603 2601 135 43 obsignet
704 2601 56 43 &
727 2601 79 43 nos
772 2601 90 43 illi
828 2601 68 43 ad
862 2601 147 43 obsequium
975 2601 102 43 obli¬

231 2643 68 44 ge¬-

281 2640 165 66 Postremis
408 2640 89 66 his
459 2640 127 66 duabus
548 2640 266 66 significationibus
776 2640 165 66 adhibetur
903 2640 127 66 omnium
979 2640 76 66 fre¬-

267 2700 175 49 quentissime
407 2700 70 49 in
442 2700 82 49 hac
489 2700 140 49 doctrina
594 2700 70 49 de
628 2700 175 49 Sacramentis
768 2700 151 49 Ecclesiae
873 2700 70 49 Dei,

285 2732 171 49 Sacramentum
421 2732 91 49 lata
478 2732 205 49 significatione
649 2732 148 49 acceptum,
764 2732 80 49 est
809 2732 103 49 actio
878 2732 103 49 sacra
946 2732 80 49 qua
980 2732 80 49 Deus.

253 2765 66 41 in
286 2765 133 41 Ecclesia
386 2765 77 41 sua
430 2765 77 41 per
474 2765 144 41 ministros
585 2765 100 41 verbi
651 2765 77 41 dat
696 2765 100 41 nobis
762 2765 144 41 fidelibus
873 2765 144 41 visibilia
972 2765 89 41 signa,

262 2801 69 42 ut
297 2801 104 42 nobis
367 2801 81 42 sic
413 2801 139 42 testetur
517 2801 58 42 &
540 2801 162 42 confirmet,
668 2801 69 42 se
702 2801 81 42 non
749 2801 104 42 minus
818 2801 104 42 certo
887 2801 104 42 nobis
945 2801 116 42 offerre,

267 2836 92 35 dare
325 2836 58 35 &
348 2836 150 35 concedere
464 2836 81 35 res
510 2836 139 35 signatas
614 2836 81 35 seu
660 2836 150 35 beneficia
775 2836 92 35 sua;
833 2836 127 35 fideles
925 2836 104 35 autem
983 2836 81 35 signa

269 2873 173 42 accipientes,
410 2873 97 42 simul
475 2873 87 42 vera
529 2873 87 42 fide
583 2873 76 42 res
626 2873 141 42 coelestes
735 2873 130 42 accipere
832 2873 108 42 iisque
908 2873 97 42 frui:
973 2873 65 42 eo
994 2873 76 42 fine¬-

267 2900 72 38 ur
303 2900 108 38 fedus
375 2900 60 38 a
399 2900 84 38 Deo
447 2900 84 38 cum
496 2900 156 38 hominibus
616 2900 120 38 initum
700 2900 180 38 obsignetur,
844 2900 60 38 &
869 2900 132 38 fideles
965 2900 72 38 in
989 2900 72 38 fide

263 2937 64 34 &
289 2937 153 34 obsequio
403 2937 89 34 Dei
441 2937 191 34 confirmentur?

293 2950 177 53 Sacramenta
432 2950 164 53 nequaquam
559 2950 101 53 sunt
622 2950 139 53 novorum
723 2950 190 53 articulorum
875 2950 126 53 fidei,
963 2950 88 53 aut
1001 2950 63 53 no¬-

261 2996 108 40 varum
333 2996 192 40 promissionum
488 2996 156 40 traditio:
608 2996 84 40 sed
656 2996 96 40 sunt
716 2996 108 40 signa
788 2996 120 40 addita
871 2996 180 40 promissioni
1003 2996 60 40 fe¬-

260 3030 115 53 deris
337 3030 77 53 ad
375 3030 89 53 eam
426 3030 230 53 significandam,
617 3030 204 53 confirmandam
783 3030 64 53 &
809 3030 191 53 applicandam
949 3030 115 53 creden¬

254 3059 81 39 tibus,

306 3094 100 48 Quod
369 3094 88 48 per
419 3094 125 48 verbum
507 3094 88 48 Dei
557 3094 188 48 annunciatur
708 3094 63 48 &
733 3094 201 48 promittitur,
896 3094 88 48 hoc
946 3094 100 48 idem
996 3094 63 48 per

262 3117 175 53 Sacramenta
400 3117 200 53 significatur
563 3117 63 53 &
588 3117 188 53 obsignatur:
738 3117 100 53 Ideo
800 3117 188 53 Sacramentum
938 3117 125 53 dicitur?

273 3151 118 50 verbum
344 3151 130 50 visibile.

305 3181 173 49 Sacramentum
444 3181 127 49 stricte
536 3181 150 49 acceptum,
651 3181 81 49 est
698 3181 115 49 signum
778 3181 138 49 externum
882 3181 150 49 visibile,
986 3181 69 49 quod

269 3213 101 69 solus
336 3213 90 69 Deus
392 3213 79 69 suo
437 3213 112 69 federi
516 3213 79 69 cum
561 3213 146 69 hominibus
674 3213 101 69 inito
741 3213 146 69 adjunxit,
853 3213 67 69 eo
887 3213 90 69 fine
943 3213 67 69 ut
977 3213 79 69 per
1011 3213 56 69 il¬

284 177 120 62 Signum
368 177 156 62 naturale,
488 177 84 62 est
536 177 132 62 signum,
632 177 96 62 quod
693 177 132 62 idipsum
789 177 120 62 natura
873 177 120 62 habet,
957 177 96 62 quod
1017 177 84 62 si¬

1088 226 165 48 signetur
1212 226 178 48 promissio
1349 226 151 48 bonorum
1459 226 206 48 promissorum
1623 226 96 48 tum
1678 226 192 48 obligentur
1829 226 69 48 &
1842 226 69 48 ad¬-

1092 259 162 42 moneantur
1216 259 137 42 homines
1315 259 75 42 ut
1353 259 211 42 studiosissime
1527 259 174 42 adhaereant
1664 259 100 42 Deo,
1726 259 112 42 seque
1801 259 75 42 in
1825 259 75 42 fide

1089 294 62 36 &
1113 294 149 36 obsequio
1225 294 124 36 illius
1313 294 187 36 contineant:
1462 294 75 36 ex
1499 294 112 36 parte
1574 294 100 36 vero
1636 294 87 36 sua
1686 294 137 36 homines
1773 294 137 36 Sacramen¬-

1098 333 74 43 to
1135 333 147 43 utentes,
1245 333 147 43 pietatem
1355 333 98 43 suam
1417 333 98 43 erga
1478 333 98 43 Deum
1539 333 221 43 testificentur,
1723 333 110 43 seque
1797 333 74 43 ad
1821 333 86 43 obse¬-

1089 364 105 42 quium
1159 364 116 42 illius
1240 364 163 42 solenniter
1368 364 174 42 obstringant

1122 390 78 43 Si
1161 390 91 43 vox
1213 390 182 43 Sacramenti
1355 390 104 43 late
1420 390 194 43 accipiatur,
1576 390 104 43 tunc
1641 390 194 43 Sacramentum
1783 390 117 43 consta¬-

1102 422 122 43 partim
1187 422 122 43 duabus
1272 422 122 43 rebus,
1358 422 134 43 terrena
1455 422 61 43 &
1480 422 158 43 coelesti:
1601 422 122 43 partim
1687 422 134 43 actione
1784 422 134 43 externa
1869 422 37 43 &

1088 462 142 42 interna
1191 462 77 42 ad
1230 462 116 42 rerum
1307 462 142 42 illarum
1411 462 206 42 perceptionem
1578 462 181 42 requisita:
1720 462 129 42 partim
1798 462 103 42 divine

1088 497 106 36 verbo
1159 497 212 36 institutionis,
1335 497 200 36 promissionis,
1500 497 188 36 exhibitionis
1653 497 59 36 &
1676 497 212 36 applicationis,
1841 497 59 36 hoc

1095 529 104 38 est,
1160 529 91 38 quo
1212 529 104 38 Deus
1277 529 130 38 signum
1369 529 143 38 propter
1473 529 91 38 rem
1525 529 156 38 signatam
1642 529 209 38 commendavit,
1812 529 65 38 &
1825 529 78 38 rem¬-

1093 562 146 44 signatam
1203 562 159 44 promisit,
1325 562 61 44 &
1349 562 85 44 quo
1398 562 85 44 rem
1447 562 146 44 signatam
1556 562 146 44 exhibet,
1666 562 122 44 tradit
1751 562 61 44 &
1776 562 159 44 applicat,

1098 594 153 36 singulis
1213 594 127 36 verbum
1302 594 204 36 promissionis
1468 594 102 36 vera
1531 594 102 36 fide
1595 594 217 36 accipientibus
1774 594 89 36 cum
1812 594 89 36 signo

1089 628 92 39 nudo
1147 628 104 39 alias
1217 628 58 39 &
1240 628 127 39 inutili
1332 628 69 39 ad
1367 628 81 39 eum
1413 628 81 39 qui
1459 628 173 39 exspectatur
1598 628 150 39 effectum,
1713 628 69 39 si
1748 628 104 39 utens
1806 628 92 39 Sacra¬-

1094 665 118 39 mento
1173 665 105 39 fide
1238 665 105 39 vera
1304 665 144 39 careat.
1409 665 131 39 Verbum
1500 665 105 39 enim
1566 665 157 39 creditum
1684 665 170 39 comitatur
1802 665 105 39 gratia

1108 693 134 44 Spiritus
1208 693 123 44 Sancti,
1297 693 56 44 a
1320 693 78 44 quo
1364 693 78 44 est
1409 693 156 44 Sacramenti
1531 693 145 44 efficacia
1643 693 56 44 &
1654 693 100 44 virtus.

1121 726 139 44 Proinde
1222 726 126 44 verbum
1311 726 114 44 signo
1386 726 177 44 adjunctum,
1525 726 76 44 in
1563 726 151 44 animabus
1677 726 139 44 nostris
1778 726 76 44 id
1803 726 101 44 super¬-

1101 764 183 50 naturaliter
1248 764 86 50 per
1296 764 147 50 Spiritum
1407 764 135 50 Sanctum
1504 764 159 50 operatur,
1627 764 98 50 quod
1688 764 183 50 proprietate
1822 764 86 50 natu¬-

1099 794 106 40 rali,
1170 794 71 40 in
1205 794 165 40 corporibus
1335 794 129 40 nostris
1417 794 94 40 signum

1126 829 82 39 Sin
1173 829 93 39 vero
1231 829 164 39 Sacramenti
1360 829 82 39 vox
1407 829 129 39 stricte
1500 829 164 39 accipiatur
1629 829 82 39 pro
1675 829 105 39 signo
1745 829 152 39 visibili,
1851 829 58 39 tum

1093 862 154 42 cujusque
1209 862 180 42 Sacramenti
1350 862 103 42 duae
1415 862 103 42 sunt
1479 862 141 42 partes:
1582 862 167 42 elementum
1710 862 206 42 Sacramentale
1864 862 39 42 &

1100 901 99 44 ritus
1166 901 198 44 Sacramentalis:
1331 901 77 44 seu
1375 901 77 44 res
1419 901 121 44 terrena
1507 901 55 44 &
1529 901 99 44 actio
1595 901 132 44 externa,
1694 901 88 44 illa
1749 901 143 44 materiae,
1848 901 66 44 haec

1105 927 122 43 formae
1190 927 147 43 rationem
1288 927 98 43 habens

1130 960 170 42 Elementum
1261 960 223 42 Sacramentale,
1444 960 92 42 est
1497 960 92 42 res
1549 960 144 42 quaedam
1654 960 157 42 corporea
1772 960 157 42 ordinata
1877 960 39 42 a

1095 995 98 39 Deo,
1156 995 74 39 ut
1193 995 110 39 esset
1266 995 86 39 rei
1315 995 74 39 in
1352 995 110 39 verbo
1426 995 86 39 Dei
1475 995 159 39 promissae
1598 995 123 39 facrum
1671 995 135 39 Symbolum.

1129 1027 83 40 Est
1177 1027 118 40 inquam
1259 1027 83 40 res
1307 1027 154 40 corporea,
1425 1027 83 40 tum
1473 1027 95 40 quia
1532 1027 166 40 substantia
1662 1027 83 40 est
1710 1027 130 40 externa
1805 1027 71 40 ac
1828 1027 95 40 sensi¬-

1097 1060 115 51 bilis:
1178 1060 81 51 tum
1224 1060 92 51 quia
1282 1060 127 51 sensib.
1374 1060 138 51 externis
1477 1060 58 51 &
1500 1060 127 51 membris
1592 1060 138 51 corporis
1696 1060 150 51 tractatur
1811 1060 81 51 vel
1845 1060 58 51 ac¬

1102 1098 85 48 cipitur?

1130 1134 107 35 Eadem
1201 1134 178 35 nihilominus
1344 1134 83 35 est
1392 1134 178 35 spiritualis
1534 1134 131 35 quomodo
1630 1134 71 35 1.
1665 1134 95 35 Cor.
1725 1134 83 35 10.
1772 1134 71 35 v.
1808 1134 71 35 3.
1844 1134 71 35 4,
1867 1134 48 35 5.

1093 1169 112 44 manna
1167 1169 62 44 &
1192 1169 112 44 petra
1267 1169 187 44 spiritualis
1417 1169 137 44 dicitur
1517 1169 87 44 non
1567 1169 125 44 quidem
1655 1169 137 44 ratione
1742 1169 175 44 substantiae,

1103 1199 78 46 sed
1148 1199 123 46 ratione
1237 1199 112 46 finis,
1316 1199 101 46 idque
1383 1199 202 46 quadrupliciter

1136 1232 115 44 Primo,
1217 1232 92 44 quia
1275 1232 81 44 non
1321 1232 81 44 est
1367 1232 81 44 res
1413 1232 138 44 prophana
1516 1232 69 44 ac
1551 1232 150 44 vulgaris,
1666 1232 69 44 ut
1700 1232 115 44 aliae;
1781 1232 81 44 sed
1815 1232 104 44 sancta,

1104 1259 83 49 hoc
1152 1259 95 49 est,
1211 1259 71 49 ad
1246 1259 95 49 usum
1305 1259 130 49 sanctum
1400 1259 71 49 ac
1436 1259 178 49 spiritualem
1578 1259 59 49 a
1601 1259 83 49 Deo
1649 1259 142 49 ordinata
1755 1259 107 49 atque
1814 1259 95 49 insti¬

1092 1302 77 36 tuta.

1122 1324 147 62 Secundo,
1232 1324 98 62 quia
1294 1324 86 62 est
1343 1324 147 62 Spiritus
1453 1324 123 62 Sancti
1539 1324 197 62 instrumentum
1699 1324 86 62 per
1748 1324 98 62 quod
1797 1324 123 62 spiritu¬-

1108 1367 112 43 aliter
1186 1367 79 43 est
1231 1367 123 43 efficax
1321 1367 67 43 in
1355 1367 157 43 credentium
1467 1367 101 43 animis.

1127 1397 126 37 Tertio,
1218 1397 92 37 quia
1275 1397 92 37 bona
1333 1397 172 37 spiritualia
1470 1397 80 37 per
1516 1397 80 37 eam
1561 1397 149 37 fidelibus
1676 1397 206 37 significantur,
1836 1397 80 37 exhi¬-

1098 1429 133 46 bentur,
1195 1429 206 46 communicantur
1365 1429 61 46 &
1389 1429 194 46 obsignantur,
1547 1429 73 46 I.
1583 1429 97 46 Cor.
1644 1429 85 46 10.
1692 1429 73 46 v.
1716 1429 61 46 16.

1142 1464 137 44 Quarto,
1241 1464 100 44 quia
1304 1464 137 44 proprie
1404 1464 62 44 &
1428 1464 150 44 quatenus
1541 1464 187 44 Sacramentum
1690 1464 100 44 est,
1753 1464 87 44 non
1790 1464 125 44 corpori,

1096 1500 75 41 sed
1139 1500 129 41 spiritui
1236 1500 75 41 seu
1279 1500 108 41 animae
1355 1500 119 41 servit,
1441 1500 75 41 hoc
1484 1500 86 41 est,
1538 1500 75 41 non
1581 1500 140 41 corporis,
1689 1500 75 41 sed
1732 1500 129 41 spiritus
1829 1500 75 41 est
1861 1500 54 41 ad¬-

1096 1541 172 46 miniculum,
1231 1541 86 46 non
1280 1541 148 46 corporis
1391 1541 123 46 usibus
1477 1541 86 46 sed
1526 1541 111 46 fidei
1600 1541 197 46 confirmandae
1759 1541 111 46 atque
1821 1541 86 46 exer¬-

1098 1574 105 36 cendae
1171 1574 74 36 est
1213 1574 137 36 divinitus
1318 1574 147 36 destinata,
1434 1574 74 36 si.
1476 1574 95 36 Petr.
1539 1574 63 36 3.
1560 1574 53 36 21.

1124 1597 115 43 Idque
1201 1597 166 43 elementum
1329 1597 217 43 Sacramentale,
1507 1597 89 43 non
1558 1597 89 43 est
1610 1597 115 43 inane
1686 1597 166 43 symbolum,
1814 1597 89 43 sed
1852 1597 64 43 fe¬-

1097 1633 91 41 dus
1149 1633 117 41 inter
1227 1633 91 41 nos
1279 1633 65 41 &
1305 1633 104 41 Deum
1371 1633 156 41 obsignat
1488 1633 65 41 &
1514 1633 222 41 pro?nissionem
1696 1633 169 41 adjunctam
1827 1633 117 41 habet

1102 1669 140 40 bonorum
1204 1669 102 40 quae
1268 1669 102 40 Deus
1332 1669 115 40 nobis
1408 1669 102 40 dare
1459 1669 77 40 vuli

1125 1695 91 48 Res
1177 1695 78 48 in
1216 1695 117 48 verbo
1294 1695 91 48 Dei
1345 1695 156 48 promissa
1462 1695 117 48 cujus
1540 1695 130 48 sacrum
1631 1695 156 48 symbolum
1747 1695 91 48 est
1786 1695 117 48 elemen¬-

1104 1741 82 42 cum
1151 1741 200 42 Sacramentale,
1316 1741 153 42 nominatur
1434 1741 106 42 etiam
1504 1741 82 42 res
1551 1741 118 42 signa:
1634 1741 71 42 a,
1669 1741 82 42 res
1716 1741 188 42 significata,
1857 1741 59 42 res

1090 1773 184 36 Sacramenti,
1237 1773 171 36 substantia
1371 1773 184 36 Sacramenti,
1518 1773 135 36 veritas
1604 1773 147 36 Sacramenti

1129 1797 83 51 Non
1176 1797 83 51 est
1224 1797 94 51 pars
1282 1797 165 51 Sacramenti
1412 1797 130 51 proprie
1506 1797 59 51 &
1530 1797 130 51 stricte
1624 1797 141 51 accepti.
1730 1797 71 51 1.
1766 1797 94 51 quia
1825 1797 83 51 non
1860 1797 59 51 est

1101 1829 116 45 signum
1183 1829 151 45 externum.
1299 1829 70 45 2.
1334 1829 93 45 quia
1392 1829 81 45 est
1439 1829 163 45 Sacramenti
1567 1829 175 45 correlatum.
1707 1829 70 45 3.
1741 1829 93 45 quia
1800 1829 105 45 finis
1858 1829 58 45 Sa¬-

1096 1871 145 36 cramenti
1204 1871 72 36 ei
1241 1871 84 36 non
1289 1871 157 36 competit:
1410 1871 145 36 siquidem
1518 1871 84 36 res
1566 1871 133 36 signata
1663 1871 84 36 non
1711 1871 181 36 signisicat,
1844 1871 60 36 non

1102 1905 147 41 obsignat,
1215 1905 79 41 non
1260 1905 147 41 confirmat
1374 1905 136 41 gratiam,
1476 1905 79 41 sed
1521 1905 79 41 est
1566 1905 91 41 ipsa
1623 1905 113 41 gratia
1702 1905 170 41 significata
1838 1905 57 41 &
1849 1905 57 41 ob¬

1096 1938 94 46 signata.

1136 1973 133 32 Dicitur
1233 1973 60 32 a
1257 1973 145 32 Patribus
1366 1973 97 32 esse
1426 1973 73 32 in
1462 1973 145 32 elemento
1571 1973 206 32 Sacramentali,
1741 1973 85 32 sed
1777 1973 133 32 sacramen¬-

1093 2005 124 41 taliter
1183 2005 79 41 seu
1228 2005 203 41 significative,
1397 2005 79 41 non
1442 2005 158 41 causaliter
1566 2005 79 41 nec
1611 2005 169 41 subjective:
1746 2005 90 41 quia
1791 2005 124 41 elementum

1088 2040 194 38 Sacramentale
1245 2040 182 38 significat,
1391 2040 145 38 testatur
1500 2040 61 38 &
1524 2040 145 38 obsignat
1633 2040 182 38 credentibus
1779 2040 85 38 rem
1815 2040 97 38 Verbo¬-

1097 2073 88 38 Dei
1148 2073 176 38 promissam,
1286 2073 88 38 eam
1337 2073 113 38 autem
1412 2073 164 38 nequaquae
1539 2073 139 38 causat,
1639 2073 139 38 efficit
1740 2073 88 38 aut
1778 2073 126 38 producit

1093 2105 106 40 neque
1164 2105 83 40 eam
1211 2105 189 40 corporaliter
1365 2105 83 40 seu
1412 2105 225 40 substantialiter
1602 2105 71 40 in
1637 2105 71 40 se
1673 2105 142 40 continet
1779 2105 59 40 &
1791 2105 118 40 inclusam

1068 2137 98 42 haber

1116 2172 115 35 Ritus
1193 2172 217 35 Sacramentalis
1372 2172 77 35 ad
1410 2172 153 35 elementi
1526 2172 217 35 Sacramentalis
1705 2172 102 35 usum
1756 2172 166 35 requisitus,

1084 2204 84 38 est
1132 2204 143 38 liturgia
1239 2204 84 38 seu
1287 2204 108 38 sacra
1359 2204 108 38 actio
1431 2204 155 38 divinitus
1550 2204 143 38 mandata,
1658 2204 96 38 quam
1718 2204 155 38 elementum
1825 2204 96 38 Sacra¬-

1096 2239 128 40 mentale
1189 2239 81 40 ita
1236 2239 163 40 tractatur,
1364 2239 197 40 administratur
1526 2239 58 40 &
1549 2239 163 40 usurpatur,
1677 2239 70 40 ut
1712 2239 93 40 fide
1770 2239 151 40 referatur
1875 2239 46 40 ad

1096 2273 100 40 finem
1163 2273 111 40 illum,
1241 2273 100 40 cujus
1308 2273 111 40 gratia
1386 2273 100 40 ritus
1452 2273 89 40 ille
1508 2273 56 40 a
1530 2273 78 40 Deo
1575 2273 156 40 institutus
1697 2273 89 40 est.
1753 2273 89 40 Sola
1809 2273 89 40 enim
1853 2273 45 40 u¬-

1098 2306 141 40 surpatio
1204 2306 141 40 elementi
1310 2306 200 40 Sacramentalis
1474 2306 118 40 absque
1557 2306 94 40 fide
1615 2306 82 40 non
1662 2306 82 40 est
1709 2306 153 40 legitimus
1815 2306 94 40 Sacra¬-

1096 2339 107 37 menti
1167 2339 107 37 usus.
1239 2339 131 37 Proinde
1333 2339 71 37 ad
1369 2339 154 37 salutarem
1488 2339 95 37 usum
1547 2339 166 37 Sacramenti
1678 2339 166 37 necessaria
1808 2339 83 37 est
1844 2339 59 37 fi¬-

1092 2375 83 35 des
1140 2375 167 35 salvifica:
1271 2375 59 35 &
1294 2375 107 35 ratio
1366 2375 83 35 est
1413 2375 178 35 certissima,
1556 2375 95 35 quia
1616 2375 95 35 idem
1675 2375 119 35 verbum
1746 2375 167 35 promissionis

1095 2406 85 36 Dei
1143 2406 73 36 in
1180 2406 231 36 administratione
1374 2406 61 36 &
1399 2406 85 36 usu
1447 2406 170 36 Sacramenti
1581 2406 182 36 necessarium
1727 2406 85 36 est
1775 2406 73 36 ad
1800 2406 109 36 creden¬-

1095 2439 99 38 dum,
1157 2439 62 38 &
1181 2439 87 38 vim
1231 2439 173 38 Sacramenti
1367 2439 223 38 intelligendum,
1553 2439 99 38 quod
1615 2439 74 38 in
1652 2439 136 38 ejusdem
1751 2439 186 38 institutio¬

1098 2475 72 33 ne
1134 2475 96 33 fuit
1194 2475 192 33 necessarium,
1350 2475 72 33 ut
1386 2475 120 33 fieret
1470 2475 192 33 Sacramentum.
1625 2475 144 33 Alioquin
1733 2475 84 33 non
1781 2475 96 33 plus
1841 2475 96 33 abs¬

1107 2509 82 41 que
1154 2509 187 41 repetitione,
1306 2509 187 41 explicatione
1457 2509 58 41 &
1481 2509 198 41 intelligentia
1644 2509 105 41 verbi
1714 2509 187 41 promissionis
1854 2509 58 41 va¬-

1105 2550 105 37 peret
1175 2550 93 37 tota
1234 2550 163 37 Sacramenti
1362 2550 117 37 actio,
1444 2550 93 37 quam
1502 2550 128 37 scenica
1595 2550 58 37 &
1618 2550 163 37 theatrica;
1747 2550 82 37 nec
1793 2550 105 37 magis
1852 2550 58 37 nos

1108 2576 94 34 ana,
1167 2576 94 34 quam
1226 2576 118 34 altera
1309 2576 71 34 de
1344 2576 177 34 salutaribus
1486 2576 83 34 Dei
1533 2576 94 34 erga
1592 2576 83 34 nos
1639 2576 106 34 donis
1710 2576 189 34 confirmaret.
1851 2576 59 34 Hoc

1100 2610 178 39 manifestum
1240 2610 89 39 est
1291 2610 76 39 ex
1329 2610 76 39 1.
1367 2610 101 39 Cor.
1430 2610 89 39 11.
1481 2610 89 39 ubi
1532 2610 165 39 memoratur
1658 2610 114 39 Pauli
1734 2610 63 39 &
1747 2610 165 39 Apostolorum

1098 2644 134 30 aliorum
1195 2644 146 30 liturgia
1305 2644 73 30 in
1341 2644 85 30 usu
1390 2644 122 30 Coenae
1475 2644 158 30 Dominicae
1597 2644 158 30 adhibita.
1718 2644 122 30 Paulus
1804 2644 97 30 enim
1852 2644 61 30 vo¬-

1094 2673 103 36 lens
1158 2673 180 36 ostendere,
1299 2673 141 36 quomodo
1402 2673 128 36 sancta
1492 2673 128 36 Domini
1582 2673 115 36 coena
1658 2673 205 36 administrada
1825 2673 64 36 &
1838 2673 77 36 quo-

1095 2710 94 34 modo
1154 2710 71 34 ea
1190 2710 130 34 utendum
1284 2710 118 34 esset,
1366 2710 106 34 verba
1437 2710 201 34 institutionis
1602 2710 59 34 &
1626 2710 189 34 promissionis
1767 2710 142 34 repetivit.

1095 2744 63 40 &
1121 2744 175 40 necessaria
1258 2744 150 40 docenda,
1371 2744 200 40 commemoranda
1534 2744 63 40 &
1559 2744 175 40 explicanda
1696 2744 163 40 tradidit,
1821 2744 75 40 ut
1846 2744 63 40 sit

1103 2777 141 40 efficax
1206 2777 192 40 Sacramentum
1359 2777 77 40 in
1397 2777 205 40 credentibus.
1564 2777 102 40 Quod
1628 2777 77 40 si
1666 2777 128 40 verbum
1743 2777 179 40 promissionis

1101 2808 71 42 in
1137 2808 83 42 usu
1184 2808 167 42 Sacramenti
1316 2808 83 42 est
1363 2808 191 42 necessarium:
1518 2808 83 42 tum
1566 2808 60 42 &
1578 2808 95 42 sides.

1137 2836 127 46 Estque
1226 2836 89 46 hic
1277 2836 114 46 ritus
1353 2836 229 46 Sacramentalis,
1544 2836 114 46 modus
1620 2836 254 46 administrationis
1836 2836 64 46 a
1849 2836 64 46 DEO

1113 2875 190 40 praescriptus
1268 2875 71 40 ac
1303 2875 131 40 proinde
1398 2875 131 40 externa
1493 2875 107 40 forma
1553 2875 143 40 Sacrament.

1135 2907 107 48 Forma
1206 2907 131 48 interna
1302 2907 178 48 Sacramenti,
1444 2907 83 48 est
1492 2907 166 48 pulcerrima
1623 2907 95 48 illa
1682 2907 143 48 analogia
1789 2907 59 48 &
1801 2907 107 48 simili¬-

1099 2939 101 36 tudo
1163 2939 114 36 signi
1239 2939 63 36 &
1264 2939 190 36 significati
1416 2939 101 36 (Joh
1479 2939 127 36 Jacob.
1568 2939 152 36 Grynaeus
1682 2939 76 36 in
1720 2939 152 36 Theorem.
1821 2939 101 36 Theol.

1106 2972 75 48 de
1144 2972 213 48 Sacramentorum
1319 2972 150 48 nucleo.)
1432 2972 188 48 Similitudo,
1582 2972 138 48 inquam,
1682 2972 100 48 quam
1744 2972 88 48 res
1782 2972 125 48 promissi

1102 3008 120 38 animis
1186 3008 132 38 nostris
1283 3008 84 38 ita
1331 3008 229 38 repraesentatur,
1524 3008 72 38 ut
1560 3008 108 38 etiam
1632 3008 96 38 vere
1692 3008 193 38 communicanda
1837 3008 84 38 prae¬-

1108 3042 106 39 beatur

1134 3070 117 43 Verbum
1216 3070 198 43 institutionis
1379 3070 82 43 non
1426 3070 82 43 est
1473 3070 105 43 forma
1543 3070 175 43 Sacramenti,
1683 3070 82 43 sed
1729 3070 105 43 causa
1788 3070 128 43 efficiens

1097 3093 252 59 instrumentalis,
1309 3093 93 59 per
1362 3093 106 59 quam
1428 3093 106 59 Deus
1495 3093 80 59 ex
1534 3093 172 59 clementia
1667 3093 119 59 facit
1733 3093 186 59 Sacramentum,

1110 3142 102 51 uxta
1174 3142 114 51 illud
1250 3142 178 51 Augustini:
1390 3142 140 51 Accedit
1491 3142 127 51 verbum
1580 3142 76 51 ad
1618 3142 165 51 elementum
1745 3142 63 51 &
1770 3142 89 51 sit
1808 3142 102 51 Sacra¬

1084 3171 129 35 mentum.

1131 3201 162 43 Subjectum
1255 3201 75 43 ᾧ,
1292 3201 75 43 id
1330 3201 100 43 est,
1392 3201 87 43 cui
1442 3201 62 43 a
1467 3201 87 43 Deo
1517 3201 187 43 Sacramentum
1666 3201 187 43 institutum,
1815 3201 87 43 est
1853 3201 62 43 ho¬-

1107 3239 75 42 mo
1144 3239 162 42 federatus
1269 3239 87 42 Deo
1318 3239 87 42 seu
1368 3239 87 42 cum
1418 3239 87 42 quo
1468 3239 100 42 Deus
1530 3239 112 42 fedus
1605 3239 137 42 junxit.
