2063 3532
440 252 294 60 CAPUT
604 252 131 60 L.

280 309 96 53 In
328 309 112 53 quo
392 309 96 53 de
440 309 240 53 Sacramentis
631 309 176 53 federis
743 309 144 53 operum.

260 378 93 50 UOD
313 378 80 50 ad
353 378 146 50 species
459 378 186 50 Sacramenti
605 378 160 50 attinet,
725 378 93 50 est
778 378 199 50 Sacramentum
925 378 66 50 ve¬-

262 410 162 53 spirituulis
392 410 129 53 federis,
489 410 75 53 vel
521 410 140 53 corporalis.

147 442 136 42 E¬-

290 452 191 47 Sacramentum
443 452 191 47 spiritualis
596 452 153 47 federis,
711 452 89 47 est
762 452 204 47 Sacramentum,
928 452 89 47 quo

179 477 96 62 Deus
239 477 191 62 promissionem
394 477 107 62 vitae
466 477 143 62 aeternae
573 477 107 62 nobis
645 477 155 62 confirmat
764 477 60 62 &
788 477 155 62 obsignat,
895 477 96 62 nosque

181 516 91 38 sibi
238 516 68 38 in
272 516 137 38 aeternum
374 516 160 38 consecrat.

219 542 100 51 Idque
286 542 78 51 est
330 542 78 51 vel
374 542 122 51 federis
463 542 122 51 operum,
552 542 78 51 vel
596 542 122 51 federis
674 542 111 51 gratiae.

224 576 201 50 Sacramentum
384 576 147 50 federis
491 576 147 50 operum,
598 576 94 50 est
652 576 214 50 Sacramentum,
826 576 107 50 quod
893 576 107 50 Deus
946 576 54 50 in

182 608 107 52 statu
253 608 154 52 primaevae
372 608 190 52 integritatis
526 608 119 52 primis
609 608 166 52 parentibus
740 608 142 52 dederat,
847 608 83 52 quo
894 608 107 52 ipsis
953 608 36 52 s

195 653 181 40 gnificabatur
342 653 57 40 &
364 653 192 40 obsignabatur,
523 653 79 40 eos
568 653 136 40 perpetuo
670 653 113 40 felici
749 653 90 40 illa
805 653 102 40 vita,
873 653 68 40 in
907 653 79 40 qua
941 653 68 40 con¬-

191 685 91 41 diti
247 685 114 41 erant,
327 685 159 41 fruituros,
452 685 68 41 si
486 685 79 41 Dei
531 685 148 41 praecepto
633 685 182 41 obtemperatent.

222 718 137 41 Eratque
321 718 137 41 duplex:
420 718 112 41 arbor
495 718 112 41 vita,
569 718 62 41 &
594 718 112 41 arbor
668 718 161 41 scientiae
792 718 99 41 boni
855 718 62 41 &
867 718 62 41 ma¬-

224 753 115 41 Arbor
301 753 127 41 vitae,
390 753 102 41 erat
453 753 204 41 Sacramentum,
619 753 89 41 quo
670 753 127 41 primis
759 753 178 41 parentibi,
886 753 115 41 nostri¬-

72 783 55 44 re
99 783 83 44 vitae
145 783 37 44 in

196 818 81 38 tur
243 818 184 38 immortalitas
392 818 115 38 vitae,
473 818 104 38 ipsis
542 818 58 38 a
565 818 104 38 Filio
634 818 81 38 Dei
680 818 184 38 continuanda,
830 818 69 38 si
865 818 69 38 in
888 818 115 38 obsequio

188 855 96 36 Dei
243 855 206 36 perstarent.
408 855 178 36 Nominatur
545 855 124 36 etiam
627 855 206 36 sacramentum
778 855 220 36 immortalitatis

191 890 106 46 quia
257 890 240 46 immortalitatis
457 890 106 46 erat
523 890 160 46 symbolum
643 890 67 46 &
670 890 173 46 memoriale
803 890 93 46 iis
856 890 133 46 quibus
936 890 80 46 eius

187 921 112 41 fructu
265 921 100 41 vesci
321 921 100 41 licebat

231 949 104 46 Arbor
301 949 104 46 vitae
370 949 81 46 non
416 949 92 46 ideo
474 949 104 46 dicta
543 949 104 46 fuit,
612 949 92 46 quod
670 949 81 46 sua
716 949 127 46 virtute
809 949 58 46 &
832 949 150 46 qualitate
936 949 69 46 ali¬-

202 993 84 43 qua
250 993 120 43 insita
334 993 168 43 praestaret
466 993 156 43 hominibus
586 993 228 43 immortalitatem,
779 993 96 43 quam
839 993 144 43 sibiipsa
935 993 72 43 dare

185 1028 92 32 non
238 1028 158 32 poterat:
356 1028 92 32 sed
409 1028 106 32 quod
475 1028 119 32 Adamo
554 1028 66 32 &
581 1028 106 32 Evae
647 1028 119 32 esset
726 1028 198 32 sacramentum
884 1028 66 32 &
897 1028 106 32 artha¬-

192 1058 73 43 bo
228 1058 233 43 immortalitatis,
424 1058 73 43 ut
461 1058 86 43 eam
510 1058 159 43 videlicet
632 1058 122 43 secure
718 1058 98 43 sibi
779 1058 208 43 promitterent,
939 1058 73 43 quam

192 1091 86 34 diu
241 1091 183 34 obedientiam
387 1091 98 34 Legi
449 1091 183 34 praestantes
595 1091 135 34 ederent
693 1091 73 34 ex
730 1091 122 34 illius
815 1091 135 34 fructu.
913 1091 86 34 Hoc
950 1091 61 34 in¬-

202 1124 130 44 licatur
297 1124 106 44 Apoc.
367 1124 71 44 2.
403 1124 106 44 vers.
474 1124 71 44 7.
509 1124 83 44 his
556 1124 130 44 verbis:
651 1124 83 44 Qui
698 1124 106 44 habet
769 1124 118 44 aurem,
852 1124 118 44 audiat
934 1124 94 44 quid

196 1160 131 36 Spiritus
294 1160 98 36 dicat
360 1160 153 36 Ecclesiis,
480 1160 120 36 victori
567 1160 87 36 dabo
621 1160 98 36 edere
687 1160 65 36 ex
719 1160 109 36 arbore
796 1160 142 36 illavitae
905 1160 87 36 quae
948 1160 55 36 es,

198 1188 73 45 in
234 1188 110 45 medio
307 1188 146 45 Paradisi
417 1188 97 45 Dei:
478 1188 122 45 Quibus
563 1188 122 45 verbis
648 1188 158 45 anagogice
770 1188 170 45 indicatur,
891 1188 110 45 quidnam

995 1224 45 30 .

192 1258 113 41 illam
268 1258 138 41 beatam,
369 1258 63 41 &
394 1258 101 41 vere
457 1258 113 41 vitam
532 1258 101 41 quam
595 1258 151 41 Christus
708 1258 113 41 nobis
784 1258 75 41 in
821 1258 113 41 regno
884 1258 126 41 caelorum

198 1299 161 32 promisit.
322 1299 161 32 Paradisus
446 1299 112 32 enim,
520 1299 112 32 Eden,
594 1299 198 32 significavit
756 1299 124 32 regnum
842 1299 161 32 caelorum,
966 1299 74 32 ut

195 1326 112 40 docet
269 1326 150 40 Christus
382 1326 100 40 ipse
444 1326 87 40 his
494 1326 137 40 verbis:
594 1326 112 40 Hodie
668 1326 112 40 mecum
743 1326 100 40 eris
806 1326 75 40 in
843 1326 162 40 Paradiso.
955 1326 50 40 Si

196 1364 115 34 milem
273 1364 179 34 allusionem
413 1364 64 34 a
439 1364 140 34 symbolo
541 1364 77 34 ad
579 1364 89 34 rem
630 1364 204 34 significatam
796 1364 102 34 vide
860 1364 153 34 Proverb.
962 1364 51 34 3.

194 1401 88 29 ubi
245 1401 139 29 dicitur
346 1401 164 29 Sapientia
471 1401 126 29 lignum
560 1401 113 29 vitae
635 1401 139 29 omnibus
736 1401 252 29 apprehendentibus
937 1401 76 29 eam,

189 1428 68 36 Et
223 1428 102 36 Apoc.
290 1428 79 36 22.
335 1428 68 36 v.
369 1428 68 36 2.
403 1428 68 36 Ex
437 1428 124 36 utraque
527 1428 102 36 parte
595 1428 135 36 fluminis
696 1428 79 36 est
741 1428 102 36 arbor
809 1428 102 36 vitae
877 1428 68 36 in
899 1428 113 36 caelest.

198 1459 91 48 urbe
254 1459 170 48 Jerosolyma:
391 1459 57 48 &
414 1459 68 48 v.
448 1459 80 48 14.
493 1459 102 48 Beati
561 1459 80 48 qui
607 1459 148 48 praestant
720 1459 91 48 ejus
777 1459 159 48 praecepta,
902 1459 68 48 ut
936 1459 80 48 sit
971 1459 45 48 ei

188 1497 86 44 jus
237 1497 159 44 inarborem
347 1497 98 44 vitae.

233 1521 163 43 Elementum
359 1521 200 43 sacramentale
521 1521 100 43 erat
584 1521 113 43 arbor
659 1521 100 43 ipsa
721 1521 75 43 in
759 1521 125 43 sensus
846 1521 150 43 externos
946 1521 63 43 in¬-

192 1557 145 47 currens,
300 1557 84 47 qua
349 1557 217 47 significabatur
530 1557 145 47 Christus
638 1557 109 47 verus
710 1557 109 47 autor
783 1557 60 47 &
807 1557 181 47 conservator
940 1557 96 47 vitae:

200 1591 87 44 erat
254 1591 108 44 igitur
330 1591 97 44 arbor
395 1591 97 44 vitae
460 1591 76 44 non
503 1591 76 44 per
547 1591 76 44 se,
590 1591 76 44 sed
633 1591 152 44 spirituali
752 1591 206 44 significatione,
926 1591 65 44 ad
947 1591 76 44 Chri¬-

197 1631 106 43 stum
250 1631 145 43 deducente

228 1653 91 50 Nam
280 1653 130 50 Filius
371 1653 91 50 Dei
423 1653 91 50 non
476 1653 130 50 tantum
567 1653 104 50 post
632 1653 143 50 sapsum,
736 1653 91 50 sed
788 1653 117 50 etiam
867 1653 104 50 ante
919 1653 104 50 lapsum

196 1698 176 40 vivificavit
337 1698 141 40 hominem,
442 1698 70 40 ut
477 1698 94 40 Joh.
536 1698 70 40 1.
571 1698 70 40 v.
606 1698 70 40 4.
641 1698 141 40 docetur:
747 1698 70 40 In
782 1698 94 40 ipso
840 1698 94 40 vita
899 1698 105 40 erat,
957 1698 59 40 &c.

201 1731 119 41 Coloss.
288 1731 65 41 3.
320 1731 65 41 v.
353 1731 65 41 4.
385 1731 130 41 Christus
483 1731 76 41 est
526 1731 87 41 vita
580 1731 87 41 illa
624 1731 97 41 nostra.

232 1764 112 38 Porro
306 1764 100 38 vita
369 1764 100 38 haec
431 1764 87 38 non
481 1764 100 38 fuit
543 1764 125 38 tantum
630 1764 187 38 corporalis,
779 1764 87 38 qua
829 1764 112 38 primi
891 1764 125 38 parentes

197 1800 130 39 nostri
288 1800 65 39 &
314 1800 117 39 omnes
391 1800 142 39 ipsorum
495 1800 142 39 posteri
599 1800 130 39 corpus
689 1800 155 39 floridum
806 1800 65 39 &
832 1800 155 39 vegetum,
935 1800 78 39 quod

193 1822 197 53 diuturnitate
352 1822 135 53 aetatis
451 1822 135 53 nunquam
549 1822 209 53 lauguesceret,
721 1822 209 53 retinuissent:
893 1822 86 53 sed
930 1822 86 53 multe

188 1869 110 36 magis
261 1869 98 36 vita
323 1869 196 36 spiritualis,
482 1869 86 36 qua
531 1869 123 36 animae
617 1869 135 36 ipsorum
715 1869 147 36 vivifica
826 1869 86 36 cum
875 1869 86 36 Deo
912 1869 98 36 commu¬-

188 1892 162 47 nicatione
312 1892 162 47 fruentes,
436 1892 75 47 in
474 1892 149 47 perpetua
586 1892 199 47 beatitudinis
747 1892 187 47 possessione
884 1892 162 47 mansissent,

202 1938 57 40 &
224 1938 136 40 ratione,
326 1938 204 40 intelligentia,
496 1938 136 40 aliisque
598 1938 124 40 dotibus
688 1938 113 40 semper
756 1938 170 40 excelluissent

235 1953 107 49 Ritus
307 1953 203 49 Sacramentalis
474 1953 72 49 ad
509 1953 95 49 usum
569 1953 131 49 arboris
664 1953 107 49 huius
736 1953 179 49 requisitus,
879 1953 95 49 erat
927 1953 83 49 relis

201 1999 109 46 giosa
273 1999 145 46 comestio
382 1999 133 46 fructus
479 1999 133 46 arboris
575 1999 121 46 huius,
660 1999 85 46 qua
708 1999 217 46 significabatur
889 1999 60 46 &
901 1999 109 46 obsigna

196 2026 114 46 batur
273 2026 127 46 primis
362 2026 178 46 parentibus
502 2026 140 46 nostris
603 2026 204 46 communicatio
769 2026 64 46 &
794 2026 191 46 continuatio
934 2026 89 46 vitae

199 2065 91 55 per
251 2065 129 55 Filium
328 2065 78 55 Dei.

441 2093 140 65 Tantum
539 2093 84 65 de
581 2093 140 65 arbore
666 2093 112 65 vitae,

242 2148 111 56 Arbor
315 2148 160 56 scientiae
438 2148 98 56 boni
500 2148 61 56 &
524 2148 111 56 mali,
598 2148 98 56 erat
660 2148 197 56 Sacramentum,
820 2148 86 56 quo
869 2148 123 56 primis
943 2148 61 56 pa¬-

201 2191 149 49 rentibus
313 2191 137 49 nostris
412 2191 224 49 significabatur
599 2191 62 49 &
624 2191 212 49 obsignabatur,
798 2191 87 49 eos
848 2191 75 49 in
873 2191 137 49 perpetuum

200 2216 176 63 immortali
336 2216 108 63 vita
404 2216 122 63 summo
485 2216 95 63 cum
539 2216 149 63 ipsorum
648 2216 108 63 bono
715 2216 176 63 coniuncta
851 2216 190 63 fruituros,
1000 2216 81 63 si

210 2263 193 45 obedientiam
365 2263 90 45 Deo
416 2263 180 45 constanter
558 2263 193 45 praestarent
713 2263 77 45 ab
751 2263 90 45 esu
803 2263 155 45 fructuum
906 2263 116 45 arboris

206 2290 115 57 huius
283 2290 191 57 abstinendo:
436 2290 127 57 contra
525 2290 127 57 autem,
614 2290 76 57 si
652 2290 89 57 non
703 2290 178 57 obedirent,
844 2290 89 57 eos
895 2290 115 57 magno
958 2290 64 57 suo

199 2332 104 46 malo
264 2332 78 46 in
303 2332 130 46 mortem
382 2332 130 46 ruituros

233 2357 101 52 Mors
296 2357 101 52 haec
359 2357 88 52 non
409 2357 88 52 est
460 2357 126 52 tantum
548 2357 189 52 corporalis,
699 2357 88 52 qua
749 2357 126 52 corpus
837 2357 101 52 vita
887 2357 126 52 temporal

208 2391 58 51 &
232 2391 104 51 sensu
301 2391 69 51 ac
336 2391 93 51 motu
394 2391 150 51 privatur,
509 2391 127 51 divulsa
602 2391 69 51 ab
637 2391 93 51 illo
695 2391 116 51 anima:
776 2391 81 51 sed
822 2391 150 51 praecipue
926 2391 81 51 spiri

202 2426 138 48 tualis,
302 2426 88 48 qua
352 2426 113 48 anima
427 2426 163 48 separatur
552 2426 63 48 a
577 2426 150 48 vivifica
689 2426 175 48 communione
827 2426 88 48 cum
877 2426 100 48 Deo,
939 2426 63 48 &
952 2426 63 48 or¬-

206 2460 103 49 batur
274 2460 172 49 beatitudine
412 2460 57 49 &
435 2460 195 49 excellentibus
596 2460 103 49 illis
664 2460 138 49 dotibus,
768 2460 115 49 quibus
848 2460 115 49 fuerat
917 2460 103 49 ornata.

233 2500 163 40 Elementum
359 2500 200 40 Sacramentale
521 2500 100 40 erat
584 2500 113 40 arbor
659 2500 100 40 ipsa
721 2500 75 40 in
759 2500 125 40 sensus
846 2500 150 40 externos
946 2500 63 40 in¬-

208 2525 142 53 currens,
315 2525 83 53 qua
362 2525 213 53 significabatur
539 2525 142 53 Christus
646 2525 130 53 positus
740 2525 71 53 ad
776 2525 106 53 bonum
847 2525 83 53 iis
894 2525 83 53 qui
929 2525 83 53 ipsum

204 2562 124 56 colunt
290 2562 185 56 obedientia;
438 2562 74 56 ad
475 2562 111 56 malum
550 2562 99 56 vero
611 2562 86 56 iis
661 2562 86 56 qui
710 2562 86 56 eum
760 2562 136 56 violant
858 2562 86 56 sua
895 2562 124 56 inobedi¬-

209 2599 124 47 entia.
295 2599 99 47 Unde
357 2599 111 47 arbor
431 2599 161 47 scientiae
555 2599 99 47 boni
617 2599 62 47 &
642 2599 99 47 mali
704 2599 136 47 vocatur
803 2599 186 47 Sacramentum
939 2599 74 47 obe¬-

210 2626 159 57 dientiae:
332 2626 98 57 item
393 2626 183 57 Sacramentum
540 2626 195 57 probationis,
698 2626 98 57 quia
759 2626 171 57 institutum
894 2626 61 57 a
918 2626 86 57 Deo
955 2626 61 57 era

218 2668 70 50 ut
253 2668 163 50 obedientia
381 2668 128 50 hominis
474 2668 81 50 per
521 2668 186 50 abstinentiam
672 2668 58 50 a
695 2668 116 50 fructu
776 2668 116 50 vetito
858 2668 174 50 probaretur.

255 2692 74 58 Ut
292 2692 111 58 autem
366 2692 173 58 caeterorum
501 2692 210 58 Sacramentorum
674 2692 136 58 veritas
772 2692 86 58 est
822 2692 148 58 Christus
920 2692 99 58 Filius

212 2739 100 47 Dei:
274 2739 87 47 ita
324 2739 112 47 etiam
399 2739 112 47 huius
461 2739 150 47 Sacramenti

241 2752 104 66 Ritus
311 2752 197 66 sacramentasis
473 2752 69 66 ad
507 2752 92 66 eius
565 2752 92 66 usum
623 2752 162 66 requisitus
750 2752 92 66 erat
808 2752 127 66 positus
900 2752 69 66 in
924 2752 92 66 absti¬-

200 2805 112 42 nendo
274 2805 75 42 ab
311 2805 87 42 esu
361 2805 149 42 fructuum
473 2805 137 42 arboris
560 2805 99 42 illius

242 2820 73 62 Ad
278 2820 85 62 hoc
327 2820 109 62 autem
400 2820 182 62 prohibuerat
545 2820 97 62 Deus
606 2820 109 62 vesci
679 2820 158 62 fructibus
800 2820 134 62 arboris
885 2820 134 62 scientia¬-

204 2862 99 52 boni
265 2862 62 52 &
290 2862 111 52 mali,
364 2862 74 52 ut
402 2862 186 52 ostenderet,
550 2862 136 52 hominem
649 2862 87 52 non
698 2862 74 52 in
736 2862 87 52 sua
785 2862 173 52 potestate,
921 2862 87 52 sed
958 2862 62 52 Deo

201 2896 146 53 subditum
310 2896 97 53 esse
371 2896 134 53 debere,
468 2896 61 53 &
493 2896 134 53 ordinem
590 2896 97 53 suae
651 2896 134 53 salutis
748 2896 85 53 per
797 2896 182 53 obedientiam
931 2896 97 53 custo¬-

211 2942 113 52 dire,
287 2942 88 52 per
337 2942 213 52 inobedientiam
499 2942 163 52 corrumpere.

249 2959 99 58 Hinc
311 2959 62 58 &
335 2959 136 58 arborem
434 2959 99 58 quam
496 2959 111 58 tangi
571 2959 136 58 vetuit,
670 2959 173 58 appellavit
806 2959 136 58 arborem
893 2959 136 58 scientiae

212 2996 102 54 boni
276 2996 64 54 &
302 2996 115 54 mali,
379 2996 179 54 metonymice
519 2996 77 54 ab
558 2996 141 54 eventu,
660 2996 102 54 quia
724 2996 115 54 homo,
801 2996 77 54 ex
839 2996 128 54 fructu
916 2996 115 54 arboris

212 3029 126 57 illius
300 3029 151 57 comedens
413 3029 151 57 sciturus
527 3029 63 57 &
552 3029 176 57 experturus
690 3029 101 57 erat
753 3029 138 57 quantum
853 3029 113 57 bonum
916 3029 113 57 amisis¬-

209 3064 89 60 set
260 3064 64 60 &
286 3064 76 60 in
324 3064 140 60 quantum
426 3064 140 60 ruisset
528 3064 115 60 malum
604 3064 89 60 per
655 3064 102 60 suam
719 3064 229 60 inobedientiam:
910 3064 76 60 ac
936 3064 89 60 proin

208 3097 73 59 de
244 3097 73 59 si
281 3097 85 59 eam
329 3097 121 59 contra
414 3097 134 59 vetitum
512 3097 158 59 tangeret,
633 3097 182 59 experiretur
779 3097 121 59 poenam
864 3097 146 59 peccati,
973 3097 61 59 &
985 3097 49 59 eo

213 3132 98 54 modo
274 3132 196 54 dignosceret,
433 3132 98 54 quid
495 3132 172 54 interesset
630 3132 110 54 inter
703 3132 184 54 obedientiae
850 3132 110 54 bonum
924 3132 61 54 &
936 3132 98 54 inter¬-

210 3160 207 64 inobedientiae
380 3160 121 64 malum;
465 3160 73 64 ut
501 3160 109 64 docet
574 3160 134 64 August.
672 3160 97 64 tom.
732 3160 85 64 16.
781 3160 97 64 lib.
842 3160 73 64 de
878 3160 121 64 natura
951 3160 85 64 boni,

209 3196 160 63 adversus
329 3196 200 63 Manichaeos.
489 3196 94 63 Cum
543 3196 94 63 quo
596 3196 187 63 consentit,
743 3196 107 63 quod
810 3196 107 63 idem
877 3196 107 63 tomo
943 3196 80 63 8,
970 3196 67 63 in¬-

215 3229 194 60 Enarratione
370 3229 103 60 Psal
435 3229 90 60 70.
486 3229 103 60 ait:
551 3229 116 60 Arbor
629 3229 168 60 scientiae
758 3229 103 60 boni
822 3229 65 60 &
848 3229 103 60 mali
913 3229 90 60 sic
952 3229 103 60 vocata

214 3268 98 54 est,
275 3268 98 54 quia
337 3268 98 54 homo
398 3268 86 54 qui
447 3268 123 54 nollet
533 3268 111 54 bonum
607 3268 61 54 a
632 3268 98 54 malo
693 3268 184 54 discernere,
840 3268 86 54 per
877 3268 160 54 praeceptum,

1040 223 191 53 discreturus
1193 223 102 53 erat
1256 223 89 53 per
1307 223 216 53 experimentum,
1485 223 76 53 ut
1523 223 153 53 rangendo
1638 223 153 53 vetitum,
1739 223 102 53 inveni

1034 268 93 42 ret
1087 268 199 42 supplicium.
1246 268 93 42 Ita
1299 268 93 42 his
1353 268 199 42 Sacramentis
1512 268 213 42 informabatur
1685 268 106 42 homo
1751 268 93 42 tum
1791 268 53 42 de

1038 302 136 40 mutabili
1140 302 113 40 natura
1219 302 91 40 sua,
1275 302 68 40 ut
1309 302 91 40 sibi
1366 302 57 40 a
1388 302 68 40 se
1422 302 147 40 metueret,
1536 302 79 40 tum
1581 302 68 40 de
1615 302 158 40 immutabili
1728 302 113 40 constan¬-

1045 326 79 51 tia
1090 326 90 51 Dei,
1146 326 68 51 ut
1180 326 192 51 studiosissime
1338 326 158 51 adhaereret
1462 326 90 51 Deo,
1519 326 102 51 seque
1586 326 68 51 in
1620 326 90 51 fide
1677 326 56 51 &
1699 326 135 51 obsequio
1790 326 56 51 il¬-

1044 358 94 45 lius
1091 358 129 45 continere

1159 388 176 54 Hactenus
1291 388 88 54 de
1336 388 206 54 Sacramento
1497 388 162 54 federis
1600 388 132 54 operum:

1372 438 131 46 sequitur.

1193 473 431 67 CAPUII

1148 541 90 66 In
1193 541 104 66 quo
1253 541 90 66 de
1297 541 209 66 Sacramento
1461 541 164 66 federis
1581 541 164 66 gratiae
1685 541 60 66 in

1349 596 161 54 genere.

1055 641 225 52 TIACRAMENTUM
1238 641 155 52 federis
1350 641 169 52 gratiae,
1477 641 99 52 est
1533 641 225 52 Sacramentum,
1716 641 99 52 quo
1759 641 84 52 Deus

1067 676 165 55 Psingulos
1194 676 139 55 fideles
1295 676 177 55 Sacramento
1434 676 139 55 utentes
1536 676 89 55 tum
1586 676 127 55 certos
1675 676 139 55 reddit,
1776 676 101 55 quod

1097 717 104 42 fedus
1166 717 127 42 gratiae
1258 717 58 42 &
1281 717 104 42 omnia
1350 717 161 42 beneficia,
1476 717 92 42 quae
1534 717 69 42 in
1568 717 69 42 eo
1603 717 115 42 federe
1672 717 173 42 promittuntur?

1060 749 83 51 non
1107 749 118 51 tantum
1190 749 71 51 ad
1226 749 118 51 alios,
1308 749 83 51 sed
1356 749 106 51 etiam
1426 749 71 51 ad
1462 749 106 51 ipsos
1533 749 165 51 singulatim
1663 749 177 51 pertineant,
1793 749 47 51 qu

1039 780 187 46 Sacramento
1185 780 160 46 secundum
1305 780 147 46 divinam
1412 780 227 46 institutionem
1599 780 160 46 utuntur;
1719 780 93 46 tum
1759 780 93 46 ipsos

1057 819 122 38 admonet
1146 819 178 38 obligationis
1291 819 134 38 ipsorum,
1391 819 78 38 qua
1435 819 89 38 illi
1491 819 89 38 sunt
1547 819 156 38 obstricti:
1669 819 56 38 &
1691 819 89 38 ipsi
1736 819 111 38 vicissim

1052 848 141 49 fideles
1155 848 154 49 pietatem
1270 848 102 49 suam
1334 848 90 49 tam
1385 848 115 49 coram
1462 848 90 49 Deo
1513 848 64 49 &
1539 848 154 49 Angelis,
1654 848 102 49 quam
1718 848 102 49 apud
1769 848 90 49 homi¬-

1055 889 79 43 nes
1100 889 159 43 testantur.
1225 889 125 43 Dicitur
1315 889 102 43 etiam
1383 889 113 43 signum
1463 889 170 43 invisibilis
1599 889 136 43 gratiae,
1701 889 91 43 quia
1746 889 102 43 federit

1057 922 133 48 gratiam
1153 922 109 48 quasi
1226 922 145 48 sigillum
1334 922 157 48 obsignat:
1455 922 121 48 minime
1539 922 109 48 autem
1612 922 96 48 quia
1672 922 133 48 gratiam
1769 922 72 48 in
1793 922 60 48 se¬-

1059 948 115 42 continet
1146 948 67 42 vel
1184 948 115 42 efficit.

1089 981 132 43 Dicitur
1185 981 216 43 frequentissime
1365 981 168 43 mysterium,
1498 981 96 43 quia
1558 981 168 43 significat
1690 981 84 43 res
1738 981 132 43 arcanas
1822 981 36 43 &

1050 1013 123 45 ignotas
1140 1013 101 45 illis
1207 1013 79 45 qui
1252 1013 101 45 verbo
1319 1013 79 45 Dei
1364 1013 67 45 de
1397 1013 202 45 significatione
1566 1013 56 45 &
1588 1013 79 45 usu
1633 1013 90 45 eius
1689 1013 79 45 non
1734 1013 90 45 sunt
1779 1013 67 45 edo¬-

1056 1050 83 40 cti:
1108 1050 83 40 quia
1160 1050 62 40 in
1191 1050 62 40 eo
1222 1050 94 40 aliud
1284 1050 125 40 videtur,
1378 1050 94 40 aliud
1440 1050 166 40 intelligitur

1079 1082 187 40 Ubiquitarii
1228 1082 99 40 ideo
1290 1082 162 40 mysterium
1414 1082 99 40 dici
1477 1082 137 40 putant,
1576 1082 99 40 quia
1638 1082 112 40 modus
1700 1082 162 40 percepionis

1050 1117 154 47 corporalis
1171 1117 77 47 sit
1215 1117 231 47 imperscrutabilis.
1413 1117 66 47 At
1446 1117 99 47 falsa
1512 1117 77 47 est
1556 1117 88 47 haec
1611 1117 110 47 causa:
1688 1117 88 47 quia
1732 1117 121 47 perceptio

1051 1153 177 34 corporalis
1191 1153 190 34 fundamentum
1343 1153 76 34 in
1381 1153 165 34 Scriptura
1507 1153 127 34 nullum
1596 1153 127 34 habet,
1685 1153 89 34 sed
1735 1153 89 34 est
1773 1153 89 34 huma¬-

1058 1188 91 36 num
1110 1188 169 36 figmentum
1240 1188 65 36 &
1266 1188 156 36 somnium.
1383 1188 130 36 Deinde
1475 1188 117 36 verus
1553 1188 117 36 modus
1631 1188 208 36 perceptionis
1787 1188 65 36 est

1061 1221 99 33 nobis
1127 1221 164 33 patefactus,
1258 1221 88 33 quod
1313 1221 142 33 perceptio
1423 1221 77 33 sit
1466 1221 175 33 spiritualis,
1609 1221 88 33 quod
1664 1221 88 33 fiat
1707 1221 77 33 fide:

1092 1253 122 37 Aliud
1174 1253 95 37 est
1228 1253 217 37 Sacramentum,
1404 1253 122 37 aliud
1485 1253 217 37 Testamentum:
1661 1253 108 37 quia
1715 1253 149 37 Sacramen¬-

1056 1277 86 52 tum
1105 1277 86 52 est
1154 1277 172 52 Testamenti
1277 1277 123 52 sigillum

1090 1309 154 45 Sacramenta
1211 1309 121 45 federis
1299 1309 121 45 gratiae
1387 1309 99 45 solis
1454 1309 143 45 fidelibus
1564 1309 143 45 instituta
1674 1309 88 45 sunt
1729 1309 55 45 a
1740 1309 66 45 Deo.

1095 1350 111 39 Sicut
1169 1350 123 39 verbum
1255 1350 86 39 non
1304 1350 148 39 acceptum
1415 1350 99 39 fide
1477 1350 86 39 est
1526 1350 123 39 inanis
1612 1350 148 39 sonitus:
1723 1350 86 39 sic
1760 1350 99 39 Sacra¬-

1060 1375 111 46 mentum
1138 1375 78 46 non
1182 1375 134 46 acceptum
1282 1375 100 46 fide,
1349 1375 89 46 quae
1405 1375 111 46 credit
1483 1375 67 46 id
1516 1375 89 46 quod
1572 1375 100 46 ritus
1638 1375 167 46 significat,
1772 1375 78 46 est
1805 1375 56 46 in¬-

1057 1419 127 35 utilis
1146 1419 165 35 ceremonia
1273 1419 63 35 &
1298 1419 114 35 inane
1374 1419 203 35 spectaculum.
1538 1419 101 35 Ideo
1602 1419 177 35 Sacramenta
1741 1419 127 35 impiis
1817 1419 38 35 &

1062 1448 165 40 incredulis
1192 1448 82 40 non
1239 1448 94 40 sunt
1297 1448 165 40 Sacramenta
1427 1448 129 40 quantum
1521 1448 71 40 ad
1556 1448 106 40 ipsos
1627 1448 141 40 attinet:
1733 1448 94 40 quia
1780 1448 82 40 ipsis

1070 1486 80 44 non
1115 1486 125 44 sigilla
1206 1486 148 44 justitiae
1320 1486 114 44 fidei.
1399 1486 80 44 Nec
1445 1486 102 44 eorum
1513 1486 125 44 externa
1604 1486 148 44 perceptio
1718 1486 125 44 prodest
1797 1486 57 44 ii¬-

1060 1516 81 45 qui
1107 1516 151 45 destituti
1223 1516 116 45 manent
1304 1516 58 45 &
1327 1516 104 45 vacui
1397 1516 139 45 veritate
1501 1516 104 45 eorum
1559 1516 116 45 interna.

1088 1542 185 53 Sacramenta
1233 1542 132 53 quidem
1325 1542 132 53 manent
1418 1542 185 53 Sacramenta
1563 1542 106 53 quod
1629 1542 79 53 ad
1668 1542 106 53 Deum
1721 1542 132 53 attinet.

1059 1582 165 36 Sacramenta
1189 1582 94 36 sunt
1248 1582 106 36 signa
1319 1582 130 36 gratiae
1413 1582 165 36 conversis,
1543 1582 83 36 sed
1590 1582 141 36 amittunt
1696 1582 83 36 vim
1743 1582 59 36 &
1767 1582 118 36 ratio¬

1069 1618 85 37 nem
1118 1618 183 37 Sacramenti,
1264 1618 98 37 quod
1325 1618 134 37 attinet
1422 1618 73 37 ad
1459 1618 158 37 infideles
1581 1618 85 37 iis
1630 1618 171 37 abutentes.
1764 1618 85 37 Nam
1800 1618 49 37 ex

1073 1652 108 37 presse
1149 1652 119 37 dicitur
1236 1652 108 37 Roman.
1312 1652 65 37 2.
1344 1652 98 37 vers.
1409 1652 76 37 25.
1452 1652 65 37 Si
1485 1652 173 37 transgressor
1626 1652 98 37 legis
1691 1652 76 37 es,
1723 1652 141 37 circumcisio

1069 1685 81 37 tua
1116 1685 161 37 praeputium
1242 1685 92 37 est.
1300 1685 69 37 Et
1334 1685 115 37 Jerem.
1415 1685 69 37 9.
1449 1685 104 37 vers.
1519 1685 81 37 26.
1565 1685 92 37 tota
1622 1685 104 37 domus
1691 1685 138 37 Israelis
1783 1685 81 37 prae¬-

1060 1723 137 38 putiati
1159 1723 100 38 sunt
1221 1723 125 38 corde.
1309 1723 75 38 Et
1346 1723 75 38 1.
1383 1723 149 38 Corinth.
1495 1723 87 38 11.
1545 1723 87 38 20.
1595 1723 75 38 de
1632 1723 112 38 Coena
1707 1723 125 38 Domini
1782 1723 87 38 uten¬-

1071 1754 113 34 libus
1147 1754 101 34 sine
1210 1754 101 34 vera
1273 1754 151 34 pietate:
1386 1754 88 34 Hoc
1436 1754 88 34 non
1487 1754 88 34 est
1537 1754 126 34 coenam
1625 1754 126 34 Domini
1713 1754 126 34 edere.
1789 1754 75 34 Unde

1067 1787 108 37 recte
1139 1787 120 37 dictum
1223 1787 84 37 est
1271 1787 72 37 ab
1307 1787 156 37 Augustino
1427 1787 72 37 in
1463 1787 120 37 Johan.
1546 1787 144 37 tractat.
1654 1787 84 37 80.
1702 1787 72 37 Si
1726 1787 144 37 carnaliter

1064 1815 124 43 accipis
1154 1815 158 43 spirituale
1279 1815 91 43 esse
1335 1815 79 43 non
1380 1815 136 43 desinit,
1482 1815 79 43 sed
1528 1815 91 43 tibi
1584 1815 79 43 non
1629 1815 91 43 est:
1686 1815 57 43 &
1709 1815 57 43 a
1731 1815 158 43 Chrysosto¬

1059 1853 74 35 mo
1096 1853 110 35 super
1169 1853 135 35 quartum
1267 1853 110 35 caput
1341 1853 74 35 ad
1378 1853 135 35 Romanos
1476 1853 135 35 homilia
1574 1853 135 35 octava,
1673 1853 135 35 σημειον
1771 1853 74 35 κι
1795 1853 74 35 τῶτο

1062 1885 108 40 εστιν,
1138 1885 86 40 δζαν
1192 1885 108 40 πξαγμα
1267 1885 130 40 φαενεταμ
1364 1885 140 40 παρογσοι,
1472 1885 130 40 τοτεστον
1570 1885 54 40 η
1591 1885 108 40 πισις,
1667 1885 65 40 ως
1699 1885 65 40 αυ
1731 1885 76 40 μῆη
1764 1885 97 40 τοθτυυσ

1072 1925 77 38 χης
1116 1925 87 38 θδιε
1170 1925 66 38 κγ
1203 1925 120 38 σημειον
1291 1925 109 38 λοεπόν
1367 1925 98 38 εἰναι
1433 1925 120 38 σημειον
1520 1925 131 38 υυνατει,
1619 1925 87 38 κνος
1673 1925 66 38 το
1706 1925 98 38 ἐοσαι
1761 1925 109 38 σημειον;

1063 1950 96 36 δνος
1123 1950 72 36 δε
1159 1950 145 36 σφραγις,
1268 1950 72 36 οκ
1304 1950 108 36 δνlος
1376 1950 84 36 σοῦ
1424 1950 205 36 σφραγιζομδης,
1593 1950 84 36 hoc
1641 1950 96 36 est:
1701 1950 120 36 Signum
1786 1950 60 36 &
1798 1950 60 36 ho¬-

1065 1994 89 33 est,
1120 1994 89 33 quum
1176 1994 89 33 ipsa
1231 1994 78 33 res
1276 1994 100 33 penes
1342 1994 67 33 te
1376 1994 166 33 exstiterit,
1509 1994 78 33 hoc
1553 1994 89 33 est,
1609 1994 89 33 ipsa
1664 1994 111 33 fides;
1742 1994 155 33 quandoqui¬

1052 2026 82 33 dem
1099 2026 70 33 si
1134 2026 82 33 hac
1181 2026 153 33 carueris,
1299 2026 70 33 ne
1334 2026 106 33 ipsum
1404 2026 117 33 quidem
1486 2026 129 33 signum,
1580 2026 117 33 signum
1663 2026 94 33 esse
1721 2026 129 33 potest:
1803 2026 59 33 Cu¬-

1052 2048 87 42 ius
1101 2048 99 42 enim
1163 2048 124 42 signum
1250 2048 111 42 erit;
1324 2048 111 42 cuius
1398 2048 186 42 signaculum?
1546 2048 99 42 quum
1608 2048 87 42 non
1658 2048 87 42 sit
1707 2048 87 42 qui
1744 2048 124 42 obsigne¬-

1063 2081 95 41 tur.
1122 2081 71 41 Et
1158 2081 95 41 mox:
1217 2081 71 41 ei
1253 2081 71 41 το
1288 2081 178 41 δικαροσυωκς
1430 2081 83 41 ἐσί
1477 2081 142 41 σημειον,
1584 2081 166 41 δεκανοσυθκ
1714 2081 71 41 δο
1750 2081 71 41 κκ
1773 2081 95 41 εχεις,

1059 2120 76 38 δδε
1103 2120 119 38 σημειον
1189 2120 87 38 ἔχι,
1244 2120 76 38 hoc
1287 2120 87 38 est,
1341 2120 65 38 Si
1374 2120 87 38 enim
1428 2120 141 38 justitiae
1537 2120 65 38 ea
1569 2120 108 38 signum
1645 2120 87 38 est,
1699 2120 130 38 justitia
1786 2120 76 38 autem

1053 2156 156 36 carueris,
1173 2156 84 36 sit
1221 2156 72 36 ut
1257 2156 72 36 ne
1293 2156 120 36 signum
1378 2156 120 36 quidem
1450 2156 96 36 habeus

1095 2179 98 44 Usus
1156 2179 98 44 ergo
1217 2179 171 44 legitimus,
1351 2179 85 44 seu
1400 2179 159 44 usurpatio
1522 2179 146 44 legitima
1631 2179 171 44 Sacramenti
1753 2179 110 44 federis

1067 2220 135 42 gratiae,
1168 2220 79 42 non
1213 2220 79 42 est
1258 2220 90 42 sola
1314 2220 213 42 observatioritus
1493 2220 123 42 externi
1583 2220 90 42 sine
1639 2220 90 42 fide
1695 2220 146 42 referente
1796 2220 79 42 ritum

1050 2249 68 40 ad
1084 2249 102 40 finem
1151 2249 113 40 illum,
1230 2249 102 40 cujus
1298 2249 113 40 gratia
1377 2249 56 40 a
1399 2249 79 40 Deo
1445 2249 158 40 institutus
1557 2249 68 40 est.

1087 2277 182 46 Sacramentis
1233 2277 97 46 enim
1294 2277 134 46 federis
1391 2277 134 46 gratiae
1488 2277 85 46 non
1537 2277 97 46 alia
1598 2277 158 46 promissio
1719 2277 85 46 est
1756 2277 109 46 addita,

1060 2323 98 41 quam
1121 2323 146 41 gratiae,
1231 2323 98 41 quae
1292 2323 122 41 semper
1377 2323 110 41 habet
1450 2323 159 41 adjunctam
1572 2323 183 41 conditionem
1719 2323 122 41 fidei,
1792 2323 73 41 sive

1059 2344 164 54 expressam,
1188 2344 94 54 sive
1235 2344 153 54 intellectam

1083 2381 163 37 Sacramenta
1211 2381 81 37 non
1258 2381 105 37 facit
1328 2381 116 37 fides,
1409 2381 105 37 sicut
1479 2381 105 37 eadem
1549 2381 105 37 fides
1619 2381 81 37 non
1665 2381 105 37 facit
1735 2381 116 37 verbum
1805 2381 58 37 au¬-

1055 2420 142 39 dibile:
1159 2420 91 39 sed
1210 2420 116 39 fides
1288 2420 91 39 est
1340 2420 207 39 ustrumentum,
1508 2420 142 39 medium,
1611 2420 65 39 &
1637 2420 129 39 manus,
1728 2420 91 39 qua
1766 2420 91 39 acci¬-

1068 2448 144 39 piuntur
1173 2448 92 39 res
1225 2448 210 39 significatae
1396 2448 66 39 &
1422 2448 144 39 oblatae
1528 2448 66 39 a
1554 2448 92 39 Deo
1606 2448 92 39 per
1659 2448 131 39 verbum
1751 2448 66 39 &
1764 2448 105 39 Sacra¬

1044 2489 98 41 menta

1098 2517 170 46 Sacramenta
1231 2517 97 46 ergo
1292 2517 146 46 prosunt,
1401 2517 85 46 hoc
1450 2517 97 46 est,
1510 2517 146 46 exhibent
1619 2517 61 46 &
1644 2517 158 46 obsignant
1753 2517 121 46 gratiam,

964 2556 93 44 f

1092 2573 84 48 Non
1140 2573 72 48 ex
1176 2573 108 48 opere
1248 2573 144 48 operato,
1356 2573 84 48 hoc
1404 2573 96 48 est,
1464 2573 144 48 naturali
1571 2573 168 48 aptitudine
1703 2573 72 48 ac
1739 2573 72 48 vi
1763 2573 108 48 externi

1068 2620 119 46 ipsius
1151 2620 119 46 operis
1234 2620 131 46 peracti
1329 2620 107 46 etiam
1401 2620 95 46 sine
1460 2620 95 46 fide
1520 2620 59 46 &
1543 2620 131 46 interno
1638 2620 95 46 bono
1698 2620 95 46 motu
1745 2620 119 46 utentis:

1060 2644 89 51 vel,
1115 2644 67 51 ut
1149 2644 89 51 alii
1204 2644 122 51 volunt,
1293 2644 78 51 per
1337 2644 100 51 modum
1404 2644 178 51 assistentiae
1548 2644 133 51 virtutis
1648 2644 122 51 divinae
1726 2644 133 51 adsignata.

1066 2676 71 47 ex
1102 2676 118 47 pacto,
1184 2676 106 47 etiam
1255 2676 94 47 sine
1314 2676 106 47 fide,
1385 2676 59 47 &
1408 2676 130 47 interno
1503 2676 94 47 motu
1562 2676 142 47 utentis:
1668 2676 94 47 Unde
1727 2676 118 47 salsum
1798 2676 59 47 est

1065 2717 224 44 Scholasticorum
1252 2717 175 44 commentum,
1389 2717 175 44 Sacramenta
1526 2717 187 44 justificare
1675 2717 75 44 ex
1713 2717 112 44 opere
1775 2717 75 44 ope¬-

1063 2744 109 50 rato;
1135 2744 109 50 neque
1208 2744 97 50 enim
1268 2744 169 50 Sacramerta
1401 2744 157 50 utentibus
1521 2744 157 50 justitiam
1642 2744 157 50 infundunt
1763 2744 72 50 ut
1787 2744 60 50 cut

1064 2782 114 44 urceus
1144 2782 160 44 effunditur
1269 2782 69 44 in
1304 2782 91 44 vas;
1361 2782 80 44 aut
1406 2782 69 44 vi
1441 2782 91 44 sibi
1498 2782 114 44 indita
1578 2782 149 44 imprimunt
1692 2782 137 44 gratiam,
1783 2782 69 44 sicu

1068 2818 119 43 malleo
1151 2818 166 43 impellitur
1282 2818 119 43 clavus
1365 2818 71 43 in
1401 2818 143 43 parietem
1508 2818 83 43 aut
1555 2818 131 43 metallo
1650 2818 166 43 imprimitur
1769 2818 95 43 signum

1076 2855 120 44 aliquod.

1094 2869 88 58 Nec
1145 2869 75 58 ex
1182 2869 113 58 opere
1258 2869 176 58 operantis,
1395 2869 88 58 hoc
1446 2869 100 58 est,
1508 2869 75 58 ex
1546 2869 163 58 devotione
1671 2869 63 58 &
1696 2869 125 58 merito
1772 2869 75 58 utem

1059 2924 55 35 tis

1094 2940 84 54 Sed
1142 2940 72 54 ex
1178 2940 180 54 promissione
1323 2940 84 54 Dei
1371 2940 193 54 instituentis
1527 2940 180 54 Sacramentum
1671 2940 60 54 &
1696 2940 72 54 ex
1732 2940 96 54 fide
1780 2940 84 54 viva¬-

1060 2985 141 51 hominis
1163 2985 141 51 utentis
1252 2985 154 51 Sacramento

1103 3004 158 54 Caeterum
1221 3004 66 54 &
1248 3004 132 54 verbum
1340 3004 66 54 &
1366 3004 184 54 Sacramenta
1511 3004 118 54 fidem
1590 3004 145 54 nostram
1695 3004 79 54 ad
1721 3004 132 54 Christum

1064 3044 138 61 tanquam
1165 3044 125 61 unicum
1253 3044 138 61 salutis
1353 3044 138 61 nostrae
1453 3044 201 61 fundamentum,
1617 3044 151 61 deducunt

1107 3073 173 52 Sacramenta
1243 3073 136 52 federis
1341 3073 136 52 gratiae
1440 3073 99 52 idem
1502 3073 148 52 nunciant
1613 3073 136 52 oculis,
1712 3073 99 52 quod
1762 3073 111 52 verbum;

1074 3108 160 51 Evangelii
1196 3108 135 51 nunciat
1295 3108 147 51 autibus.
1405 3108 98 51 Hinc
1466 3108 172 51 appellatur
1601 3108 196 51 Sacramentum,
1749 3108 110 51 Evange¬-

1065 3153 91 49 lium
1110 3153 125 49 visibile.

1113 3172 120 62 Igitur
1197 3172 108 62 nihil
1268 3172 108 62 aliud
1340 3172 72 62 in
1376 3172 179 62 Sacramentis
1519 3172 108 62 nobis
1591 3172 179 62 proponitur:
1735 3172 143 62 offertur
1830 3172 36 62 &

1076 3211 120 52 datur
1155 3211 66 52 &
1182 3211 199 52 obsignatur,
1342 3211 106 52 quam
1408 3211 80 52 in
1448 3211 173 52 Evangelio
1581 3211 199 52 promittitur
1740 3211 66 52 &
1754 3211 106 52 annunm

1076 3244 142 57 ciatur:
1180 3244 91 57 sed
1231 3244 103 57 unum
1296 3244 155 57 idemque,
1412 3244 116 57 nempe
1490 3244 155 57 Christus
1606 3244 91 57 cum
1658 3244 103 57 suis
1710 3244 155 57 beneficiis
