2063 3475
210 189 119 68 Adsunt
293 189 83 68 non
341 189 131 68 delapsa
436 189 83 68 aut
484 189 143 68 detracta
591 189 71 68 de
627 189 107 68 coelo
698 189 71 68 in
734 189 95 68 haec
794 189 131 68 terrena
877 189 131 68 elementa:

188 235 99 49 quia
250 235 149 49 Christum
361 235 87 49 suo
411 235 136 49 corpore
510 235 136 49 oportet
609 235 112 49 coelo
684 235 136 49 suscipi
783 235 112 49 usque
858 235 74 49 ad
882 235 112 49 tempora

191 278 226 40 restitutionis
377 278 146 40 omnium,
483 278 80 40 ut
523 278 93 40 non
577 278 133 40 tantum
670 278 160 40 Lutherus
789 278 133 40 verbum
869 278 120 40 δεζαρασ

193 311 89 43 Act.
248 311 67 43 3.
282 311 67 43 v.
315 311 78 43 21.
359 311 122 43 passive
448 311 111 43 vertit
525 311 67 43 in
559 311 78 43 sua
603 311 89 43 novi
658 311 155 43 Testamenti
780 311 177 43 translatione
913 311 78 43 Lati¬-

190 344 88 42 na,
241 344 202 42 Vittembergae
405 344 126 42 edita:
493 344 88 42 sed
543 344 113 42 etiam
619 344 164 42 Gregorius
745 344 189 42 Nazianzenus
896 344 76 42 in
921 344 76 42 Ora¬-

193 371 102 42 tione
261 371 124 42 secunda
351 371 68 42 de
374 371 90 42 Filios

234 400 125 54 Adsunt
322 400 138 54 nostrae
422 400 113 54 menti
498 400 88 54 per
548 400 150 54 Spiritum
660 400 138 54 Sanctum
761 400 63 54 &
786 400 113 54 fidem
861 400 75 54 in
886 400 100 54 coelum

191 435 149 55 sublatae,
305 435 57 55 &
328 435 80 55 ibi
374 435 69 55 in
409 435 138 55 coelesti
512 435 103 55 mensa
581 435 126 55 corpore
673 435 57 55 &
696 435 138 55 sanguine
800 435 126 55 Christi
880 435 115 55 potienti

187 476 58 45 &
211 476 140 45 fruenti.
315 476 93 45 Hinc
374 476 105 45 dicit
444 476 151 45 Irenaeus,
560 476 105 45 Panem
630 476 93 45 esse
688 476 186 45 Eucharistiam
840 476 70 45 ex
875 476 105 45 duab.
933 476 58 45 re¬-

199 504 79 41 bus
244 504 169 41 constantem,
379 504 124 41 terrena
470 504 56 41 &
481 504 124 41 coelestis

194 579 139 39 gratione
299 579 58 39 e
322 579 139 39 corpore,
427 579 81 39 sed
473 579 116 39 sancto
555 579 58 39 &
578 579 116 39 devoto
647 579 105 39 affectu

229 597 118 58 Corpus
312 597 59 58 &
335 597 130 58 sanguis
430 597 130 58 Christi
524 597 118 58 adsunt
606 597 71 58 in
642 597 106 58 Coena
712 597 212 58 spiritualiter,
877 597 118 58 quatenus

198 629 130 49 nimirum
293 629 178 49 efficaciter
435 629 178 49 objiciuntur
577 629 142 49 mentibus
683 629 178 49 credentium,
825 629 71 49 ut
861 629 71 49 in
885 629 107 49 contem¬-

194 678 128 37 platione
290 678 117 37 illorum
376 678 107 37 fideli
450 678 149 37 occupatae,
568 678 181 37 spiritualiter
717 678 75 37 iis
759 678 149 37 potiantur,
877 678 96 37 atque
930 678 64 37 inde

200 711 161 37 percipiant
326 711 103 37 vitam
395 711 149 37 aeternam:
509 711 80 37 hoc
555 711 92 37 est,
613 711 115 37 adsunt
693 711 69 37 in
728 711 103 37 verbo
796 711 195 37 promissionis,
957 711 69 37 ut

190 745 105 31 Luth.
260 745 70 31 in
295 745 152 31 Catechesi
412 745 117 31 majore
494 745 152 31 explicat,
610 745 93 31 quia
668 745 175 31 praesentiae
808 745 140 31 corporis
913 745 58 31 &
925 745 70 31 san¬-

197 773 127 43 guinis
286 773 140 43 Christi
388 773 76 43 in
426 773 114 43 Coena
502 773 152 43 Dominica
616 773 190 43 fundamentum
769 773 89 43 est
819 773 165 43 promissio
934 773 63 43 di¬-

188 810 113 40 vina.
264 810 100 40 Quod
326 810 113 40 autem
402 810 150 40 Christus
514 810 163 40 promisit,
640 810 75 40 id
677 810 100 40 vult
740 810 63 40 &
765 810 125 40 potest
853 810 163 40 perficere
965 810 38 40 &

187 837 116 46 praestare.

232 869 70 45 Et
267 869 81 45 eam
314 869 174 45 praesentiam
453 869 81 45 non
499 869 128 45 efficit
592 869 104 45 fides
662 869 128 45 nostra:
755 869 81 45 sed
801 869 139 45 Christus
906 869 93 45 ipse
952 869 58 45 suo

223 904 107 39 piritu
298 904 107 39 facit,
373 904 64 39 ut
405 904 107 39 corpus
480 904 54 39 &
502 904 118 39 sanguis
587 904 107 39 ipsius
662 904 96 39 nobis
716 904 96 39 adsint.

226 939 101 36 Fides
293 939 101 36 autem
361 939 112 36 oblata
439 939 90 36 haec
496 939 90 36 bona
552 939 146 36 coelestia
664 939 124 36 accipit
754 939 124 36 sibique
844 939 146 36 applicat,

222 967 96 45 Unde
282 967 108 45 panis
354 967 60 45 &
378 967 108 45 vinum
450 967 84 45 non
498 967 120 45 tantum
582 967 180 45 significati
725 967 72 45 va
761 967 108 45 signa
833 967 108 45 sunt,
905 967 84 45 sed
941 967 60 45 et¬-

198 1005 85 39 iam
247 1005 183 39 exhibitiva:
393 1005 98 39 quia
454 1005 146 39 Christus
564 1005 85 39 cum
613 1005 85 39 iis
661 1005 85 39 ita
710 1005 98 39 vere
771 1005 122 39 corpus
857 1005 61 39 &
869 1005 134 39 sanguinem

196 1037 91 41 suum
253 1037 137 41 exhibet,
355 1037 103 41 sicut
424 1037 91 41 suis
481 1037 160 41 discipulis
607 1037 91 41 vere
664 1037 103 41 dedit
732 1037 137 41 Spiritum
835 1037 126 41 Sanctum
915 1037 80 41 signe

197 1076 132 34 afflatus
296 1076 88 34 oris
351 1076 88 34 sui,
406 1076 99 34 sicut
472 1076 99 34 tactu
538 1076 99 34 manus
605 1076 110 34 multis
682 1076 132 34 contulit
781 1076 154 34 sanitatem,
902 1076 77 34 cum
935 1076 66 34 cir¬-

189 1106 176 40 cumcisione
328 1106 126 40 carnis
416 1106 226 40 circumcisionem
604 1106 138 40 cordis,
705 1106 63 40 &
730 1106 88 40 cum
780 1106 151 40 baptismo
881 1106 113 40 regenes

173 1140 141 39 rationem

223 1170 83 40 Sic
271 1170 107 40 modus
342 1170 179 40 praesentiae
485 1170 143 40 corporis
593 1170 60 40 &
616 1170 155 40 sanguinis
736 1170 131 40 Christi
831 1170 72 40 in
867 1170 107 40 Sacra
926 1170 60 40 Co¬-

205 1206 67 35 na
238 1206 79 35 est
283 1206 191 35 sacramentalis
441 1206 56 35 &
463 1206 180 35 spiritualis.
609 1206 202 35 Sacramentalis,
778 1206 90 35 quia
834 1206 67 35 ut
867 1206 90 35 fert
912 1206 79 35 natur

188 1238 232 43 Sacramentorum,
381 1238 155 43 Christus
497 1238 90 43 cum
549 1238 129 43 signis
639 1238 116 43 simul
716 1238 142 43 exhibet
807 1238 193 43 communicanti¬-

189 1269 86 40 bus
238 1269 86 40 rem
287 1269 159 40 signatam:
409 1269 196 40 Spiritualis,
568 1269 98 40 quia
630 1269 122 40 corpus
715 1269 61 40 &
740 1269 135 40 sanguis
838 1269 147 40 Christi,
936 1269 61 40 non

199 1303 160 39 simpliciter
327 1303 53 39 &
349 1303 128 39 quatenus
445 1303 85 39 sunt
498 1303 64 39 in
530 1303 85 39 sese
583 1303 75 39 res
626 1303 181 39 subsistentes,
775 1303 75 39 sed
807 1303 192 39 intellectualiter

189 1336 190 46 consideranda
343 1336 71 46 ut
379 1336 83 46 res
426 1336 142 46 mysticae
533 1336 190 46 proponuntur;
687 1336 59 46 &
711 1336 119 46 menti,
794 1336 83 46 non
841 1336 142 46 corpori,
936 1336 59 46 fi¬-

202 1372 94 37 dei,
261 1372 82 37 non
308 1372 153 37 sensibus;
425 1372 106 37 mente
496 1372 117 37 quoque
578 1372 59 37 &
601 1372 106 37 solam
672 1372 94 37 fide
730 1372 129 37 sumenda
824 1372 176 37 praebentur.

226 1403 118 39 Adsunt
309 1403 118 39 igitur
391 1403 71 39 in
427 1403 106 39 Sacra
497 1403 106 39 Coena
568 1403 118 39 corpus
650 1403 59 39 &
674 1403 130 39 sanguis
768 1403 130 39 Christi
863 1403 71 39 ea
886 1403 118 39 praesen¬-

204 1436 88 39 ia,
255 1436 100 39 quam
317 1436 125 39 fides,
405 1436 113 39 nonos
480 1436 163 39 corporis:
606 1436 100 39 quam
668 1436 163 39 Spiritus,
794 1436 88 39 non
844 1436 138 39 litera:
932 1436 75 39 quam

196 1476 127 40 Christi
289 1476 162 40 sententia,
416 1476 81 40 non
463 1476 185 40 Capernaitica
613 1476 197 40 interpretatio
775 1476 151 40 requirit,
891 1476 69 40 ut
914 1476 93 40 potius

195 1504 137 36 nostros
294 1504 125 36 animos
381 1504 87 36 per
431 1504 112 36 fidem
506 1504 125 36 sursum
593 1504 137 36 attolli
693 1504 162 36 oporteat,
817 1504 100 36 quam
867 1504 137 36 gloriosam

195 1535 110 40 illam
268 1535 73 40 ac
305 1535 122 40 beatam
391 1535 122 40 Domini
476 1535 122 40 nostri
562 1535 98 40 Iesu
623 1535 135 40 Christi
721 1535 122 40 carnem
807 1535 73 40 de
844 1535 110 40 coelo
917 1535 73 40 in
942 1535 61 40 ha¬-

195 1572 132 41 miserr:
291 1572 84 41 mas
339 1572 120 41 terras
423 1572 144 41 detrahi,
531 1572 132 41 ejusque
626 1572 156 41 descensum
746 1572 180 41 invisibilem
890 1572 72 41 in
914 1572 96 41 panem,

202 1602 62 40 &
226 1602 124 40 iterum
313 1602 161 40 adscensum
438 1602 75 40 in
475 1602 124 40 coelum
562 1602 99 40 post
624 1602 174 40 celebratam
761 1602 137 40 sanctam
860 1602 124 40 coenam
934 1602 75 40 fin¬

182 1642 84 40 gere,

311 1685 109 66 Haec
379 1685 81 66 de
420 1685 122 66 prima
501 1685 231 66 Sacramentalis
691 1685 149 66 unionis
786 1685 109 66 parte.

227 1749 125 45 Secunda
318 1749 91 45 pars
375 1749 125 45 unionis
466 1749 205 45 sacramentalis,
637 1749 80 45 est
682 1749 160 45 conjunctio
808 1749 137 45 actionis
899 1749 114 45 externae

198 1787 85 43 cum
247 1787 134 43 actione
332 1787 122 43 interna.

237 1813 85 47 Nam
286 1813 73 47 in
322 1813 146 47 legitimo
432 1813 122 47 Coenae
517 1813 158 47 Dominicae
639 1813 97 47 usu,
699 1813 85 47 qui
748 1813 85 47 sit
797 1813 85 47 per
846 1813 122 47 fidem,
919 1813 97 47 revera

198 1855 159 43 conjuncta
320 1855 86 43 est
369 1855 86 43 cum
418 1855 183 43 exhibitione
564 1855 61 43 &
589 1855 183 43 perceptione
735 1855 110 43 panis
809 1855 61 43 &
833 1855 98 43 vini
894 1855 110 43 etiam
955 1855 49 43 ex

193 1887 127 46 hibitio
286 1887 58 46 &
309 1887 127 46 fruitio
401 1887 92 46 veri
459 1887 138 46 corporis
562 1887 58 46 &
585 1887 150 46 sanguinis
689 1887 104 46 Christ.

233 1907 125 54 Estque
321 1907 163 54 perceptio
446 1907 113 54 fidei
522 1907 113 54 multo
597 1907 138 54 certior
697 1907 100 54 omni
760 1907 225 54 comprehensione
935 1907 75 54 sen¬-

203 1949 94 52 suum
262 1949 82 52 vel
309 1949 141 52 rationis
415 1949 129 52 humanae
509 1949 106 52 etiam
567 1949 200 52 exquisitissimae

233 1974 84 46 Cum
281 1974 96 46 pane
341 1974 96 46 ergo
400 1974 60 46 &
424 1974 96 46 vino
484 1974 155 46 exhibetur
603 1974 60 46 a
627 1974 131 46 Christo
723 1974 60 46 &
746 1974 167 46 percipitur
878 1974 60 46 a
902 1974 96 46 vere
949 1974 60 46 fi¬-

199 2012 129 43 delibus
293 2012 117 43 corpus
375 2012 59 43 &
399 2012 129 43 sanguis
492 2012 141 43 Christi:
598 2012 94 43 quod
656 2012 82 43 non
703 2012 152 43 intelligi
820 2012 129 43 debetus
914 2012 70 43 id
938 2012 70 43 est,

205 2047 102 39 simul
272 2047 102 39 loco,
340 2047 68 39 ac
374 2047 68 39 si
408 2047 68 39 in
442 2047 79 39 vel
487 2047 79 39 sub
532 2047 90 39 pane
589 2047 124 39 corpus,
679 2047 90 39 item
736 2047 68 39 in
770 2047 79 39 vel
815 2047 79 39 sub
860 2047 90 39 vino
905 2047 102 39 sanguis

202 2082 121 41 Christi
290 2082 66 41 in
323 2082 99 41 eodem
390 2082 88 41 loco
445 2082 77 41 hic
489 2082 66 41 in
522 2082 110 41 terris
599 2082 121 41 essent;
688 2082 77 41 sed
732 2082 88 41 ἀμα,
787 2082 66 41 id
820 2082 88 41 est,
876 2082 99 41 simul
931 2082 66 41 tem¬-

208 2111 109 40 pore,
281 2111 73 40 ut
317 2111 85 40 sit
366 2111 134 40 sensus:
463 2111 121 40 Quando
548 2111 97 40 homo
609 2111 134 40 fidelis
706 2111 97 40 edit
766 2111 109 40 panem
839 2111 121 40 Domini
924 2111 61 40 &
936 2111 61 40 bi¬-

202 2148 85 45 bit
251 2148 110 45 vinum
324 2148 122 45 Domini
409 2148 85 45 ore
458 2148 158 45 corporis,
580 2148 85 45 tum
628 2148 110 45 eodem
702 2148 134 45 tempore
799 2148 110 45 simul
872 2148 98 45 edit
921 2148 73 45 cor¬-

210 2181 84 52 bus
258 2181 60 52 &
282 2181 108 52 bibit
354 2181 156 52 sanguinem
475 2181 132 52 Christi
571 2181 84 52 ore
607 2181 108 52 animae.

316 2222 163 61 Hactenus
438 2222 81 61 de
479 2222 149 61 materia
587 2222 68 61 &
615 2222 122 61 forma
696 2222 135 61 Sacrae
777 2222 122 61 Coenae.

235 2293 103 50 Fines
303 2293 80 50 seu
349 2293 92 50 usus
407 2293 115 50 Coenae
487 2293 115 50 Domini
567 2293 161 50 peculiares
694 2293 103 50 sunt:

243 2315 69 61 I.
278 2315 69 61 Ut
313 2315 81 61 sit
359 2315 127 61 memoria
451 2315 161 61 sacrificii
577 2315 196 61 propitiatorii
738 2315 127 61 Christi
830 2315 104 61 semel
899 2315 69 61 in
922 2315 81 61 cruco

220 2370 130 40 peracti
315 2370 83 40 per
362 2370 94 40 quod
421 2370 83 40 cum
468 2370 83 40 Deo
515 2370 189 40 reconciliati
668 2370 118 40 sumus,
751 2370 59 40 1
774 2370 141 40 Corinth.
880 2370 71 40 11
916 2370 83 40 26.
951 2370 59 40 Se¬-

204 2398 86 44 mel
253 2398 160 44 immolatus
376 2398 86 44 est
425 2398 148 44 Christus
536 2398 74 44 in
573 2398 135 44 seipso:
672 2398 74 44 in
709 2398 172 44 Sacramento
844 2398 123 44 Coenae
918 2398 86 44 autem

207 2436 121 40 toties
291 2436 157 40 immolatur
412 2436 193 40 credentibus,
569 2436 133 40 quoties
665 2436 96 40 illa
726 2436 181 40 celebratur.
870 2436 96 40 Idem
919 2436 84 40 doce¬-

216 2465 166 43 Augustinus
347 2465 119 43 epist.
430 2465 226 43 vigesima-tertia
620 2465 95 43 quae
679 2465 83 43 est
727 2465 71 43 ad
762 2465 178 43 Bonifacium:
905 2465 59 43 &
917 2465 83 43 Hiero

216 2491 101 56 nymus
283 2491 112 56 epist.
362 2491 90 56 146.
418 2491 90 56 quae
474 2491 79 56 est
519 2491 67 56 ad
552 2491 135 56 Damasum,
653 2491 67 56 Et
687 2491 67 56 in
721 2491 101 56 Psal.
788 2491 79 56 95.
833 2491 90 56 ait;
878 2491 123 56 Quotidie.

216 2557 215 50 propitiatorium
395 2557 108 50 μετυν
467 2557 132 50 υμικως,
563 2557 84 50 non
611 2557 155 50 proprium,
730 2557 108 50 verum
802 2557 60 50 &
826 2557 120 50 reale,
909 2557 84 50 sed
945 2557 72 50 uvn¬-

222 2598 134 41 μκονίκοι,
325 2598 72 41 hoc
366 2598 83 41 est,
418 2598 134 41 memoriale
521 2598 124 41 proprii,
614 2598 83 41 veri
665 2598 52 41 &
686 2598 103 41 realis
758 2598 103 41 illius
830 2598 144 41 sacrificii
933 2598 83 41 propi¬-

228 2621 134 57 atorii,
325 2621 97 57 quod
386 2621 146 57 Christus
496 2621 97 57 ipse
556 2621 146 57 obtulit.
666 2621 85 57 Est
715 2621 110 57 etiam
788 2621 110 57 eadem
861 2621 110 57 Coena
922 2621 97 57 Domini

226 2662 159 44 acrificium
350 2662 204 44 Eucharisticum,
520 2662 91 44 quia
577 2662 136 44 Ecclesia
679 2662 68 44 in
713 2662 79 44 eo,
758 2662 79 44 tum
803 2662 136 44 seipsam,
905 2662 79 44 tum
939 2662 68 44 lau¬-

210 2691 82 48 des
257 2691 82 48 Deo
304 2691 117 48 offert
386 2691 129 48 debitas
480 2691 82 48 pro
527 2691 164 48 redemtione
656 2691 117 48 nostri
738 2691 106 48 facta
809 2691 82 48 per
855 2691 106 48 verum
926 2691 59 48 &
938 2691 70 48 uni¬-

220 2726 87 46 cum
269 2726 186 46 sacrificium
418 2726 136 46 Christi
517 2726 186 46 expiatorium
666 2726 74 46 in
703 2726 111 46 cruce
765 2726 173 46 consummatum:

245 2750 115 55 Idque
322 2750 140 55 quoties
423 2750 115 55 Sacra
500 2750 115 55 Coena
576 2750 191 55 celebratur,
729 2750 89 55 non
780 2750 127 55 tantum
869 2750 89 55 Deo
907 2750 102 55 Patri¬-

204 2797 82 43 sed
251 2797 105 43 etiam
321 2797 129 43 Christo
415 2797 94 43 ipsi
474 2797 59 43 &
497 2797 141 43 Spiritui
603 2797 117 43 Sancto
685 2797 152 43 offertur.
802 2797 164 43 Hieronymus
919 2797 94 43 adver¬-

217 2822 79 49 sus
262 2822 180 49 Vigilantium,
408 2822 112 49 capite
487 2822 124 49 quarto:
577 2822 157 49 Sacrificia
700 2822 79 49 die
745 2822 135 49 Dominico
847 2822 124 49 Christo
925 2822 79 49 offo¬-

205 2865 122 35 renda,
290 2865 171 35 Augustinus
425 2865 98 35 sive
486 2865 171 35 Fulgentius
621 2865 73 35 de
658 2865 98 35 fide
719 2865 73 35 ad
756 2865 122 35 Petrum
842 2865 159 35 Diaconum,
952 2865 61 35 ca¬-

217 2897 92 36 pite
274 2897 80 36 19.
320 2897 161 36 Firmissime
446 2897 92 36 tene
504 2897 57 36 &
527 2897 161 36 nullatenus
653 2897 138 36 dubites,
756 2897 103 36 ipsum
825 2897 161 36 Unigenitum
940 2897 69 36 Deum

207 2928 122 39 Verbum
292 2928 122 39 carnem
377 2928 134 39 factum,
475 2928 73 39 se
511 2928 85 39 pro
560 2928 110 39 nobis
633 2928 158 39 obtulisse
754 2928 183 39 sacrificium
900 2928 61 39 &
913 2928 110 39 hostiam

210 2951 92 50 Deo,
268 2951 69 50 in
303 2951 116 50 odorem
384 2951 173 50 suavitatis.
522 2951 81 50 Cui
569 2951 104 50 nunc,
638 2951 69 50 id
672 2951 92 50 est,
730 2951 127 50 tempore
823 2951 92 50 Novi
869 2951 150 50 Testamintia

207 2985 79 51 cum
252 2985 101 51 Patre
319 2985 56 51 &
342 2985 124 51 Spiritu
432 2985 124 51 Sancto,
522 2985 79 51 cum
567 2985 113 51 quibus
646 2985 90 51 illi
703 2985 79 51 est
748 2985 79 51 una
793 2985 158 51 diuinitas,
905 2985 113 51 sacrifi¬-

209 3019 88 50 cium
264 3019 99 50 panis
330 3019 55 50 &
352 3019 88 50 vini
407 3019 66 50 in
440 3019 88 50 fide
495 3019 55 50 &
517 3019 77 50 ch.
561 3019 132 50 aritate,
659 3019 110 50 sancta
736 3019 132 50 Ecclesia
835 3019 143 50 Catholica
945 3019 77 50 per
978 3019 44 50 u¬-

212 3060 134 46 niversum
313 3060 101 46 orbem
380 3060 112 46 terrae
458 3060 123 46 offerre
548 3060 78 46 non
582 3060 78 46 cessa

246 3088 80 47 II.
291 3088 69 47 Ut
326 3088 80 47 sit
371 3088 114 47 signum
451 3088 206 47 continuationis
623 3088 126 47 federis
715 3088 137 47 gratiae;
818 3088 126 47 sanciti
898 3088 114 47 sanguint

209 3124 141 46 Christi
312 3124 90 46 jam
363 3124 128 46 effuso
452 3124 77 46 in
491 3124 192 46 remissionem
644 3124 179 46 peccatorum
785 3124 179 46 nostrorum,
913 3124 102 46 Matth.

219 3162 68 40 26.
258 3162 58 40 v.
287 3162 68 40 28.
326 3162 87 40 Lucae
383 3162 68 40 22.
422 3162 58 40 v.
451 3162 68 40 20.
490 3162 58 40 1.
519 3162 77 40 Cor.
567 3162 68 40 11.
605 3162 58 40 v.
625 3162 48 40 25.

250 3180 98 53 III.
311 3180 73 53 Ut
348 3180 86 53 sit
397 3180 171 53 obsignatio
531 3180 61 53 &
556 3180 147 53 symbolum
666 3180 184 53 arctissimae
813 3180 61 53 &
825 3180 196 53 efficacissimae

213 3222 200 51 conjunctionis
378 3222 118 51 nostri
460 3222 82 51 cum
507 3222 106 51 carne
578 3222 141 51 Christi,
684 3222 94 51 quod
743 3222 94 51 vere
801 3222 106 51 simus
872 3222 94 51 caro
931 3222 71 51 ex
954 3222 71 51 car¬

1037 199 66 57 ne
1070 199 121 57 Christi
1158 199 55 57 &
1180 199 66 57 os
1213 199 66 57 ex
1246 199 121 57 ossibus
1334 199 99 57 ejus.
1400 199 66 57 1.
1433 199 88 57 Cor.
1487 199 77 57 10.
1531 199 99 57 v.16.
1597 199 121 57 Poculum
1674 199 176 57 benedictionis,

1028 254 79 37 cui
1073 254 180 37 benedicimus,
1219 254 101 37 nonne
1286 254 135 37 communio
1387 254 135 37 corporis
1488 254 123 37 Christi
1567 254 67 37 est?

1061 284 88 38 IV.
1112 284 75 38 Ut
1149 284 88 38 sit
1199 284 150 38 vinculum
1312 284 125 38 mutuae
1399 284 175 38 charitatis
1537 284 63 38 &
1562 284 113 38 pacis
1637 284 150 38 fidelium
1749 284 75 38 de
1774 284 63 38 eo¬-

1039 314 98 50 dem
1095 314 112 50 pane
1165 314 140 50 Domini
1262 314 209 50 comedentium
1430 314 70 50 &
1458 314 84 50 ex
1500 314 126 50 eodem
1584 314 140 50 poculo
1681 314 140 50 Domini
1765 314 70 50 bi¬-

1034 349 147 52 bentium.
1144 349 86 52 Qui
1193 349 98 52 vero
1255 349 172 52 charitatem
1390 349 123 52 mutuam
1476 349 61 52 &
1500 349 111 52 pacem
1574 349 160 52 Ecclesiae
1697 349 160 52 scindunt:

1029 384 93 51 illi
1088 384 152 51 Dominicam
1205 384 117 51 Coenam
1286 384 82 51 non
1333 384 117 51 edunt,
1415 384 70 51 I.
1450 384 93 51 Cor.
1508 384 82 51 11.
1555 384 70 51 v.
1590 384 82 51 17,
1637 384 58 51 &
1649 384 93 51 seqque

1061 416 207 47 Chrysostomus
1230 416 143 47 homilia
1333 416 298 47 quinquagesima:prima
1593 416 78 47 in
1632 416 182 47 Matthaeum:
1761 416 65 47 Au¬-

1037 445 110 43 diamus
1114 445 143 43 linquit,)
1224 445 88 43 oro,
1280 445 55 43 &
1302 445 210 43 perhorrescamus:
1478 445 110 43 carnes
1555 445 88 43 suas
1610 445 99 43 nobis
1677 445 143 43 tradidit,
1776 445 55 43 se¬-

1046 489 101 41 ipsum
1113 489 146 41 immolatum
1226 489 158 41 proposuit.
1350 489 90 41 Quam
1406 489 113 41 igitur
1485 489 203 41 satisfactionem
1654 489 158 41 offeremus,
1766 489 68 41 cum¬-

1032 520 93 41 tali
1090 520 116 41 pabulo
1171 520 127 41 nutriti
1264 520 150 41 peccemus,
1380 520 93 41 quum
1438 520 104 41 agnum
1507 520 162 41 comedentes
1634 520 69 41 in
1669 520 104 41 lupos
1727 520 104 41 conver¬-

231 538 99 48 Mens
293 538 99 48 vero
355 538 137 48 fidelis
454 538 75 48 in
491 538 124 48 coelum
578 538 161 48 tollitur,
703 538 87 48 non
752 538 99 48 loci
814 538 161 48 mutatione
939 538 87 48 seu
976 538 62 48 mi¬-

1036 555 115 39 timur?
1117 555 92 39 quum
1175 555 115 39 ovinis
1255 555 138 39 carnibus
1359 555 150 39 saturati,
1474 555 69 39 ut
1509 555 115 39 leones
1590 555 150 39 rapiamus?
1693 555 150 39 praesertim¬-

1046 587 98 46 quum
1107 587 73 46 id
1143 587 183 46 Sacramentum
1290 587 85 46 non
1338 587 61 46 a
1363 587 122 46 rapina
1448 587 122 46 solum,
1533 587 110 46 verum
1607 587 110 46 etiam
1680 587 73 46 ab
1716 587 98 46 omni
1765 587 61 46 sui

1035 623 156 38 sfpicione
1155 623 204 38 inimicitiarum
1323 623 120 38 mundum
1407 623 120 38 semper
1491 623 132 38 servare
1587 623 156 38 jubeamur.
1707 623 108 38 Pacis
1767 623 72 38 enim

1040 653 183 42 Sacramentum
1186 653 86 42 est
1235 653 86 42 hoc
1284 653 196 42 Sacramentum,
1443 653 196 42 inquisitioni
1602 653 171 42 pecuniarum
1736 653 61 42 &
1748 653 86 42 simo¬-

1036 686 82 41 niae
1087 686 72 41 non
1128 686 133 41 convenit.
1230 686 72 41 Nam
1271 686 61 41 si
1302 686 82 41 ipse
1353 686 82 41 sibi
1404 686 102 41 gratia
1476 686 102 41 nostri
1547 686 72 41 non
1588 686 133 41 pepercit,
1691 686 72 41 quo
1721 686 113 41 supplicio

1044 717 77 44 non
1088 717 110 44 erimus
1165 717 110 44 digni,
1242 717 66 44 si
1275 717 110 44 animae
1352 717 77 44 non
1396 717 143 44 parcimus,
1507 717 77 44 pro
1551 717 77 44 qua
1595 717 132 44 Christus
1694 717 121 44 seipsum
1771 717 55 44 tra

1048 742 109 41 lidit,
1124 742 54 41 &
1146 742 130 41 pecuntis
1244 742 141 41 parcimus?
1353 742 65 41 Et
1385 742 120 41 Iudaeis
1472 742 109 41 quidem
1548 742 130 41 singulis
1646 742 98 41 annis
1701 742 130 41 beneficio.

1038 785 78 34 rum
1082 785 111 34 suorum
1160 785 144 34 monimenta
1271 785 89 34 post
1327 785 111 34 festos
1404 785 89 34 dies
1460 785 89 34 Deus
1515 785 155 34 proposuit,
1637 785 89 34 tibi
1693 785 89 34 vero
1748 785 100 34 quoti

1047 811 71 43 die
1087 811 91 43 ipse,
1148 811 61 43 ne
1179 811 172 43 obliviscaris,
1321 811 152 43 proponitur.
1443 811 81 43 Noli
1493 811 81 43 ergo
1544 811 101 43 crucem
1615 811 162 43 verecundari:
1747 811 81 43 haec
1787 811 41 43 e¬-

1048 849 77 40 nim
1092 849 88 40 sunt
1147 849 110 40 decora
1224 849 121 40 nostra,
1313 849 88 40 haec
1368 849 165 40 Sacramenta,
1500 849 77 40 hoc
1544 849 121 40 ornamur
1632 849 99 40 dono,
1699 849 77 40 hoc
1732 849 99 40 gloria¬-

1037 884 87 40 mur:
1091 884 76 40 nec
1135 884 65 40 si
1167 884 119 40 coelum,
1254 884 65 40 si
1287 884 119 40 terram,
1373 884 65 40 si
1406 884 98 40 maria
1471 884 108 40 dixero
1547 884 54 40 a
1569 884 76 40 Deo
1612 884 119 40 creata:
1699 884 65 40 si
1721 884 108 40 propheta

1043 910 67 46 si
1076 910 123 46 Angelos
1166 910 112 46 missos
1244 910 134 46 quicquam
1345 910 89 46 huic
1401 910 123 46 aequale
1490 910 134 46 efferam.
1591 910 78 46 Hoc
1636 910 101 46 certe
1703 910 101 46 caput
1759 910 78 46 bono¬-

1046 946 78 43 rum
1090 946 89 43 est,
1146 946 89 43 quia
1201 946 122 43 proprio
1290 946 100 43 Filio
1357 946 78 43 non
1401 946 144 43 pepercit,
1512 946 67 43 ut
1545 946 144 43 fugitivos
1656 946 111 43 servos
1723 946 122 43 servaret.

1041 977 121 49 Nullus
1126 977 97 49 ergo
1186 977 121 49 Iudas,
1271 977 121 49 nullus
1355 977 109 49 Simon
1428 977 97 49 hanc
1488 977 121 49 mensam
1573 977 121 49 adeat,
1658 977 121 49 quorum
1730 977 109 49 uterque

1043 1017 91 40 aris
1099 1017 158 40 cupiditate
1224 1017 125 40 periit.
1314 1017 102 40 Quare
1382 1017 136 40 fugiamus
1484 1017 79 40 oro
1529 1017 91 40 hanc
1586 1017 125 40 foveam,
1677 1017 102 40 neque
1733 1017 102 40 putemus

1055 1049 85 33 itis
1109 1049 85 33 esse
1162 1049 96 33 nobis
1226 1049 64 33 ad
1257 1049 128 33 salutem,
1353 1049 64 33 si
1385 1049 74 33 cum
1428 1049 117 33 viduus,
1513 1049 53 33 &
1534 1049 96 33 orbos
1598 1049 138 33 parentibs
1694 1049 138 33 spoliaveris

1039 1080 114 33 aureum
1119 1080 126 33 calicem
1210 1080 57 33 &
1233 1080 114 33 gemmis
1313 1080 126 33 ornatum
1405 1080 92 33 huic
1462 1080 114 33 mensae
1542 1080 137 33 offeras.
1645 1080 80 33 Vis
1691 1080 80 33 hoc
1726 1080 114 33 sacrifi¬-

1042 1109 95 37 cium
1101 1109 154 37 honorare?
1220 1109 119 37 animam
1303 1109 95 37 tuam
1362 1109 142 37 offeras,
1469 1109 130 37 propter
1564 1109 95 37 quam
1623 1109 142 37 Christus
1718 1109 107 37 immola;

1039 1142 77 48 tus
1083 1142 88 48 est:
1138 1142 77 48 eam
1182 1142 110 48 auream
1260 1142 121 48 facito.
1348 1142 88 48 Quod
1403 1142 66 48 si
1436 1142 110 48 animae
1513 1142 121 48 plumbea
1601 1142 99 48 testa
1668 1142 88 48 aris
1723 1142 88 48 est,
1778 1142 88 48 quid

1051 1170 93 42 cibi
1110 1170 151 42 proderunt
1226 1170 105 42 aurea
1296 1170 105 42 vasa?
1366 1170 81 42 Non
1412 1170 116 42 igitur
1494 1170 151 42 laboremus
1610 1170 70 42 ad
1645 1170 105 42 aurea
1715 1170 93 42 vasa
1762 1170 81 42 offe¬-

1038 1211 107 35 renda
1109 1211 118 35 solum,
1192 1211 107 35 verum
1263 1211 107 35 etiam
1334 1211 107 35 multo
1405 1211 107 35 magis
1476 1211 107 35 justo
1547 1211 118 35 labpre
1630 1211 154 35 acquisita
1736 1211 95 35 offera

1038 1246 94 31 mus.
1097 1246 94 31 Haec
1156 1246 94 31 enim
1215 1246 106 31 aurea
1286 1246 94 31 sunt
1345 1246 59 31 &
1368 1246 153 31 preciosa,
1486 1246 94 31 quae
1545 1246 141 31 avaritia
1651 1246 83 31 non
1687 1246 153 31 maculantur:

1052 1274 68 45 en
1086 1274 90 45 enim
1142 1274 90 45 auti
1198 1274 79 45 vel
1243 1274 124 45 argenti
1334 1274 147 45 fusorium,
1446 1274 79 45 sed
1491 1274 147 45 Angelorum
1604 1274 158 45 celebritas
1717 1274 124 45 Ecclesia.

1047 1309 95 42 est.
1106 1309 142 42 Animarum
1213 1309 95 42 ergo
1272 1309 142 42 munditia
1378 1309 95 42 opus
1438 1309 95 42 est,
1497 1309 130 42 propter
1592 1309 95 42 quas
1651 1309 107 42 etiam
1722 1309 95 42 vasa
1769 1309 71 42 haeo

1042 1334 84 42 Deus
1094 1334 126 42 recipit.
1188 1334 63 42 Et
1219 1334 94 42 certe
1282 1334 73 42 non
1324 1334 84 42 erat
1376 1334 63 42 ex
1408 1334 115 42 argento
1492 1334 84 42 illa
1544 1334 105 42 mensa,
1617 1334 73 42 nec
1659 1334 63 42 ex
1690 1334 84 42 auro
1743 1334 84 42 ille
1785 1334 52 42 ca¬-

1055 1368 77 41 ix,
1099 1368 77 41 quo
1143 1368 133 41 Christus
1243 1368 155 41 discipulis
1365 1368 144 41 sanguinem
1475 1368 133 41 praebuit
1575 1368 100 41 suum:
1641 1368 133 41 pretiosa
1740 1368 100 41 tamen
1796 1368 44 41 e¬-

1042 1409 89 35 rant
1097 1409 111 35 omnia,
1175 1409 56 35 &
1197 1409 178 35 venerationis
1342 1409 111 35 plena,
1420 1409 89 35 quia
1475 1409 122 35 spiritu
1564 1409 167 35 abundabant.
1698 1409 78 35 Vis
1731 1409 100 35 corpius

1052 1440 126 32 Christi
1143 1440 149 32 honorare,
1257 1440 80 32 non
1303 1440 149 32 despicias
1417 1440 103 32 ipsum
1486 1440 114 32 nudum:
1566 1440 103 32 neque
1634 1440 80 32 hic
1680 1440 114 32 quidem
1760 1440 69 32 in
1783 1440 57 32 Ec¬-

1051 1471 103 38 clesia
1123 1471 113 38 sericis
1205 1471 103 38 pannis
1277 1471 113 38 induas,
1360 1471 93 38 foris
1422 1471 93 38 autem
1483 1471 113 38 frigore
1566 1471 62 38 ac
1597 1471 124 38 nuditute
1689 1471 113 38 confici
1762 1471 82 38 negli¬-

1057 1506 97 36 tas.
1118 1506 85 36 Qui
1166 1506 97 36 enim
1227 1506 122 36 dixit,
1312 1506 85 36 Hoc
1361 1506 85 36 est
1409 1506 122 36 corpus
1495 1506 109 36 meum,
1568 1506 61 36 &
1592 1506 85 36 rem
1640 1506 109 36 simul
1713 1506 85 36 cum
1750 1506 85 36 verbo

1041 1544 151 37 confecit,
1158 1544 93 37 idem
1216 1544 116 37 dixit:
1297 1544 163 37 Esurientem
1425 1544 70 37 me
1460 1544 151 37 vidistis,
1576 1544 58 37 &
1600 1544 81 37 non
1646 1544 151 37 cibastis:
1763 1544 70 37 &,
1786 1544 58 37 in¬-

1063 1574 132 34 quantum
1159 1574 84 34 non
1207 1574 144 34 fecistis
1314 1574 84 34 uni
1362 1574 108 34 eorum
1434 1574 168 34 minimorum,
1566 1574 84 34 nec
1614 1574 96 34 mihi
1673 1574 156 34 fecistis.
1781 1574 60 34 Hoc

1054 1608 102 35 certe
1122 1608 114 35 corpus
1201 1608 125 35 Christi
1292 1608 80 35 non
1338 1608 125 35 amictu,
1429 1608 80 35 sed
1474 1608 102 35 anima
1542 1608 102 35 munda
1610 1608 136 35 indiget:
1713 1608 102 35 illud
1769 1608 80 35 autem

1048 1638 105 36 multa
1118 1638 105 36 cura,
1188 1638 58 36 &
1212 1638 105 36 magna
1281 1638 163 36 diligentia
1410 1638 93 36 eget
1468 1638 93 36 Perd
1526 1638 117 36 scamus
1608 1638 117 36 igitur
1689 1638 140 36 Christum
1783 1638 58 36 Ie¬-

1054 1670 83 37 sum
1102 1670 203 37 philosophari,
1269 1670 60 37 &
1293 1670 107 37 ipsum
1364 1670 72 37 ex
1400 1670 155 37 uoluntate
1519 1670 83 37 sua
1567 1670 155 37 honorare:
1686 1670 83 37 nam
1734 1670 83 37 qui
1769 1670 72 37 hono

1051 1709 119 30 ratur,
1135 1709 72 30 eo
1170 1709 119 30 maxime
1254 1709 119 30 honore
1337 1709 143 30 latatur,
1445 1709 95 30 quem
1504 1709 95 30 ipse
1564 1709 107 30 vult,
1635 1709 83 30 non
1683 1709 95 30 quim
1731 1709 119 30 optamus.

1047 1730 81 40 Sic
1094 1730 58 40 &
1117 1730 116 40 Petrus
1198 1730 139 40 honorare
1303 1730 139 40 Christum
1408 1730 151 40 credobat,
1524 1730 70 40 si
1559 1730 81 40 eum
1605 1730 58 40 a
1628 1730 128 40 lotione
1721 1730 105 40 pedum
1779 1730 70 40 pro¬-

1052 1768 159 37 hibuisset:
1177 1768 91 37 quod
1234 1768 102 37 cerre
1302 1768 159 37 contrarium
1427 1768 102 37 erat.
1496 1768 125 37 Pariter
1587 1768 68 37 iu
1621 1768 102 37 eitam
1689 1768 80 37 ita
1735 1768 80 37 eum
1769 1768 68 37 hone

1047 1802 99 41 rato,
1113 1802 66 41 ut
1146 1802 88 41 ipse
1201 1802 99 41 vult,
1268 1802 110 41 expone
1345 1802 132 41 divitias
1444 1802 88 41 tuas
1499 1802 165 41 pauperibus.
1631 1802 77 41 Non
1676 1802 77 41 est
1720 1802 88 41 opus
1764 1802 88 41 vasis:

1051 1833 79 39 sed
1096 1833 112 39 animis
1174 1833 123 39 aureis.
1264 1833 90 39 Haec
1320 1833 101 39 dico,
1387 1833 79 39 non
1432 1833 90 39 quia
1488 1833 112 39 vetare
1567 1833 101 39 velim
1634 1833 112 39 talium
1712 1833 123 39 vasorum
1791 1833 56 39 ob¬-

1060 1869 150 35 lationem,
1175 1869 81 35 sed
1221 1869 92 35 quia
1278 1869 115 35 dignum
1359 1869 104 35 putem
1428 1869 92 35 ante
1485 1869 104 35 omniu
1554 1869 196 35 misericordiae
1715 1869 69 35 ac
1738 1869 115 35 benigni¬-

1057 1901 91 34 tati
1113 1901 91 34 esse
1170 1901 182 34 incumbendum:
1318 1901 79 34 nam
1363 1901 57 34 &
1386 1901 91 34 vasa
1443 1901 91 34 Deus
1499 1901 114 34 suscit
1579 1901 79 34 it;
1624 1901 79 34 sed
1670 1901 91 34 ella
1726 1901 102 34 multo
1783 1901 57 34 ma¬-

1047 1936 76 39 gis
1091 1936 87 39 ipsi
1145 1936 131 39 gratiosa
1243 1936 98 39 sunt.
1308 1936 65 39 Et
1341 1936 87 39 vasa
1395 1936 120 39 quidem,
1482 1936 98 39 aanti
1547 1936 98 39 socum
1613 1936 163 39 profuerunt,
1732 1936 109 39 benigni¬-

1046 1970 79 38 tas
1091 1970 91 38 vero
1148 1970 102 38 etiam
1215 1970 170 38 accipienti.
1351 1970 68 38 Et
1385 1970 79 38 hic
1430 1970 113 38 quidem
1510 1970 158 38 ostentatio
1634 1970 158 38 nonnunquam
1747 1970 102 38 potest.

1042 2000 149 34 accusari:
1156 2000 80 34 ibi
1202 2000 92 34 vero
1259 2000 103 34 totum
1328 2000 172 34 misericordi
1465 2000 103 34 animo
1534 2000 183 34 attribuitur.
1683 2000 137 34 Responde
1774 2000 69 34 quae

1051 2027 76 39 so,
1094 2027 119 39 quaenam
1181 2027 130 39 utilitas
1278 2027 86 39 est,
1332 2027 65 39 si
1364 2027 76 39 cum
1407 2027 97 39 mensa
1472 2027 86 39 ejus
1526 2027 108 39 multis
1602 2027 140 39 calicibus
1710 2027 108 39 aurcis
1774 2027 76 39 orna¬-

1052 2065 87 36 tur,
1106 2065 87 36 ipse
1161 2065 108 36 inedia
1236 2065 119 36 pereat?
1323 2065 98 36 Prius
1388 2065 108 36 igitur
1464 2065 98 36 ipsum
1529 2065 152 36 esurientem
1648 2065 119 36 satura,
1735 2065 108 36 deinde
1800 2065 43 36 ex

1047 2099 123 38 quadam
1133 2099 235 38 superabundantia
1331 2099 123 38 mensam
1417 2099 111 38 etiam
1491 2099 99 38 ejus
1541 2099 123 38 ornabis.

1077 2124 75 42 V.
1114 2124 75 42 Ut
1151 2124 87 42 sit
1201 2124 187 42 Sacramentum
1351 2124 137 42 unionis
1451 2124 87 42 cum
1501 2124 150 42 Ecclesia
1613 2124 87 42 Dei
1663 2124 62 42 &
1675 2124 175 42 nutritionis,

1042 2161 158 42 mansionis
1163 2161 61 42 &
1188 2161 218 42 conservationis
1370 2161 73 42 in
1406 2161 109 42 eadem
1479 2161 146 42 Ecclesia
1588 2161 85 42 Dei
1637 2161 121 42 eorum,
1722 2161 85 42 qui
1758 2161 97 42 semel¬-

1053 2197 79 31 per
1098 2197 146 31 Baptismum
1210 2197 146 31 Ecclesiae
1322 2197 90 31 sunt
1378 2197 135 31 inserti.
1479 2197 90 31 Joh.
1536 2197 67 31 n.
1569 2197 67 31 6.
1603 2197 101 31 vers.
1670 2197 79 31 56.
1715 2197 101 31 Coena
1771 2197 79 31 Domi¬-

1048 2229 67 40 ni
1081 2229 122 40 revocat
1170 2229 122 40 fideles
1259 2229 67 40 ad
1292 2229 100 40 fedus
1359 2229 111 40 initum
1437 2229 67 40 in
1470 2229 144 40 Bapeismo,
1581 2229 67 40 1.
1615 2229 133 40 Corinth.
1715 2229 78 40 10.
1748 2229 100 40 versic.

1058 2260 79 39 17.
1103 2260 124 39 Quoniam
1193 2260 90 39 unus
1249 2260 79 39 est
1294 2260 112 39 panis,
1372 2260 90 39 unum
1428 2260 124 39 corpus,
1518 2260 79 39 nes
1563 2260 90 39 illi
1619 2260 101 39 multi
1687 2260 112 39 sumus:
1765 2260 79 39 nam
1799 2260 45 39 o¬-

1051 2292 88 50 mnes
1106 2292 66 50 ex
1139 2292 77 50 uno
1183 2292 88 50 illo
1238 2292 88 50 pane
1293 2292 187 50 participamus.
1447 2292 66 50 Et
1481 2292 88 50 cap.
1536 2292 77 50 12.
1580 2292 66 50 v.
1613 2292 77 50 13.
1657 2292 99 50 Omnes
1723 2292 110 50 potati
1789 2292 55 50 su¬-

1053 2324 85 44 mus
1102 2324 73 44 in
1138 2324 98 44 unum
1187 2324 134 44 Spiritum,

1081 2348 83 53 VI.
1128 2348 71 53 Ut
1164 2348 83 53 nos
1211 2348 106 53 semel
1282 2348 130 53 Christo
1377 2348 59 53 &
1401 2348 154 53 Ecclesiae
1519 2348 95 53 ejus
1578 2348 130 53 unitos,
1673 2348 142 53 retrahat
1779 2348 71 53 ab
1803 2348 47 53 o¬-

1044 2389 82 37 mni
1091 2389 175 37 idololatria
1231 2389 58 37 &
1254 2389 175 37 consensione
1395 2389 82 37 cum
1441 2389 187 37 idololatris;
1593 2389 82 37 sic
1640 2389 117 37 Paulus
1722 2389 82 37 ait
1768 2389 70 37 1.
1792 2389 58 37 Co¬-

210 2513 109 61 nobis
283 2513 146 61 Christus
392 2513 207 61 crutifigitur.
563 2513 97 61 Unde
623 2513 109 61 Coena
696 2513 122 61 Domini
781 2513 85 61 est
830 2513 109 61 simul
891 2513 158 61 sacrificium

1049 2426 111 39 rinth.
1127 2426 111 39 capite
1205 2426 123 39 decimo,
1294 2426 145 39 versiculo
1405 2426 212 39 vigesimo-primo:
1584 2426 78 39 Non
1628 2426 134 39 potestis
1717 2426 123 39 poculunm¬-

1061 2456 128 42 Domini
1151 2456 128 42 bibere
1240 2456 64 42 &
1266 2456 141 42 poculum
1368 2456 192 42 demoniorum:
1522 2456 90 42 non
1573 2456 153 42 potestis
1688 2456 115 42 mensa
1752 2456 102 42 Domine

1060 2492 156 39 participes
1182 2492 89 39 esse
1238 2492 56 39 &
1260 2492 111 39 mensae
1327 2492 145 39 demoniorum.

1086 2518 94 47 VII.
1145 2518 70 47 Ut
1180 2518 82 47 nos
1227 2518 70 47 in
1262 2518 140 47 perpetuo
1367 2518 117 47 studio
1449 2518 105 47 verae
1519 2518 140 47 pietatis
1625 2518 152 47 conservet
1742 2518 59 47 &
1765 2518 59 47 a
1777 2518 70 47 pec¬-

1060 2554 105 47 tatis
1130 2554 129 47 arceat,
1224 2554 70 47 ne
1259 2554 129 47 indigni
1352 2554 140 47 convivae
1458 2554 199 47 CHRISTIsimus,
1621 2554 70 47 1.
1656 2554 93 47 Cor.
1715 2554 82 47 11.
1761 2554 70 47 v.
1785 2554 58 47 27.

1053 2589 75 41 28,
1085 2589 54 41 29.

1078 2611 121 52 VIII.
1158 2611 81 52 Ut
1199 2611 121 52 nobis
1280 2611 175 52 confirmet
1415 2611 243 52 resurrectionem
1617 2611 162 52 corporum
1725 2611 121 52 nostro¬-

1056 2652 103 38 rum:
1120 2652 90 38 Nam
1172 2652 180 38 significat
1313 2652 64 38 &
1339 2652 154 38 obsignat
1455 2652 129 38 nobis,
1545 2652 103 38 quod
1609 2652 154 38 Christus
1725 2652 90 38 pro
1764 2652 77 38 nobi

1054 2687 122 40 mortuus
1142 2687 55 40 &
1165 2687 177 40 resuscitatus
1309 2687 89 40 sit,
1364 2687 122 40 quodque
1453 2687 111 40 corpus
1530 2687 55 40 &
1552 2687 122 40 sanguis
1641 2687 111 40 ipsius
1718 2687 78 40 sit
1751 2687 89 40 nutri¬-

1066 2717 118 39 mentum
1149 2717 106 39 nobis
1219 2717 165 39 spiritnale
1349 2717 71 39 ad
1384 2717 106 39 vitam
1455 2717 153 39 aeternam.
1573 2717 82 39 Pro
1620 2717 118 39 quibro
1703 2717 106 39 autem
1762 2717 82 39 Chri¬-

1053 2750 92 45 stus
1111 2750 127 45 mortuus
1203 2750 58 45 &
1227 2750 185 45 resuscitatus
1377 2750 92 45 est,
1434 2750 115 45 quibus
1515 2750 104 45 morte
1584 2750 81 45 sua
1630 2750 104 45 vitam
1700 2750 138 45 aeternam
1792 2750 46 45 p¬-

1057 2793 137 34 meruit,
1156 2793 124 34 quorum
1243 2793 149 34 animabus
1355 2793 87 34 est
1405 2793 187 34 nutrimentum
1554 2793 174 34 spirituale
1691 2793 75 34 ad
1728 2793 112 34 vitam
1790 2793 50 34 a¬-

1058 2816 132 38 ternam,
1154 2816 132 38 illorum
1250 2816 108 38 etiam
1322 2816 132 38 corpora
1418 2816 108 38 certo
1490 2816 72 38 ex
1526 2816 132 38 mortais
1622 2816 156 38 resurgent
1742 2816 72 38 ad
1766 2816 84 38 vitam

1060 2847 146 45 aeternam.
1172 2847 90 45 Unde
1228 2847 101 45 dicit
1296 2847 135 45 Christus
1397 2847 112 45 Johan,
1476 2847 112 45 capite
1555 2847 112 45 sexto,
1633 2847 146 45 versiculo
1735 2847 112 45 quinqua¬-

1059 2885 235 52 gesimo-quarto:
1254 2885 91 52 Qui
1307 2885 104 52 edit
1372 2885 130 52 caruem
1463 2885 117 52 meum,
1541 2885 65 52 &
1567 2885 117 52 bibit
1645 2885 104 52 meum
1698 2885 143 52 sanguimem

1064 2911 97 43 nabet
1129 2911 97 43 vitam
1193 2911 139 43 aeternam:
1300 2911 54 43 &
1322 2911 75 43 ego
1365 2911 139 43 suscitabo
1472 2911 97 43 ipsum
1536 2911 107 43 ultimo
1611 2911 86 43 illo
1665 2911 86 43 dic.
1718 2911 86 43 Idro
1761 2911 86 43 panis.

1055 2947 60 46 &
1079 2947 107 46 vinum
1150 2947 60 46 a
1174 2947 155 46 veteribus
1294 2947 167 46 numinantur
1425 2947 131 46 symbola
1508 2947 203 46 resurrectionis.

1085 2986 94 35 IX.
1138 2986 81 35 Ut
1179 2986 94 35 nos
1233 2986 162 35 admoneat
1354 2986 162 35 nobisque
1475 2986 189 35 confirmet,
1623 2986 162 35 Christum
1731 2986 121 35 reditu¬-

1057 3014 82 44 rum
1104 3014 70 44 in
1139 3014 117 44 gloria
1222 3014 59 44 &
1245 3014 70 44 in
1280 3014 117 44 regnum
1363 3014 129 44 gloriae
1457 3014 70 44 ad
1492 3014 117 44 Patrem
1574 3014 141 44 adductos
1680 3014 141 44 perfecte
1774 3014 70 44 spi¬-

1057 3051 127 36 rituali
1150 3051 139 36 animarum
1254 3051 116 36 pastu,
1335 3051 81 36 qui
1381 3051 81 36 Dei
1428 3051 162 36 cognitione
1555 3051 174 36 continetur,
1694 3051 81 36 nos
1728 3051 116 36 satiatu¬-

1068 3085 96 34 rum.
1128 3085 96 34 Hunc
1187 3085 107 34 finem
1259 3085 131 34 indicat
1355 3085 155 34 Christus,
1474 3085 96 34 quum
1534 3085 107 34 dicit
1605 3085 119 34 Hatth.
1689 3085 84 34 26.
1737 3085 107 34 vers.
1796 3085 60 34 29.

1069 3111 89 40 Dico
1125 3111 100 40 autem
1192 3111 112 40 vobis,
1270 3111 78 40 Non
1314 3111 100 40 bibam
1381 3111 67 40 ab
1415 3111 78 40 hoc
1459 3111 123 40 tempore
1549 3111 67 40 ex
1582 3111 78 40 hoc
1627 3111 112 40 fructu
1705 3111 112 40 vitis,
1772 3111 78 40 utque

1068 3148 74 39 ad
1105 3148 99 39 diem
1167 3148 124 39 illum,
1253 3148 99 39 quum
1315 3148 111 39 ipsum
1389 3148 111 39 bilam
1463 3148 87 39 vol
1513 3148 111 39 iscum
1587 3148 111 39 novum
1661 3148 74 39 in
1698 3148 111 39 regno
1760 3148 99 39 Patris

1063 3175 89 43 mei.
1119 3175 89 43 Quis
1175 3175 89 43 enim
1231 3175 78 43 est
1275 3175 78 43 hic
1320 3175 112 43 potus,
1398 3175 56 43 &
1421 3175 89 43 quae
1477 3175 78 43 est
1521 3175 89 43 haec
1577 3175 157 43 oblectatio
1700 3175 67 43 in
1734 3175 112 43 coelo?
1801 3175 56 43 No¬-

1060 3214 100 44 stra
1123 3214 138 44 quidem,
1223 3214 150 44 perfecte
1336 3214 100 44 DEUM
1399 3214 188 44 cognoscere:
1549 3214 138 44 Christi
1649 3214 113 44 vero,
1724 3214 125 44 docere
1799 3214 63 44 nos
