2063 3403
245 143 68 58 um
279 143 159 58 idololatri
404 143 114 58 eorum,
483 143 57 58 &
506 143 216 58 superstitionum:
688 143 114 58 qualia
767 143 102 58 illos
836 143 136 58 facturos
938 143 136 58 mitacula
1029 143 34 58 A

240 194 151 41 praedixit
356 194 139 41 Christus
461 194 116 41 Matth.
542 194 81 41 24.
588 194 116 41 Paulus
670 194 70 41 2.
705 194 116 41 Thesi.
786 194 70 41 2.
821 194 70 41 9.
855 194 58 41 &
879 194 139 41 lohannes
971 194 70 41 Apo¬-

252 227 72 40 cal.
297 227 63 40 13.
333 227 54 40 v.
361 227 63 40 13,
388 227 45 40 14.

280 251 83 48 Nec
327 251 95 48 vera
387 251 95 48 sunt
446 251 142 48 miracula
552 251 189 48 Exorcistarum
706 251 201 48 Papisticorum,
871 251 83 48 qui
919 251 71 48 ad
942 251 83 48 sepul

227 292 89 30 cra
278 292 164 30 sanctorum
404 292 63 30 &
430 292 164 30 reliquias
556 292 114 30 eorum
632 292 152 30 conantur
746 292 152 30 daemonia
860 292 76 30 ex
885 292 152 30 hominibus.

244 322 134 32 pellere.
344 322 100 32 Omnia
411 322 78 32 ibi
455 322 100 32 ficte
522 322 134 32 aguntur:
622 322 111 32 absque
700 322 89 32 fide
756 322 111 32 mortui
834 322 156 32 invocantur
956 322 56 32 &
967 322 67 32 dia¬-

233 354 101 43 bolus
300 354 78 43 cum
345 354 191 43 idololatricis
502 354 146 43 colludit,
614 354 146 43 fingitque
726 354 67 43 se
760 354 157 43 exorcismis
883 354 123 43 illorum
962 354 78 43 cede¬-

225 386 92 44 TIre,
286 386 61 44 ut
317 386 153 44 idololatria
429 386 122 44 retineatur

273 414 84 40 Nec
321 414 96 40 sunt
381 414 156 40 miracula,
501 414 168 40 Monachorum
633 414 168 40 maleficia:
766 414 108 40 quale
838 414 84 40 est
874 414 156 40 stigmatiza¬-

237 447 89 51 tio
288 447 165 51 Francisci
415 447 203 51 Bernardonis,
579 447 101 51 item
643 447 139 51 novitii
744 447 152 51 cuiusdam
858 447 139 51 Monachi
947 447 114 51 Domini¬-

231 486 104 35 cani
296 486 130 35 Bernae
387 486 104 35 Anno
439 486 91 35 1509.

272 509 125 46 Minime
360 509 125 46 omnium
448 509 100 46 sunt
510 509 150 46 miracula
623 509 125 46 qualia
710 509 138 46 plurima
810 509 63 46 a
835 509 150 46 Monachis
948 509 63 46 &
960 509 63 46 ali

238 548 67 46 is
271 548 135 46 Papistis
373 548 135 46 ementita
474 548 180 46 celebrantur,
620 548 67 46 ut
653 548 90 46 sunt
710 548 135 46 miracula
811 548 180 46 reliquiarum,
945 548 79 46 imagi

241 587 83 31 num
288 587 106 31 ligni
359 587 130 31 crucis,
454 587 106 31 signi
524 587 130 31 crucis,
619 587 153 31 sanctorum
737 587 165 31 mortuorum,
855 587 35 31 &

266 608 150 50 Miracula
379 608 88 50 non
429 608 150 50 constant
542 608 188 50 magnitudine
692 608 138 50 operum:
793 608 113 50 maius
868 608 125 50 quippe
943 608 75 50 alie

235 652 96 42 quin
295 652 84 42 est
343 652 108 42 opus,
415 652 156 42 universam
535 652 96 42 hanc
595 652 144 42 machinam
704 652 108 42 orbis
776 652 168 42 gubernate,
908 652 96 42 quam
956 652 72 42 cae¬-

237 675 64 45 co
269 675 107 45 visum,
344 675 75 45 quo
387 675 171 45 destituitur,
515 675 128 45 restituere

268 708 184 38 Miraculorum
415 708 111 38 donum
489 708 86 38 non
538 708 86 38 est
587 708 123 38 gratia
673 708 160 38 salvifica
796 708 86 38 nec
845 708 135 38 homines
931 708 98 38 melio¬-

235 741 79 40 res
280 741 56 40 &
302 741 79 40 Deo
347 741 146 40 gratiores
460 741 135 40 efficit,
561 741 90 40 quia
617 741 101 40 multi
684 741 79 40 qui
729 741 135 40 miracula
831 741 135 40 fecerunt
932 741 101 40 etiam
988 741 45 40 in

242 776 114 42 nomine
322 776 137 42 Christi,
424 776 171 42 repellentur
562 776 57 42 a
584 776 126 42 Christo
676 776 57 42 &
699 776 137 42 gehennae
801 776 149 42 infernali
904 776 126 42 adiudica¬-

243 807 116 43 buntur,
327 807 105 43 Matth.
400 807 63 43 7.
432 807 63 43 v.
453 807 53 43 23.

265 837 130 44 Miracula
363 837 76 44 non
406 837 87 44 sunt
460 837 151 44 sufficiens
579 837 76 44 vel
622 837 141 44 doctrinae
730 837 97 44 verae
795 837 76 44 vel
838 837 97 44 vitae
903 837 119 44 sanctae
979 837 54 44 te¬-

231 866 161 46 stimonium,
358 866 69 46 2.
393 866 127 46 Thess2.
485 866 69 46 9.
520 866 104 46 Apoc.
589 866 81 46 16.
623 866 58 46 14.

247 901 142 45 Miracula
354 901 83 45 non
401 901 95 45 sunt
460 901 59 45 a
483 901 106 45 verbo
554 901 83 45 Dei
602 901 165 45 separanda.
732 901 71 45 τό
767 901 71 45 γο
802 901 130 45 κηρυγμα
897 901 83 45 δια
932 901 83 45 θκυμο

234 939 205 41 τονφεζαιθται,
402 939 72 41 τα
438 939 72 41 δα
475 939 132 41 δανματα
571 939 84 41 δια
619 939 72 41 το
655 939 180 41 κηιθγμαςος,
799 939 120 41 ωολλοι
884 939 72 41 γο
908 939 120 41 πολλακισ

232 965 132 43 δαυμαλα
328 965 144 43 θποιησαν
436 965 72 43 δο
472 965 156 43 δασκονον,
592 965 84 43 αλο
640 965 72 43 κε
676 965 72 43 δα
712 965 108 43 ἀυτῶν
784 965 156 43 τόκήεθγμα
904 965 120 43 υγιες,
976 965 48 43 δι

229 1005 84 41 Sδε
277 1005 72 41 τα
313 1005 132 41 θεθμαια
409 1005 96 41 ωυτν
469 1005 72 41 δο
505 1005 96 41 θεό,
565 1005 84 41 ait
613 1005 156 41 Theophyl.
734 1005 72 41 in
770 1005 96 41 Luc.
830 1005 96 41 cap.
890 1005 72 41 9.
926 1005 84 41 hoc
962 1005 72 41 est,

232 1036 159 36 praedicatio
360 1036 85 36 enim
413 1036 74 36 per
455 1036 127 36 miracula
551 1036 170 36 confirmatur,
689 1036 127 36 miracula
784 1036 85 36 vero
837 1036 74 36 per
879 1036 170 36 praedicatio.

234 1068 93 41 nem,
293 1068 105 41 Multi
363 1068 93 41 enim
421 1068 105 41 saepe
491 1068 140 41 miracula
596 1068 140 41 fecerunt
701 1068 105 41 opera
771 1068 140 41 demonum,
875 1068 82 41 sed
922 1068 82 41 non
957 1068 70 41 erat

233 1101 170 41 praedicatio
369 1101 102 41 eorum
437 1101 102 41 sana:
505 1101 148 41 propterea
619 1101 102 41 neque
687 1101 136 41 miracula
789 1101 102 41 eorum
857 1101 57 41 a
880 1101 80 41 Deo
914 1101 91 41 erant.

263 1127 137 51 Miracula
365 1127 80 51 non
411 1127 91 51 sunt
468 1127 103 51 notae
537 1127 69 51 ac
571 1127 103 51 signa
640 1127 103 51 purae
708 1127 103 51 atque
777 1127 160 51 Orthodoxae
891 1127 137 51 Ecclesiae;

226 1164 73 45 ut
262 1164 158 45 sequentia
384 1164 158 45 argumenta
493 1164 134 45 evincunt.

259 1198 76 46 I.
297 1198 101 46 Quia
361 1198 152 46 communia
474 1198 101 46 sunt
538 1198 114 46 bonis
614 1198 63 46 &
639 1198 127 46 malis,
727 1198 190 46 Christianis
879 1198 63 46 &
892 1198 139 46 Ethnicis;

245 1221 148 52 Orthodoxis
362 1221 53 52 &
383 1221 159 52 haereticis,
510 1221 95 52 Deut.
574 1221 64 52 13
605 1221 64 52 v.
637 1221 64 52 1,
669 1221 64 52 2,
701 1221 64 52 3.
732 1221 106 52 Matth.
806 1221 64 52 7.
838 1221 64 52 v.
870 1221 74 52 22,
902 1221 42 52 23

265 1268 72 46 2.
301 1268 96 46 Quia
361 1268 144 46 seducunt
470 1268 60 46 &
494 1268 72 46 ad
530 1268 156 46 mendacium
650 1268 168 46 pertrahunt
782 1268 108 46 illis
855 1268 120 46 potius
927 1268 108 46 creden¬-

227 1291 79 39 tes
272 1291 90 39 quam
328 1291 113 39 Sacrae
407 1291 169 39 Scripturae,
542 1291 113 39 Matth.
621 1291 79 39 24.
666 1291 56 39 v
678 1291 56 39 24.

262 1331 70 45 3.
297 1331 93 45 Quia
356 1331 70 45 ab
390 1331 105 45 illis
460 1331 70 45 ut
495 1331 105 45 nobis
565 1331 140 45 caveamus
670 1331 163 45 praemoniti
798 1331 116 45 sumus,
880 1331 105 45 Deut.
949 1331 82 45 13.
984 1331 47 45 1,

235 1355 64 43 2,
267 1355 64 43 3.
299 1355 106 43 Matth.
374 1355 64 43 14
406 1355 64 43 v.
438 1355 74 43 24.
469 1355 43 43 2.

254 1397 66 42 4.
287 1397 88 42 Quia
342 1397 88 42 illa
397 1397 66 42 ne
430 1397 99 42 quide
496 1397 143 42 discipuli
606 1397 121 42 Christi
694 1397 77 42 seu
738 1397 143 42 Apostoli.
848 1397 77 42 qui
892 1397 99 42 certe
947 1397 88 42 ortho¬-

221 1422 97 52 doxa
281 1422 145 52 Ecclesia
391 1422 121 52 erant,
475 1422 121 52 semper
560 1422 121 52 facere
645 1422 170 52 potuerunt:
778 1422 85 52 non
827 1422 97 52 enim
887 1422 158 52 potuerunt
996 1422 61 52 sa¬-

228 1454 89 44 nare
284 1454 145 44 lunaticum
395 1454 112 44 Matth.
473 1454 78 44 17.
518 1454 67 44 v.
551 1454 78 44 16,
596 1454 78 44 17,
629 1454 56 44 19.

309 1500 414 52 MIRACULORUM
641 1500 193 52 COM
723 1500 221 52 PARATA

265 1541 140 67 Miracula
370 1541 81 67 non
417 1541 93 67 sunt
475 1541 116 67 Sacris
556 1541 163 67 Scripturis
684 1541 163 67 autoritate
812 1541 116 67 paria,
893 1541 105 67 multo
952 1541 81 67 minus

217 1575 139 53 superiora.

264 1620 72 42 I.
300 1620 95 42 Quia
359 1620 60 42 a
383 1620 155 42 mitaculis
502 1620 95 42 Deus
562 1620 72 42 ad
598 1620 167 42 Scripturas
729 1620 119 42 Sacras
812 1620 83 42 nos
860 1620 131 42 revocat
944 1620 83 42 Deut,

236 1653 73 45 13.
277 1653 63 45 v.
309 1653 63 45 1,
340 1653 63 45 2,
371 1653 63 45 3,
402 1653 52 45 4
423 1653 94 45 Jesa.
486 1653 52 45 8
507 1653 63 45 v.
538 1653 73 45 19,
580 1653 73 45 20.
621 1653 83 45 Quum
673 1653 83 45 enim
726 1653 115 45 edicunt
809 1653 104 45 vobis,
882 1653 136 45 consulite
976 1653 52 45 Py¬-

238 1686 106 35 thones
313 1686 74 35 aut
355 1686 127 35 ariolos,
451 1686 74 35 qui
493 1686 117 35 pipiunt
578 1686 74 35 aut
621 1686 74 35 qui
663 1686 149 35 mussitant:
780 1686 96 35 nonne
844 1686 117 35 populii
928 1686 85 35 Deus
971 1686 53 35 sui

242 1718 77 45 lum
286 1718 165 45 consulturus
418 1718 88 45 est?
473 1718 77 45 pro
517 1718 154 45 viventibus
638 1718 121 45 mortuos
726 1718 143 45 consulat?
836 1718 99 45 Legem
902 1718 55 45 &
913 1718 121 45 contesta¬-

232 1751 119 44 tionem
315 1751 178 44 consulunto:
458 1751 71 44 an
493 1751 83 44 non
541 1751 154 44 loquuntur
660 1751 71 44 in
695 1751 166 44 sententiam
826 1751 107 44 illam
885 1751 131 44 cuicunque

232 1786 99 32 nulla
298 1786 77 32 est
342 1786 99 32 lucis
408 1786 154 32 scintilla?
529 1786 110 32 Matth.
606 1786 77 32 12.
650 1786 77 32 38,
694 1786 77 32 39.
738 1786 88 32 Tunc
793 1786 176 32 responderunt
925 1786 99 32 quidam?

243 1814 112 45 Scribis
324 1814 61 45 ac
355 1814 143 45 Phariseis,
467 1814 132 45 dicentes,
569 1814 132 45 Magister,
671 1814 112 45 velimus
752 1814 61 45 ex
783 1814 61 45 te
813 1814 102 45 signum
884 1814 112 45 videre.
966 1814 81 45 Ipse

233 1851 102 36 veror
301 1851 148 36 spondens,
414 1851 102 36 dixit
483 1851 91 36 eis,
539 1851 91 36 Gens
596 1851 125 36 improba
687 1851 57 36 &
710 1851 159 36 adulterina
835 1851 114 36 signum
903 1851 125 36 requirit,

233 1881 74 45 sed
276 1881 106 45 signum
350 1881 74 45 non
393 1881 117 45 dabitar
478 1881 64 45 ei
510 1881 85 45 nisi
563 1881 106 45 signum
637 1881 96 45 illud
701 1881 96 45 Ionae
765 1881 149 45 Prophetae.
882 1881 64 45 Et
914 1881 74 45 cap
946 1881 74 45 1624.

244 1909 92 43 Sens
301 1909 126 43 improba
393 1909 57 43 &
416 1909 149 43 aduterina
531 1909 115 43 signum
611 1909 149 43 requirit:
726 1909 80 43 sed
772 1909 115 43 signum
853 1909 80 43 non
899 1909 126 43 dabitur
979 1909 46 43 ex

234 1939 83 46 nisi
285 1939 103 46 signum
358 1939 93 46 illud
420 1939 93 46 Ionae
482 1939 145 46 Prophetae.
596 1939 83 46 Luc.
648 1939 72 46 16.
689 1939 62 46 v.
720 1939 72 46 27.
761 1939 52 46 &
782 1939 166 46 sequentibus.
917 1939 93 46 Dicit
968 1939 52 46 di¬-

242 1972 75 49 ves
285 1972 64 49 in
317 1972 128 49 inferno,
413 1972 86 49 Rogo
467 1972 64 49 te
499 1972 107 49 igitur
574 1972 107 49 pater,
649 1972 64 49 ut
681 1972 75 49 eum
724 1972 107 49 mittas
798 1972 64 49 in
831 1972 96 49 domum
895 1972 107 49 patris
959 1972 64 49 mei.

242 2005 98 50 Habeo
308 2005 87 50 enim
362 2005 120 50 quinque
450 2005 131 50 fratres,
548 2005 66 50 ut
581 2005 77 50 hoc
625 2005 153 50 attestetur
745 2005 87 50 eis,
799 2005 66 50 ne
832 2005 55 50 &
854 2005 87 50 ipsi
909 2005 120 50 veniant
985 2005 44 50 in

232 2040 99 46 hunc
293 2040 111 46 locum
368 2040 161 46 tormenti:
491 2040 111 46 Dicit
566 2040 74 46 ei
603 2040 173 46 Abrahamus,
739 2040 124 46 Habent
825 2040 111 46 Mosen
900 2040 62 46 &
912 2040 99 46 Prophe

243 2075 82 35 tas:
294 2075 112 35 audiant
376 2075 82 35 eos.
427 2075 82 35 Ille
478 2075 82 35 vero
529 2075 102 35 dixit,
600 2075 82 35 Non,
651 2075 102 35 pater,
723 2075 133 35 Abrahame:
825 2075 71 35 sed
866 2075 61 35 si
896 2075 82 35 quis
948 2075 51 35 e
958 2075 61 35 mor¬-

233 2107 89 44 tuis
289 2107 123 44 abierit
378 2107 67 44 ad
411 2107 89 44 eos,
467 2107 178 44 resipiscent.
612 2107 145 44 Abrahamus
723 2107 100 44 autem
790 2107 100 44 dixit
857 2107 78 44 ei,
901 2107 67 44 Si
935 2107 100 44 Mosen
991 2107 33 44 &

236 2138 144 53 Prophetas
346 2138 77 53 non
391 2138 133 53 audiunt,
490 2138 66 53 ne
523 2138 66 53 si
556 2138 110 53 quidem
634 2138 133 53 quispiam
733 2138 66 53 ex
766 2138 121 53 mortuis
854 2138 144 53 resurgat,
954 2138 66 53 per¬

218 2164 168 46 suadebuntur.

268 2189 70 60 2.
303 2189 93 60 Quia
361 2189 70 60 in
396 2189 151 60 miraculis
512 2189 116 60 potest
593 2189 139 60 inveniri
698 2189 151 60 mendacium
814 2189 58 60 &
837 2189 151 60 falsitas,
953 2189 104 60 sicut

229 2238 178 38 Antichristi
372 2238 143 38 mitacula
479 2238 59 38 a
502 2238 107 38 Paulo
574 2238 178 38 appellantur
716 2238 107 38 signa
787 2238 59 38 &
811 2238 143 38 prodigia
906 2238 119 38 mendacia

241 2269 60 45 .
265 2269 143 45 Thessal.
372 2269 72 45 2.
408 2269 72 45 9.
444 2269 83 45 Sed
491 2269 167 45 Scripturae
623 2269 131 45 sanctae
718 2269 155 45 nequaquam
837 2269 95 45 sunt
897 2269 143 45 mendaces
992 2269 36 45 &

232 2293 73 37 falsae

264 2332 72 49 3.
300 2332 96 49 Quia
360 2332 143 49 mitacula
467 2332 143 49 decipere
575 2332 60 49 &
599 2332 143 49 seducere
706 2332 143 49 possunt,
814 2332 120 49 Matth.
898 2332 84 49 24.
945 2332 72 49 v.
969 2332 60 49 24.

239 2357 180 53 Excitabuntur
385 2357 90 53 enim
441 2357 191 53 pseudochristi
598 2357 56 53 &
620 2357 224 53 pseudoprophetae,
811 2357 56 53 &
833 2357 101 53 edent
901 2357 101 53 signa
957 2357 56 53 ma¬-

237 2399 72 58 gna
278 2399 52 58 &
299 2399 134 58 miracula:
402 2399 72 58 ita
443 2399 62 58 ut
474 2399 155 58 seducant(si
598 2399 93 58 fieri
660 2399 114 58 possit)
743 2399 93 58 etiam
805 2399 124 58 electos.
898 2399 62 58 At
919 2399 103 58 Scriptu¬-

231 2428 86 38 rae
280 2428 135 38 Sanctae
378 2428 135 38 neminem
476 2428 159 38 decipiunt
598 2428 61 38 &
610 2428 135 38 seducunt.

261 2454 63 53 .
287 2454 101 53 Quia
349 2454 151 53 mitacula
463 2454 126 53 revera
551 2454 88 53 non
601 2454 176 53 sufficiunt
739 2454 75 53 ad
777 2454 113 53 fidem
840 2454 176 53 confirmandam

229 2488 115 54 absque
309 2488 115 54 Sacris
389 2488 172 54 Scripturis:
527 2488 115 54 Sacrae
607 2488 160 54 Scripturae
733 2488 103 54 autem
802 2488 160 54 sufficiunt
928 2488 69 54 ad
951 2488 80 54 fidem

240 2525 64 51 &
266 2525 192 51 producendam
419 2525 64 51 &
445 2525 204 51 confirmandam
611 2525 115 51 etiam
687 2525 128 51 absque
777 2525 179 51 miraculis.
917 2525 89 51 Sic
955 2525 77 51 enim

228 2557 130 43 legitur
323 2557 95 43 Luc.
382 2557 83 43 16.
429 2557 83 43 31.
477 2557 71 43 S:
512 2557 107 43 Mojen
583 2557 59 43 &
607 2557 154 43 Prophetas
725 2557 83 43 non
773 2557 142 43 audiunt,
879 2557 71 43 ne
915 2557 71 43 si
938 2557 95 43 quidem

235 2588 130 55 quispiam
333 2588 65 55 ex
365 2588 119 55 mortuis
452 2588 141 55 resurgat,
560 2588 206 55 persuadebuntur.
734 2588 65 55 Et
766 2588 87 55 Joh.
820 2588 76 55 20.
864 2588 76 55 29.
907 2588 98 55 Beati
972 2588 87 55 qui¬

237 2617 82 39 non
284 2617 141 39 viderunt
390 2617 59 39 &
402 2617 164 39 crediderunt.

264 2654 66 46 5.
297 2654 88 46 Quia
352 2654 133 46 doctrina
452 2654 133 46 praeite,
551 2654 133 46 miracula
651 2654 133 46 subsequi
751 2654 122 46 debent,
839 2654 66 46 ut
872 2654 100 46 patet
939 2654 66 46 ex
961 2654 55 46 in¬-

238 2676 145 56 stitutione
351 2676 145 56 ministerii
465 2676 176 56 Ecclesiastici
610 2676 93 56 Marc.
672 2676 72 56 16.
714 2676 62 56 v.
745 2676 72 56 15.
786 2676 93 56 usque
848 2676 62 56 ad
879 2676 93 56 finem
931 2676 93 56 capitis

265 2716 133 48 Miracula
364 2716 110 48 igitur
442 2716 88 48 sunt
497 2716 166 48 postponenda
629 2716 155 48 doctrinae,
751 2716 77 48 sic
795 2716 66 48 ut
828 2716 121 48 veritas
906 2716 121 48 doctrinae

241 2741 53 56 &
263 2741 150 56 religionis
380 2741 139 56 mitaculis
487 2741 96 56 ipsis
551 2741 128 56 praecat:
647 2741 85 56 ideo
701 2741 96 56 prius
765 2741 64 56 de
797 2741 128 56 doctrina
893 2741 128 56 judicium
978 2741 43 56 ex

238 2777 118 51 Saeris
321 2777 130 51 literis
415 2777 165 51 faciendum:
545 2777 141 51 antequam
651 2777 141 51 miracula
757 2777 200 51 acciperentur:
910 2777 118 51 miracula

239 2817 67 45 ex
272 2817 134 45 doctrina
373 2817 145 45 judicanda
485 2817 101 45 sunt,
552 2817 78 45 non
597 2817 134 45 doctrina
698 2817 67 45 ex
731 2817 157 45 mitaculis:
854 2817 67 45 ac
888 2817 67 45 si
910 2817 112 45 doctrina

248 2847 75 45 cum
291 2847 107 45 Sacris
366 2847 149 45 Scripturis
483 2847 160 45 consentiat,
611 2847 85 45 illi
664 2847 75 45 vel
707 2847 96 45 citra
771 2847 128 45 mitacula
867 2847 139 45 credendum
963 2847 64 45 est,

236 2877 74 47 qui
279 2877 127 47 secerunt
374 2877 74 47 qui
417 2877 159 47 crediderunt
544 2877 117 47 Johanni
629 2877 138 47 Baptistae
735 2877 170 47 praedicanti,
873 2877 74 47 sed
915 2877 95 47 nulla
968 2877 53 47 mi¬-

240 2908 97 55 ratum
305 2908 140 55 facienti:
413 2908 65 55 ut
445 2908 129 55 fecerunt
542 2908 162 55 Beroeenses;
671 2908 86 55 Act.
725 2908 75 55 17.
768 2908 54 55 v
790 2908 75 55 11,
833 2908 75 55 12.
876 2908 75 55 Iis
919 2908 97 55 autem
973 2908 54 55 Iu¬-

256 2936 74 58 lis
299 2936 74 58 qui
341 2936 85 58 rant
394 2936 191 58 Thessalonicae,
554 2936 117 58 fuerunt
638 2936 85 58 isti
691 2936 180 58 generosiores,
840 2936 64 58 ut
872 2936 74 58 qui
904 2936 127 58 receperint

247 2966 136 60 Sermonem
348 2966 79 60 cum
394 2966 90 60 omni
450 2966 169 60 alacritate,
586 2966 136 60 quotidie
687 2966 169 60 examinantes
823 2966 158 60 Scripturas
947 2966 68 60 an
970 2966 56 60 hae

247 3000 76 58 ita
291 3000 65 58 se
323 3000 120 58 habere.
410 3000 65 58 t.
443 3000 98 58 Multi
508 3000 109 58 igitur
584 3000 163 58 crediderunt
715 3000 65 58 ex
747 3000 87 58 eis,
802 3000 54 58 &
823 3000 141 58 Graecarum
921 3000 109 58 mulierum

245 3027 129 54 hnorat
336 3027 91 54 rum
387 3027 65 54 &
413 3027 142 54 virorum
517 3027 91 54 non
556 3027 103 54 pauci¬-

284 3061 65 60 Si
317 3061 86 60 vero
370 3061 129 60 doctrina
467 3061 54 60 a
489 3061 108 60 Sacris
564 3061 119 60 literis
651 3061 108 60 aliena
726 3061 119 60 fuerit,
812 3061 54 60 &
834 3061 172 60 idololatriam
963 3061 54 60 sua

251 3084 105 77 serit,
324 3084 73 77 non
366 3084 73 77 est
408 3084 157 77 praeconibus
534 3084 84 77 eius
586 3084 94 77 fides
649 3084 147 77 adhibenda,
765 3084 73 77 non
807 3084 73 77 est
849 3084 73 77 eis
880 3084 147 77 auscultandum

1040 163 138 48 Aetiamsi
1144 163 138 48 miracula
1248 163 138 48 ederent:
1352 163 81 48 sic
1398 163 92 48 enim
1455 163 150 48 praecepit
1570 163 127 48 Dominus
1663 163 104 48 Deut.
1732 163 81 48 13.
1766 163 104 48 versib.

1084 197 112 45 primis
1162 197 135 45 quinque:
1264 197 90 45 Quum
1320 197 124 45 surgens
1410 197 67 45 in
1444 197 101 45 medio
1511 197 79 45 tui
1556 197 146 45 Propheta,
1669 197 79 45 aut
1714 197 135 45 somnians
1804 197 67 45 som¬-

1066 237 103 40 nium,
1134 237 137 40 ediderit
1237 237 91 40 tibi
1294 237 114 40 signum
1374 237 80 40 aut
1420 237 160 40 prodigium,
1546 237 126 40 Quamvis
1637 237 126 40 eveniat
1728 237 114 40 signum
1797 237 80 40 illud

1072 267 78 47 aut
1117 267 145 47 prodigium
1228 267 89 47 quod
1284 267 168 47 praedixerat
1418 267 89 47 tibi
1474 267 134 47 dicendo,
1575 267 134 47 sequamur
1676 267 89 47 Deos
1732 267 123 47 alienos
1810 267 67 47 quo-

1073 297 75 45 non
1116 297 118 45 noveras
1202 297 54 45 &
1223 297 118 45 colamus
1309 297 86 45 eos:
1362 297 64 45 Ne
1394 297 150 45 auscultato
1512 297 107 45 verbis
1587 297 139 45 Prophetae
1694 297 118 45 istius,
1780 297 75 45 aut
1812 297 64 45 ist.

1077 327 152 49 somnianti
1194 327 140 49 somnium:
1299 327 93 49 quia
1357 327 117 49 tentat
1439 327 117 49 Iehova
1521 327 93 49 Deus
1579 327 117 49 vester
1661 327 82 49 vos
1708 327 70 49 ad
1731 327 140 49 cognoscen¬-

1085 358 75 50 lum
1128 358 64 50 an
1160 358 97 50 sitis
1225 358 118 50 amantes
1311 358 75 50 Dei
1354 358 107 50 vestri
1429 358 64 50 ex
1461 358 86 50 toto
1515 358 97 50 corde
1579 358 118 50 vestro,
1665 358 54 50 &
1687 358 64 50 ex
1719 358 86 50 toto
1773 358 97 50 animo
1826 358 54 50 ve¬-

1080 390 97 49 tro.
1140 390 133 49 lehovam
1237 390 97 49 Deum
1298 390 133 49 vestrum
1395 390 170 49 sequimini,
1528 390 61 49 &
1553 390 109 49 ipsum
1625 390 133 49 timete:
1722 390 61 49 &
1747 390 133 49 mandata
1832 390 48 49 e¬-

1074 424 73 49 ius
1115 424 146 49 observate,
1230 424 62 49 ac
1261 424 83 49 voci
1313 424 62 49 eb
1344 424 156 49 auscultate,
1469 424 104 49 eumque
1542 424 104 49 colite
1615 424 52 49 &
1636 424 135 49 adhaerete
1740 424 73 49 ei.
1771 424 104 49 Propheto

1076 462 100 37 autem
1143 462 100 37 iste,
1210 462 78 37 aut
1254 462 134 37 somnians
1355 462 123 37 somnium
1444 462 89 37 iste
1500 462 145 37 plectitor
1611 462 112 37 morte,
1689 462 89 37 quia
1745 462 112 37 suasit
1812 462 67 37 apo¬-

1078 485 127 54 stasiam
1171 485 116 54 contra
1252 485 127 54 Iehovam
1345 485 93 54 Deum
1403 485 139 54 vestrum:
1507 485 81 54 qui
1554 485 116 54 eduxit
1635 485 81 54 vos
1681 485 58 54 e
1704 485 104 54 terra
1762 485 116 54 AEgypti.

1076 518 57 45 &
1098 518 79 45 qui
1144 518 124 45 redemit
1234 518 79 45 vos
1279 518 57 45 e
1302 518 91 45 domo
1359 518 147 45 servorum,
1472 518 158 45 depulsurus
1596 518 68 45 te
1630 518 57 45 a
1653 518 79 45 via
1698 518 91 45 quam
1743 518 136 45 praestitu¬-

1075 554 67 51 it
1108 554 89 51 tibi
1164 554 112 51 Iehova
1242 554 89 51 Deus
1298 554 89 51 tuus
1354 554 67 51 ut
1388 554 123 51 ambules
1477 554 67 51 in
1510 554 78 51 ea:
1555 554 78 51 ita
1600 554 156 51 sustuleris
1723 554 101 51 illud
1790 554 101 51 malum
1845 554 34 51 e

1066 583 109 35 medio
1126 583 61 35 tui

1110 617 129 48 Proinde
1204 617 152 48 mitacula,
1321 617 70 48 si
1356 617 94 48 quae
1415 617 141 48 eduntur,
1521 617 82 48 tum
1567 617 164 48 acceptanda
1696 617 106 48 sunt,
1767 617 59 48 &
1790 617 94 48 Deus
1837 617 47 48 ob

1076 642 89 54 illa
1131 642 144 54 laudandus
1242 642 89 54 quum
1298 642 133 54 doctrina
1397 642 78 54 cui
1442 642 177 54 confirmandae
1586 642 166 54 adhibentur,
1719 642 78 54 est
1763 642 100 54 vera:
1819 642 67 54 quum

1069 685 85 48 aute
1123 685 128 48 doctrina
1219 685 96 48 falsa
1283 685 75 48 est
1326 685 53 48 &
1347 685 107 48 sacris
1422 685 117 48 literis
1507 685 139 48 adversas,
1614 685 64 48 tu
1646 685 128 48 miracula
1742 685 75 48 una
1785 685 75 48 cum
1817 685 53 48 pa¬-

1079 717 113 48 tratore
1161 717 113 48 illorum
1244 717 52 48 &
1264 717 72 48 cum
1305 717 124 48 doctrina
1398 717 82 48 ipsa
1450 717 93 48 falsa
1512 717 124 48 aversari
1604 717 52 48 &
1625 717 134 48 detestari
1728 717 113 48 necesse
1800 717 62 48 est.

1107 748 145 54 Miraculis
1218 748 111 54 maiora
1296 748 89 54 sunt
1351 748 111 54 fides,
1429 748 100 54 spes,
1496 748 145 54 charitas,
1607 748 67 54 ut
1641 748 178 54 Chrysostomus
1785 748 78 54 ait
1818 748 56 54 ho¬-

1065 784 118 36 milia
1144 784 210 36 quadragesima
1314 784 79 36 in
1353 784 105 36 Acta
1406 784 170 36 Apostolorum

1088 814 153 51 Miracula
1203 814 102 51 sunt
1267 814 128 51 aliquo
1357 814 102 51 modo
1421 814 192 51 Sacramentis
1574 814 153 51 similia.
1689 814 90 51 Nam
1740 814 77 51 I.
1766 814 115 51 utraque

1081 850 210 50 promissionibus
1256 850 128 50 divinis
1350 850 187 50 confirmandis
1501 850 58 50 a
1524 850 82 50 Deo
1571 850 70 50 ut
1606 850 128 50 sigilla
1699 850 128 50 quaedam
1781 850 105 50 addita;

1073 877 155 57 fuerunt:
1189 877 142 57 proinde
1293 877 142 57 utraque
1396 877 103 57 sunt
1461 877 207 57 promissionum
1629 877 168 57 divinarum
1758 877 129 57 arrhae
1835 877 39 57 &

1064 913 117 35 fidem
1142 913 143 35 nostram
1233 913 170 35 confirmant.

1111 950 75 45 2.
1148 950 124 45 Neutra
1235 950 87 45 per
1285 950 124 45 seipsa
1372 950 174 45 sufficiunt
1509 950 124 45 absque
1596 950 112 45 verbo
1670 950 100 45 Dei:
1720 950 162 45 quemadmodum

1071 973 128 54 sigilla
1164 973 105 54 nihil
1234 973 140 54 prosunt,
1339 973 186 54 nisrapposita
1490 973 174 54 instrumento
1630 973 93 54 quod
1688 973 174 54 authenticum
1816 973 58 54 red

1072 1010 133 53 dendum.
1168 1010 169 53 Sacramenta
1301 1010 109 53 autem
1374 1010 60 53 &
1398 1010 145 53 miracula
1506 1010 97 53 sunt
1567 1010 133 53 sigilla
1651 1010 145 53 doctrinae¬-

1101 1047 72 43 3.
1137 1047 109 43 Sicut
1210 1047 169 43 Sacramenta
1342 1047 109 43 nihil
1415 1047 133 43 commodi
1511 1047 169 43 conferunt,
1644 1047 84 43 sed
1692 1047 145 43 iudicium
1789 1047 84 43 affe¬-

1071 1083 97 39 runt,
1136 1083 86 39 nisi
1190 1083 86 39 fide
1244 1083 119 39 sincera
1330 1083 183 39 percipiantur:
1481 1083 75 39 ita
1524 1083 129 39 mitacula
1621 1083 97 39 nihil
1686 1083 129 39 prosunt,
1783 1083 75 39 sed
1815 1083 65 39 mul¬-

1066 1115 75 39 tum
1109 1115 118 39 nocent,
1195 1115 86 39 nisi
1249 1115 129 39 doctrina
1346 1115 75 39 cui
1389 1115 172 39 stabiliendae
1529 1115 140 39 accedunt,
1636 1115 75 39 sit
1679 1115 86 39 vera
1733 1115 97 39 atque
1787 1115 86 39 sancta

1076 1150 69 42 4.
1110 1150 126 42 Utraque
1201 1150 160 42 probatione
1327 1150 91 42 opus
1384 1150 126 42 habent,
1475 1150 69 42 ut
1510 1150 91 42 vera
1567 1150 57 42 a
1589 1150 114 42 falsis
1669 1150 194 42 discernantur.
1818 1150 57 42 Nam

1077 1180 71 45 ut
1113 1180 83 45 non
1160 1180 130 45 quaevis
1254 1180 142 45 miracula
1361 1180 94 45 sunt
1420 1180 177 45 acceptanda:
1561 1180 83 45 ita
1608 1180 83 45 nec
1656 1180 177 45 Sacramentis
1786 1180 94 45 quomo¬-

1071 1206 159 44 docunque
1190 1206 225 44 administratis
1362 1206 119 44 utendum

1111 1241 105 52 Eadem
1182 1241 152 52 disserunt
1299 1241 70 52 1.
1334 1241 129 52 Natura.
1428 1241 82 52 Nam
1475 1241 94 52 vera
1533 1241 152 52 miracula,
1650 1241 94 52 sunt
1709 1241 105 52 opera
1768 1241 105 52 inusita

1065 1277 81 45 ta,
1112 1277 81 45 hoc
1158 1277 105 45 ipsum
1228 1277 93 45 quod
1286 1277 174 45 demonstrant
1426 1277 174 45 exsistentia
1565 1277 58 45 &
1588 1277 81 45 res
1635 1277 105 45 ipsas
1705 1277 174 45 exhibentia,
1833 1277 46 45 ad

1068 1311 106 46 quae
1134 1311 146 46 hominum
1240 1311 133 46 mentes
1333 1311 226 46 obstupescunt:
1519 1311 186 46 Sacramenta
1665 1311 119 46 autem
1744 1311 133 46 maxime
1824 1311 53 46 in

1075 1341 104 45 Novo
1140 1341 182 45 Testamento
1283 1341 104 45 sunt
1348 1341 117 45 opera
1426 1341 143 45 usitata
1530 1341 78 45 ex
1569 1341 91 45 usu
1621 1341 182 45 quotidiano
1751 1341 130 45 desumta¬-

1077 1379 94 44 quae
1136 1379 106 44 nihil
1207 1379 153 44 stuporis:
1324 1379 153 44 afferunt,
1442 1379 106 44 aliud
1512 1379 188 44 exsistentia,
1665 1379 106 44 aliud
1724 1379 153 44 significan¬

1058 1409 60 34 tia.

1103 1442 77 46 2.
1142 1442 116 46 Cauta
1219 1442 193 46 administra.
1373 1442 90 46 Nam
1425 1442 180 46 administri
1566 1442 193 46 miraculorum
1721 1442 103 46 sunt
1772 1442 103 46 certi¬-

1075 1468 105 51 iique
1145 1468 81 51 tam
1192 1468 105 51 laici
1261 1468 93 51 esse
1319 1468 128 51 possunt
1412 1468 93 51 quam
1470 1468 139 51 ministri
1575 1468 116 51 verbi:
1656 1468 81 51 sed
1691 1468 186 51 Sacramentorum.

1072 1510 157 44 administri
1195 1510 90 44 sunt
1251 1510 101 44 omnes
1319 1510 56 44 &
1341 1510 90 44 soli
1397 1510 135 44 ministri
1498 1510 157 44 Ecclesiae,
1622 1510 112 44 veluti
1700 1510 146 44 Pastores,
1801 1510 79 44 pres¬-

1064 1534 116 43 byteri
1146 1534 58 43 &
1158 1534 116 43 diaconi¬-

1093 1577 74 39 3.
1130 1577 123 39 Fine&.
1216 1577 86 39 Nam
1265 1577 148 39 miracula
1376 1577 185 39 credentibus
1524 1577 62 39 &
1548 1577 172 39 incredulis
1684 1577 185 39 exhibentur,
1832 1577 74 39 ut

1082 1600 78 50 nos
1127 1600 78 50 vel
1171 1600 156 50 percellant
1294 1600 56 50 &
1316 1600 67 50 ad
1350 1600 101 50 fidem
1417 1600 168 50 praeparent:
1551 1600 123 50 proprio
1640 1600 101 50 sensu
1707 1600 156 50 convictos,
1819 1600 56 50 vel

1069 1630 196 44 inexcusabiles
1231 1630 138 44 reddant,
1334 1630 104 44 illos
1404 1630 69 44 in
1438 1630 92 44 fide
1496 1630 173 44 confirment:
1634 1630 161 44 Sacramenta
1761 1630 104 44 autem
1818 1630 58 44 in¬-

1066 1665 124 50 stituta
1156 1665 90 50 sunt
1213 1665 102 50 solis
1280 1665 147 50 fidelibus
1393 1665 181 50 confirmandis
1540 1665 56 50 &
1563 1665 147 50 evehendis
1676 1665 56 50 a
1698 1665 102 50 sensu
1766 1665 68 50 ad
1789 1665 90 50 spiri¬-

1071 1698 94 40 tum,
1130 1698 71 40 ab
1166 1698 142 40 opinione
1272 1698 71 40 ad
1307 1698 118 40 fidem,
1390 1698 59 40 e
1413 1698 106 40 terra
1484 1698 71 40 in
1508 1698 94 40 coelum

1107 1731 78 45 4.
1146 1731 157 45 Subiecto
1264 1731 105 45 eνφ.
1329 1731 91 45 Nam
1381 1731 170 45 mitaculum
1512 1731 78 45 ad
1551 1731 131 45 certam
1643 1731 144 45 aliquam
1734 1731 144 45 personam.

1078 1765 155 48 pertinet,
1197 1765 72 48 in
1233 1765 83 48 qua
1281 1765 191 48 perpetratur:
1436 1765 72 48 At
1472 1765 167 48 Sacramenta
1603 1765 72 48 ad
1639 1765 155 48 universam
1746 1765 131 48 Ecclesiam

1064 1791 123 45 spectant:

1104 1829 70 52 5.
1139 1829 139 52 Subjecto
1244 1829 105 52 citca
1313 1829 105 52 quod.
1383 1829 81 52 Nam
1430 1829 70 52 in
1464 1829 151 52 mitaculis
1581 1829 116 52 gratia
1662 1829 81 52 Dei
1708 1829 116 52 patet,
1790 1829 70 52 in
1813 1829 58 52 Sa¬-

1074 1858 154 38 cramentis
1193 1858 107 38 autem
1252 1858 83 38 later

1096 1897 74 48 6.
1133 1897 148 48 Tempore.
1243 1897 148 48 Miracula
1354 1897 98 48 sunt
1416 1897 221 48 extraordinaria
1600 1897 62 48 &
1625 1897 111 48 certi
1698 1897 160 48 temporis,
1821 1897 86 48 hoc

1072 1918 92 52 est,
1130 1918 92 52 quae
1188 1918 69 52 ad
1223 1918 116 52 tempus
1304 1918 69 52 in
1338 1918 139 52 Ecclesia
1442 1918 116 52 durare
1523 1918 150 52 debuerunt
1639 1918 69 52 ac
1674 1918 127 52 proiude
1766 1918 81 52 non
1801 1918 69 52 sem¬-

1073 1963 89 40 per
1124 1963 179 40 necessaria
1265 1963 115 40 sunt:
1341 1963 77 40 At
1379 1963 179 40 Sacramenta
1520 1963 77 40 in
1558 1963 128 40 primis
1647 1963 77 40 in
1686 1963 102 40 Novo
1737 1963 140 40 Testamen¬-

1071 1995 86 52 to,
1120 1995 99 52 sunt
1182 1995 111 52 opera
1256 1995 161 52 ordinaria
1379 1995 185 52 pertinentia
1528 1995 74 52 ad
1565 1995 111 52 omnia
1639 1995 148 52 tempora,
1750 1995 74 52 ac
1775 1995 111 52 proinde

1067 2021 72 49 in
1103 2021 84 49 usu
1151 2021 107 49 usque
1222 2021 72 49 ad
1258 2021 215 49 consummationem
1437 2021 119 49 seculi
1509 2021 107 49 posita.

1105 2061 73 37 7.
1141 2061 158 37 Relatione
1263 2061 73 37 ad
1299 2061 122 37 totum.
1385 2061 146 37 Miracula
1494 2061 85 37 non
1543 2061 97 37 sunt
1603 2061 97 37 pars
1664 2061 170 37 ministerii
1786 2061 85 37 Evan¬-

1078 2087 128 52 gelici:
1172 2087 70 52 At
1207 2087 163 52 Sacramenta
1335 2087 93 52 sunt
1393 2087 93 52 pars
1451 2087 163 52 ministerii
1580 2087 175 52 Evangelici,
1719 2087 70 52 in
1754 2087 82 52 quo
1789 2087 82 52 Chri¬-

1068 2112 94 55 stus
1127 2112 177 55 ordinatione
1268 2112 106 55 certa
1339 2112 71 55 ac
1374 2112 141 55 perpetua
1480 2112 94 55 agit
1539 2112 82 55 non
1586 2112 130 55 faciens
1681 2112 165 55 mutationem
1798 2112 71 55 ali¬-

1073 2156 101 46 quam
1136 2156 189 46 miraculosam
1288 2156 76 46 in
1326 2156 126 46 natura
1414 2156 88 46 aut
1464 2156 189 46 naturalibus
1616 2156 202 46 qualitatibus
1767 2156 101 46 signo¬

1055 2187 87 40 rum,

1164 2237 401 52 MIRAGULORUM
1459 2237 294 52 DISTRIBU,

1331 2280 205 43 TIONES

1102 2303 144 67 Miracula
1210 2303 60 67 e
1234 2303 120 67 causis
1319 2303 205 67 efficientibus
1487 2303 96 67 sunt
1547 2303 108 67 opera
1619 2303 84 67 Dei
1667 2303 84 67 vel
1716 2303 156 67 immediata
1824 2303 60 67 vel

1049 2343 130 36 mediata.

1089 2380 163 54 Immediata,
1218 2380 93 54 sunt
1276 2380 93 54 quae
1334 2380 93 54 Deus
1393 2380 93 54 sola
1451 2380 82 54 sua
1498 2380 128 54 virtute
1591 2380 117 54 absque
1673 2380 117 54 ullius
1743 2380 128 54 creaturae

1070 2409 156 46 ministerio
1192 2409 122 46 edidit:
1281 2409 67 46 ut
1315 2409 89 46 erat
1370 2409 111 46 mannae
1437 2409 89 46 pluvia

1091 2445 151 53 Mediata,
1205 2445 101 53 sunt
1267 2445 101 53 quae
1330 2445 101 53 Deus
1393 2445 151 53 adhibito
1506 2445 176 53 ministerio
1645 2445 163 53 Angelorum
1770 2445 88 53 vel
1808 2445 63 53 ho¬-

1059 2472 114 42 minum
1123 2472 127 42 effecit,

1108 2509 139 44 Miracula
1213 2509 128 44 mediata
1306 2509 93 44 sunt
1364 2509 186 44 quadruplicia
1515 2509 58 44 e
1538 2509 116 44 formis
1619 2509 81 44 seu
1666 2509 104 44 modis
1724 2509 104 44 illorum

1089 2549 77 36 I.
1128 2549 141 36 quaedam
1230 2549 154 36 precibus
1346 2549 64 36 a
1371 2549 90 36 Deo
1422 2549 167 36 impetrata
1551 2549 115 36 sunt,
1627 2549 192 36 quemadmodum
1768 2549 103 36 Moses.

1072 2580 104 46 tanas
1142 2580 58 46 &
1165 2580 104 46 alias
1235 2580 127 46 quasdam
1327 2580 116 46 plagas
1408 2580 174 46 intercedens
1548 2580 81 46 pro
1594 2580 139 46 Pharaone
1698 2580 127 46 abegit,
1791 2580 104 46 Exod.

1062 2603 64 47 8.
1094 2603 64 47 v.
1126 2603 75 47 12,
1169 2603 75 47 13.
1212 2603 53 47 &
1233 2603 64 47 v.
1265 2603 75 47 30,
1308 2603 75 47 31.
1350 2603 64 47 c.
1382 2603 64 47 9.
1414 2603 64 47 v.
1446 2603 75 47 23.
1489 2603 96 47 Elias
1553 2603 128 47 Propheta
1649 2603 53 47 a
1670 2603 75 47 Deo
1713 2603 128 47 precibus
1798 2603 75 47 impe¬-

1062 2643 124 48 travit
1148 2643 124 48 ignem,
1235 2643 86 48 qui
1284 2643 62 48 e
1309 2643 111 48 coelo
1383 2643 148 48 decidens
1494 2643 185 48 holocaustum
1642 2643 173 48 consumsit,
1778 2643 62 48 I
1791 2643 86 48 Regum

1078 2675 77 39 18.
1122 2675 66 39 v.
1155 2675 77 39 30,
1199 2675 77 39 37,
1243 2675 77 39 38.
1286 2675 121 39 Jesaias
1374 2675 132 39 Propheta
1473 2675 154 39 inclamavit
1594 2675 132 39 Iehovam,
1692 2675 66 39 ut
1714 2675 154 39 retrocederet

1077 2708 108 53 ambra
1149 2708 108 53 decem
1221 2708 144 53 gradibus
1329 2708 72 53 in
1365 2708 132 53 solario
1461 2708 132 53 Achazi,
1557 2708 132 53 pariter
1653 2708 192 53 retrocedente
1797 2708 84 53 Sole,

1075 2732 61 48 2.
1105 2732 82 48 Reg.
1157 2732 72 48 20.
1197 2732 72 48 11.
1238 2732 92 48 Iesa.
1300 2732 72 48 38.
1330 2732 31 48 &

1089 2769 77 45 2.
1128 2769 140 45 Quaedam
1230 2769 115 45 iussu
1306 2769 115 45 atque
1383 2769 140 45 imperio
1485 2769 140 45 Christi
1587 2769 89 45 aut
1638 2769 166 45 sanctorum
1753 2769 115 45 hominum

1076 2796 174 57 venerunt:
1209 2796 201 57 quemadmodum
1370 2796 161 57 Christus
1490 2796 187 57 obiurgavit
1638 2796 147 57 ventum,
1731 2796 134 57 dixitque

1066 2838 102 48 mari.
1134 2838 91 48 Sile
1191 2838 159 48 obmutesce:
1316 2838 80 48 Tum
1362 2838 125 48 quievit
1453 2838 102 48 vetus
1521 2838 137 48 factaque
1624 2838 80 48 est
1669 2838 194 48 tranquillitas
1817 2838 57 48 ma¬-

1075 2865 87 44 gna,
1130 2865 98 44 Marc.
1195 2865 66 44 4.
1228 2865 77 44 39.
1272 2865 98 44 Iosua
1337 2865 87 44 Soli
1392 2865 55 44 &
1414 2865 98 44 Lunae
1480 2865 142 44 mandavit.
1589 2865 66 44 ut
1622 2865 175 44 subsisterent
1753 2865 120 44 tantispex

1066 2905 97 42 donec
1131 2905 140 42 vindicata
1239 2905 97 42 esset
1304 2905 86 42 gens
1358 2905 162 42 Israelitica
1487 2905 65 42 ab
1520 2905 130 42 hostibus
1617 2905 86 42 suis
1671 2905 86 42 Iosu
1725 2905 65 42 10
1757 2905 76 42 12.
1789 2905 76 42 Elia;

1062 2930 146 41 imperavit
1174 2930 68 41 ut
1208 2930 101 41 ignis
1276 2930 68 41 de
1309 2930 101 41 coelo
1377 2930 169 41 descenderet
1512 2930 56 41 &
1535 2930 146 41 ministros
1647 2930 180 41 crudelitatis
1782 2930 79 41 Iora¬-

1066 2961 68 45 mi
1100 2961 102 45 Regis
1167 2961 102 45 Israe
1235 2961 124 45 titarum
1325 2961 158 45 devoraret,
1449 2961 68 45 1.
1483 2961 102 45 Regum
1551 2961 68 45 1.
1585 2961 68 45 v,
1619 2961 68 45 9.
1653 2961 79 45 Sic
1698 2961 113 45 Petrus
1765 2961 102 45 sanavit

1073 2995 141 52 claudum,
1179 2995 118 52 dicens
1262 2995 83 52 ei,
1309 2995 71 52 In
1344 2995 118 52 nomine
1427 2995 94 52 Iesu
1486 2995 130 52 Christi
1580 2995 141 52 Nazaraei
1686 2995 106 52 surge
1757 2995 59 52 &
1769 2995 106 52 ambula.

1077 3025 89 45 Act.
1133 3025 67 45 3.
1166 3025 67 45 v.
1199 3025 67 45 6.
1233 3025 78 45 Sic
1277 3025 111 45 Paulus
1355 3025 145 45 expellens
1466 3025 134 45 Pythonis
1567 3025 134 45 spiritum
1667 3025 67 45 ex
1700 3025 122 45 ancilla
1778 3025 89 45 quadam

1070 3055 98 54 dixit
1135 3055 76 54 ei:
1179 3055 98 54 Mando
1244 3055 87 54 tibi
1298 3055 76 54 per
1341 3055 98 54 nomen
1406 3055 87 54 Iesu
1460 3055 130 54 Christi,
1558 3055 65 54 ut
1590 3055 98 54 excas
1655 3055 65 54 ab
1688 3055 76 54 ea.
1731 3055 98 54 Extit
1785 3055 87 54 igitur

1066 3093 114 45 eodem
1142 3093 101 45 illo
1206 3093 152 45 momento,
1320 3093 139 45 Actorum
1421 3093 190 45 decimosexto
1573 3093 165 45 versiculo
1699 3093 127 45 decimo
1775 3093 89 45 octae

1047 3124 72 38 vo.
