2063 3406
302 158 104 43 Causa
371 158 207 43 instrumentalis
543 158 92 43 fuit
601 158 115 43 verbum
681 158 81 43 Dei
727 158 127 43 linguis
819 158 150 43 primariis
934 158 150 43 traditum.
1038 158 58 43 IA¬-

273 192 101 39 Ideo
336 192 101 39 Deus
399 192 202 39 reformaturus
563 192 176 39 religionem
702 192 76 39 in
740 192 101 39 toto
803 192 113 39 mundo
879 192 88 39 per
916 192 139 39 Apostolos

263 227 64 40 &
289 227 167 40 adjutores
417 227 128 40 eorum,
507 227 103 40 dono
571 227 167 40 linguarum
700 227 154 40 multatum
815 227 90 40 eos
866 227 141 40 ornavit
969 227 64 40 &
982 227 64 40 in¬-

268 259 139 39 struxit.
373 259 81 39 Ita
419 259 151 39 superiore
535 259 116 39 seculo
617 259 151 39 generalem
733 259 197 39 reformationem
884 259 162 39 instituturus

272 292 115 41 primo
349 292 141 41 linguae
452 292 167 41 Hebraicae
580 292 192 41 cognitionem
734 292 90 41 per
785 292 154 41 Johannem
887 292 167 41 Reuchlinum,

271 323 84 39 tum
319 323 131 39 Graecae
414 323 84 39 per
462 323 131 39 Budaeum
558 323 60 39 &
582 323 120 39 alios,
666 323 60 39 &
689 323 131 39 Latinae
785 323 167 39 elegantiam
917 323 108 39 pulsa
976 323 72 39 bar¬-

258 356 116 34 barie
335 356 232 34 Scholasticorum
528 356 90 34 per
580 356 142 34 Erasmum
683 356 206 34 Roterodanium
850 356 154 34 reduxit:
953 356 90 34 dein¬-

270 388 72 34 de
306 388 167 34 religionis
437 388 179 34 instauratio
580 388 131 34 sequuta
676 388 131 34 invitis
771 388 131 34 Romanis
867 388 191 34 Pontificibus
1010 388 36 34 &

264 422 192 42 Cardinalibus
420 422 60 42 &
444 422 168 42 Episcopis,
576 422 60 42 &
600 422 132 42 frustra
695 422 192 42 renitentibus
851 422 60 42 &
863 422 192 42 reformationem:

261 452 147 44 impedire
371 452 172 44 conantibus
506 452 147 44 brachiis
605 452 111 44 ipsorum

290 476 99 49 Signa
356 476 88 49 irae
411 476 131 49 divinae,
509 476 99 49 sunt,
575 476 121 49 poenae,
663 476 77 49 tum
706 476 142 49 publicae,
816 476 77 49 tum
860 476 142 49 privatae:
958 476 121 49 interitus

254 510 133 51 hostium
350 510 60 51 &
375 510 205 51 persequutorum
543 510 169 51 Ecclesiae:
676 510 145 51 confusio
785 510 205 51 haereticorum;
941 510 109 51 tragici

259 553 119 34 exitus
343 553 191 34 Apostatarum;
498 553 119 34 ingens
581 553 131 34 annonae
676 553 131 34 caritas
772 553 60 34 &
796 553 143 34 horrenda
903 553 119 34 fames;
974 553 60 34 pe¬-

246 583 178 35 stilentiae;
389 583 119 35 clades
472 583 154 35 bellicae;
591 583 190 35 Imperatorum,
745 583 119 35 Regum,
828 583 166 35 Principum,
947 583 83 35 Magna

255 615 96 36 tum,
315 615 84 36 aut
363 615 143 36 certorum
470 615 143 36 alioquin
577 615 131 36 hominum
673 615 155 36 inopinati
792 615 131 36 obitus:
888 615 131 36 amissio
971 615 60 36 ve¬-

256 652 78 31 rae
300 652 166 31 religionis:
433 652 200 31 perturbationes
600 652 155 31 Ecclesiae;
722 652 144 31 haereses:
832 652 155 31 schismata;
943 652 100 31 terrae¬-

258 680 127 35 motus,
347 680 127 35 magnae
436 680 215 35 inundationes;
613 680 177 35 inconsueta
752 680 63 35 &
777 680 114 35 supra
853 680 114 35 modum
916 680 127 35 supraque

249 716 150 33 memoriam
361 716 137 33 hominum
460 716 112 33 acria
535 716 150 33 frigora:
647 716 125 33 aestus
734 716 224 33 vehementissimi
921 716 112 33 supra
984 716 62 33 or¬-

259 747 149 36 dinarium
370 747 137 36 naturae
470 747 124 36 modum:
556 747 161 36 inusitati
681 747 149 36 ventorum
792 747 149 36 turbines
904 747 112 36 totum
966 747 62 36 mun

259 779 81 37 dum
306 779 184 37 pervadentes,
455 779 115 37 quibus
536 779 115 37 turres
616 779 184 37 dejiciantur,
766 779 150 37 aedificia
870 779 161 37 concutiantur

246 819 82 39 aut
293 819 106 39 etiam
364 819 199 39 subvertantur,
528 819 152 39 cujusmodi
645 819 94 39 Anno
704 819 106 39 1606.
774 819 82 39 die
821 819 82 39 16,
868 819 82 39 17,
915 819 82 39 18,
962 819 59 39 &
973 819 59 39 I9.

250 842 113 46 Martii
329 842 102 46 stylo
397 842 125 46 antiquo
488 842 125 46 fuerunt

299 870 153 45 posteriora
419 870 87 45 sunt
473 870 98 45 signa
539 870 98 45 finis
604 870 109 45 mundi,
680 870 54 45 &
702 870 120 45 extremi
789 870 87 45 diei
844 870 54 45 &
866 870 109 45 ultimi
931 870 109 45 adventus

257 908 136 38 Christi,
359 908 68 38 de
392 908 113 38 quibus
472 908 113 38 Matth.
551 908 79 38 24.
596 908 91 38 Luc.
641 908 57 38 21.

284 939 103 42 Inter
352 939 92 42 illa
410 939 103 42 signa
478 939 103 42 finis
547 939 103 42 mundi
616 939 57 42 &
639 939 126 42 extremi
731 939 92 42 diei
788 939 80 42 est
834 939 138 42 Iudaicus
925 939 115 42 populus,

251 974 101 44 quem
314 974 101 44 post
378 974 177 44 destructam
516 974 151 44 politiam
630 974 151 44 Mofaicam
744 974 139 44 Dominus
845 974 164 44 praedixit
958 974 76 44 sem¬-

243 1010 84 38 per
291 1010 167 38 duraturum,
422 1010 60 38 &
446 1010 107 38 inter
518 1010 179 38 Christianos
661 1010 155 38 nansurum,
780 1010 119 38 (licet
864 1010 96 38 ante
924 1010 107 38 mundi
983 1010 60 38 fi¬-

248 1042 80 35 nem
293 1042 103 35 multi
362 1042 68 35 ex
396 1042 80 35 iis
441 1042 91 35 sint
499 1042 103 35 etiam
567 1042 68 35 ad
601 1042 137 35 Christum
704 1042 171 35 convertendi
841 1042 91 35 Rom.
898 1042 91 35 11.)
955 1042 68 35 ut
978 1042 68 35 sit,

242 1070 198 44 Christianis
400 1070 172 44 perpetuum
532 1070 185 44 monimentum
678 1070 66 44 &
704 1070 145 44 signum,
810 1070 92 44 tum
862 1070 106 44 irae
915 1070 119 44 divinae

253 1106 82 40 tum
300 1106 153 40 veritatis
418 1106 59 40 &
441 1106 188 40 certitudinis
594 1106 200 40 praedictionum
758 1106 70 40 de
793 1106 94 40 fine
852 1106 117 40 mundi:
923 1106 117 40 siquidem

246 1137 73 41 ex
282 1137 183 41 complemento
429 1137 110 41 unius
502 1137 207 41 praedictionis
673 1137 171 41 colligimus
807 1137 110 41 certo
880 1137 134 41 futurum
966 1137 73 41 com¬-

241 1171 156 40 plementum
361 1171 168 40 caeterarum
493 1171 108 40 etiam
565 1171 216 40 praedictionum,
746 1171 96 40 Luc.
806 1171 84 40 21.
854 1171 72 40 v.
878 1171 48 40 3.

275 1200 98 43 Inter
340 1200 98 43 signa
406 1200 87 43 illa
460 1200 98 43 finis
526 1200 98 43 mundi
591 1200 87 43 sunt
646 1200 98 43 etiam
711 1200 98 43 signa
776 1200 65 43 in
809 1200 98 43 Sole,
874 1200 98 43 Luna,
929 1200 98 43 stellis

250 1237 101 38 terra
317 1237 56 38 &
340 1237 101 38 mari,
407 1237 90 38 quae
463 1237 101 38 licet
530 1237 101 38 etiam
597 1237 90 38 inde
653 1237 67 38 ab
687 1237 112 38 initio
766 1237 101 38 mundi
833 1237 90 38 sint
889 1237 101 38 visa,
956 1237 112 38 manent

246 1269 118 38 tamen
325 1269 66 38 &
351 1269 105 38 sunt
417 1269 118 38 signa
495 1269 118 38 finis
574 1269 131 38 mundi.
666 1269 197 38 Quemadmodum
824 1269 105 38 enim
890 1269 118 38 morbi
955 1269 79 38 cor¬-

245 1301 103 41 poris
313 1301 91 41 sunt
370 1301 103 41 signa
438 1301 182 41 mortalitatis
586 1301 137 41 nostrae,
689 1301 57 41 &
712 1301 114 41 mortis
791 1301 114 41 revera
871 1301 159 41 sequuturae
985 1301 57 41 suo

244 1336 135 33 tempore,
345 1336 79 33 ita
390 1336 68 33 ut
424 1336 101 33 licet
492 1336 113 33 infans
571 1336 79 33 vel
616 1336 169 33 adolescens,
751 1336 79 33 vel
796 1336 101 33 alius
864 1336 90 33 homo
920 1336 113 33 quivis
988 1336 45 33 ex

240 1369 104 40 morbo
310 1369 185 40 convaluerit,
460 1369 104 40 tamen
530 1369 150 40 propterea
646 1369 139 40 mortalis
750 1369 93 40 esse
808 1369 81 40 non
854 1369 139 40 desinat;
958 1369 69 40 ac
981 1369 58 40 et¬-

240 1397 107 39 iamsi
311 1397 166 39 longissime
441 1397 118 39 vivat,
524 1397 130 39 etiamsi
619 1397 178 39 Mathusalemi
761 1397 130 39 aetatem
856 1397 154 39 attingat,
962 1397 71 39 tan¬-

240 1429 86 43 dem
289 1429 110 43 tamen
362 1429 147 43 moritur:
473 1429 86 43 Sic
522 1429 110 43 etiam
596 1429 147 43 Eclipses
706 1429 61 43 &
731 1429 98 43 alia
792 1429 110 43 signa
865 1429 61 43 a
890 1429 135 43 Christo
976 1429 49 43 me

245 1453 124 53 morata,
335 1453 79 53 non
380 1453 135 53 desinunt
481 1453 90 53 esse
538 1453 101 53 signa
605 1453 101 53 finis
673 1453 113 53 mundi,
752 1453 101 53 licet
819 1453 101 53 illis
887 1453 113 53 toties
966 1453 79 53 jam
999 1453 68 53 con¬-

236 1494 141 45 spectis
339 1494 129 45 mundus
429 1494 129 45 nondum
519 1494 116 45 finem
596 1494 141 45 habeat.
699 1494 116 45 Habet
776 1494 129 45 mundus
866 1494 141 45 aetates
956 1494 90 45 suas,

239 1532 78 45 ut
278 1532 104 45 homo
343 1532 169 45 quilibet:
473 1532 65 45 &
499 1532 104 45 quum
564 1532 156 45 extremum
681 1532 130 45 senium
772 1532 104 45 ejus
837 1532 156 45 venerit,
941 1532 104 45 tandem

225 1556 151 42 dissolvetur

316 1596 136 54 Tantum
412 1596 82 54 de
452 1596 136 54 signis
548 1596 163 54 diuvinis
670 1596 204 54 extrinsecus
833 1596 122 54 verbo
901 1596 68 54 Dei

532 1639 137 58 additis:
634 1639 137 58 sequitur

458 1738 327 67 CAPUT
640 1738 146 67 LX

425 1805 93 67 In
471 1805 108 67 quo
533 1805 93 67 de
579 1805 201 67 Iuramento
718 1805 139 67 Divino.

234 1869 212 57 TURAMENTUM
401 1869 167 57 divinum
522 1869 106 57 est
583 1869 228 57 asseveratio
765 1869 137 57 verbo
856 1869 106 57 Dei
901 1869 137 57 addita,

261 1917 90 36 non
313 1917 103 36 quod
377 1917 155 36 voluntas
493 1917 90 36 Dei
545 1917 90 36 sit
596 1917 181 36 mutabilis,
738 1917 90 36 aut
790 1917 129 36 verbum
880 1917 90 36 Dei
919 1917 103 36 dubium

236 1951 74 37 ον
273 1951 86 37 sed
322 1951 99 37 quod
384 1951 185 37 infirmitati
532 1951 136 37 nostrae
631 1951 74 37 de
668 1951 86 37 Deo
717 1951 74 37 ex
754 1951 136 37 hominum
853 1951 136 37 moribus
940 1951 86 37 judi¬-

235 1981 101 36 canti
302 1981 124 36 consuli
392 1981 79 36 ita
437 1981 90 36 Deus
494 1981 113 36 velit,
573 1981 68 36 ut
606 1981 68 36 si
640 1981 79 36 cui
685 1981 79 36 non
730 1981 158 36 sufficiant
854 1981 101 36 verba
922 1981 90 36 nuda
967 1981 56 36 DEI

233 2013 175 33 satisfaciant
375 2013 153 33 juramenta,
496 2013 99 33 Psal.
562 2013 88 33 110.
617 2013 66 33 4.
649 2013 121 33 Iuravit
737 2013 121 33 Iehova,
825 2013 55 33 &
847 2013 77 33 non
880 2013 142 33 poenitebit.

235 2049 90 39 eum,
291 2049 67 39 tu
325 2049 67 39 es
358 2049 135 39 sacerdos
459 2049 67 39 in
493 2049 146 39 aeternum,
605 2049 135 39 secundum
706 2049 123 39 ordinem
796 2049 191 39 Melchisedebi.
941 2049 79 39 Jesa.

232 2080 85 36 14.
280 2080 85 36 24.
329 2080 133 36 Iuravit
426 2080 121 36 Iehova
511 2080 170 36 exercituum
644 2080 146 36 dicendo:
753 2080 97 36 nisi
814 2080 182 36 quemadmodum
947 2080 73 36 pro¬-

237 2111 107 44 posui
308 2111 95 44 mihi
368 2111 83 44 ita
415 2111 130 44 fuerit;
510 2111 59 44 &
533 2111 178 44 quemadmodum
676 2111 154 44 consilium
794 2111 119 44 inivi,
877 2111 107 44 illud
936 2111 119 44 exstite¬

227 2141 68 31 rit.

264 2169 126 43 Notatu
353 2169 126 43 dignum
441 2169 88 43 est
491 2169 139 43 Tauleri
592 2169 139 43 dictum:
693 2169 63 43 O
719 2169 126 43 beatos
807 2169 126 43 quorum
895 2169 114 43 causa
958 2169 76 43 Deus

225 2203 115 44 jurat?
306 2203 58 44 o
329 2203 127 44 miseros
421 2203 81 44 qui
468 2203 69 44 ne
502 2203 127 44 juranti
594 2203 115 44 quidem
675 2203 81 44 Deo
721 2203 138 44 credunt,
813 2203 35 44 1

274 2236 126 43 Alioqui
365 2236 103 43 omnia
434 2236 103 43 verba
503 2236 80 43 Dei
549 2236 80 43 tam
595 2236 103 43 certa
663 2236 103 43 sunt,
732 2236 69 43 ac
767 2236 69 43 si
801 2236 57 43 a
824 2236 80 43 Deo
870 2236 115 43 jurato
939 2236 80 43 facta

228 2261 154 49 fuissent.
346 2261 95 49 Ideo
406 2261 71 49 ut
441 2261 154 49 eleganter
560 2261 107 49 dixit
631 2261 107 49 Philo
702 2261 107 49 Omnia
773 2261 107 49 verba
844 2261 83 49 Dei
891 2261 95 49 sunt
938 2261 83 49 iura¬-

231 2301 118 46 menta,
314 2301 130 46 nimirum
409 2301 107 46 quoad
480 2301 201 46 certitudinem,
646 2301 107 46 neque
717 2301 83 46 per
764 2301 71 46 se
800 2301 95 46 ulla
859 2301 190 46 confirmatio¬

231 2336 66 45 ne
264 2336 144 45 indigent,
375 2336 66 45 ut
408 2336 110 45 quorum
485 2336 121 45 veritas
573 2336 121 45 effectu
662 2336 99 45 ipso,
728 2336 99 45 quasi
794 2336 121 45 nativae
882 2336 99 45 lucis
938 2336 88 45 splen¬-

228 2366 100 47 dore
290 2366 125 47 emisso
377 2366 137 47 seipsam
477 2366 162 47 comprobet
601 2366 75 47 ac
639 2366 150 47 tueatur.
751 2366 100 47 Quod
813 2366 112 47 autem
888 2366 100 47 Deus
938 2366 87 47 jura¬-

227 2403 102 39 mento
295 2403 124 39 utitur,
385 2403 102 39 facit
453 2403 68 39 id
487 2403 124 39 nostrae
577 2403 181 39 infirmitatis
724 2403 113 39 causa,
803 2403 68 39 ne
837 2403 102 39 ullam
894 2403 124 39 dubitandi

231 2434 150 48 materiam
343 2434 112 48 nobis
418 2434 175 48 relinquat.
555 2434 100 48 Unde
618 2434 212 48 intelligimus,
793 2434 125 48 quanta
880 2434 87 48 sit
930 2434 100 48 ejus
980 2434 75 48 erga

235 2468 85 35 nos
283 2468 194 35 indulgentia,
441 2468 97 35 quum
502 2468 219 35 imbecillitatem
684 2468 134 35 nostram
781 2468 146 35 adhibito
891 2468 85 35 hoc
927 2468 85 35 reme¬-

224 2498 82 44 dio
271 2498 152 44 sublevet,
388 2498 94 44 quum
447 2498 140 44 alioquin
552 2498 129 44 omnibus
646 2498 152 44 sufficere
763 2498 129 44 debeat,
856 2498 82 44 eum
891 2498 129 44 simplici¬-

219 2534 82 32 ter
266 2534 117 32 loqui.
348 2534 105 32 Jurat
418 2534 105 32 Deus,
488 2534 70 32 ut
523 2534 70 32 si
558 2534 82 32 non
604 2534 140 32 credimus
709 2534 93 32 ipsi
767 2534 187 32 promittenti,
907 2534 117 32 credamus

223 2558 120 52 saltem
307 2558 84 52 pro
355 2558 120 52 nostra
438 2558 120 52 salute
522 2558 144 52 juranti.
630 2558 96 52 Quod
690 2558 120 52 igitur
774 2558 108 52 verbo
845 2558 84 52 suo
881 2558 144 52 juramentum

230 2597 121 37 addit,
315 2597 73 37 ad
351 2597 219 37 confirmationem
534 2597 61 37 &
558 2597 207 37 consolationem
728 2597 121 37 piorum
801 2597 97 37 facit.

259 2622 97 52 Deus
319 2622 109 52 autem
392 2622 84 52 per
440 2622 133 52 seipsum
536 2622 121 52 jurat:
621 2622 97 52 quia
681 2622 121 52 nullus
766 2622 109 52 major
838 2622 109 52 ipso.
910 2622 97 52 Quod
959 2622 60 52 do¬-

235 2656 74 40 cet
278 2656 53 40 &
299 2656 128 40 explicat
395 2656 106 40 Paulus
469 2656 138 40 Apostolus
576 2656 96 40 Hebr.
640 2656 64 40 6.
672 2656 64 40 v.
703 2656 74 40 13,
746 2656 74 40 14,
789 2656 74 40 15,
831 2656 74 40 16,
874 2656 74 40 17,
916 2656 74 40 18.
948 2656 64 40 Deus

228 2687 100 48 enim
290 2687 174 48 pollicitus
427 2687 162 48 Abrahamo,
551 2687 100 48 quum
614 2687 87 48 non
663 2687 125 48 posset
751 2687 87 48 per
800 2687 149 48 quemquam
900 2687 112 48 maiorem

233 2719 118 51 jurare,
319 2719 118 51 juravit
405 2719 75 51 per
448 2719 129 51 seipsum,
544 2719 118 51 Dicens,
630 2719 96 51 Certe
694 2719 150 51 benedicens
812 2719 139 51 benedicam
919 2719 96 51 tibi,
973 2719 32 51 &

239 2754 169 47 nultiplicans
376 2754 169 47 multiplicabo
513 2754 74 47 te.
555 2754 95 47 Atque
619 2754 74 47 ita
661 2754 126 47 patiente
756 2754 95 47 anima
819 2754 116 47 fretus,
903 2754 105 47 nactus
966 2754 53 47 est

234 2789 164 46 promissum.
363 2789 82 46 Nam
410 2789 129 46 homines
503 2789 117 46 quidem
585 2789 82 46 per
632 2789 82 46 eum
678 2789 129 46 jurant,
772 2789 82 46 qui
818 2789 82 46 sit
865 2789 117 46 maior:
935 2789 82 46 atque

236 2817 112 43 iisdem
314 2817 101 43 omnis
382 2817 191 43 controversiae
539 2817 146 43 terminus,
652 2817 79 43 est
697 2817 169 43 iusiurandum
831 2817 67 43 ad
854 2817 146 43 confirmatio

232 2851 82 38 nem
279 2851 165 38 adhibitum.
409 2851 82 38 Qua
456 2851 71 38 in
491 2851 71 38 re
526 2851 94 38 Deus
585 2851 118 38 volens
668 2851 71 38 ex
703 2851 153 38 abundanti
821 2851 165 38 haeredibus
938 2851 71 38 pro¬-

233 2878 137 50 missionis
339 2878 137 50 ostendere
444 2878 200 50 immutabilitatem
613 2878 126 50 consilij
708 2878 84 50 sui,
760 2878 147 50 sidciessit
866 2878 147 50 iureiurando:

234 2910 63 50 Vt
266 2910 74 50 per
308 2910 84 50 duas
361 2910 74 50 res
403 2910 168 50 immutabiles,
539 2910 63 50 in
571 2910 105 50 quibus
644 2910 95 50 fieri
707 2910 74 50 non
749 2910 116 50 potest,
833 2910 63 50 ut
865 2910 126 50 mentitus
949 2910 63 50 sit.

244 2941 103 53 Deus,
312 2941 125 53 validam
403 2941 194 53 consolationem
563 2941 137 53 habeamus
665 2941 80 53 nos
711 2941 80 53 qui
756 2941 114 53 cursum
836 2941 80 53 eon
870 2941 137 53 corripimus

235 2973 66 42 ut
268 2973 88 42 spem
323 2973 154 42 propositam
433 2973 143 42 retineamus.

271 3004 82 54 Ita
318 3004 82 54 per
365 3004 128 54 seipsum
458 3004 105 54 jurat
528 3004 93 54 DEUS
587 3004 117 54 Ezech.
668 3004 117 54 capite
750 3004 245 54 trigesimo-tertio,
949 3004 58 54 ver

238 3028 113 61 siculo
317 3028 146 61 undecimo:
429 3028 90 61 Vivo
485 3028 90 61 ego,
542 3028 101 61 dicit
609 3028 135 61 Dominus,
710 3028 68 61 si
744 3028 135 61 delector
845 3028 101 61 morte
902 3028 113 61 improbi,

243 3063 85 61 sed
292 3063 146 61 delector
401 3063 85 61 cum
450 3063 170 61 reveriitur
584 3063 146 61 improbus
693 3063 61 61 a
718 3063 85 61 via
766 3063 97 61 sua,
827 3063 73 61 ut
864 3063 122 61 vivat.
937 3063 73 61 Quum

243 3097 105 65 DEUS
308 3097 118 65 jurat
387 3097 92 65 per
439 3097 118 65 vitam
518 3097 118 65 suam,
597 3097 92 65 per
649 3097 144 65 seipsum
754 3097 131 65 jutat:
846 3097 79 65 in
885 3097 92 65 DEO
924 3097 92 65 enim.

1073 157 120 45 vivere
1157 157 60 45 &
1181 157 108 45 esse,
1253 157 96 45 vita
1313 157 60 45 &
1337 157 144 45 essentia
1445 157 120 45 reipsa
1529 157 84 45 non
1577 157 168 45 differunt,
1709 157 84 45 sed
1757 157 96 45 idem
1805 157 84 45 sunt,

1119 195 178 39 Juramentum
1259 195 89 39 DEI
1310 195 89 39 vel
1361 195 140 39 sermone
1462 195 127 39 tantum
1551 195 152 39 constat,
1665 195 89 39 vel
1716 195 114 39 etiam
1780 195 114 39 symbolo

1077 225 110 41 externo.

1137 246 158 58 turamenti
1258 246 122 58 divini
1344 246 134 58 sermone
1441 246 122 58 tantum
1526 246 170 58 constantis
1660 246 146 58 exemplum
1769 246 85 58 est
1806 246 85 58 Jesa.

1090 299 83 31 49.
1137 299 83 31 18.
1185 299 95 31 Vivo
1244 299 95 31 ego,
1303 299 106 31 dicit
1374 299 130 31 Iehova,
1468 299 106 31 istis
1539 299 130 31 omnibus
1634 299 130 31 tanquam
1729 299 154 31 ornamento
1835 299 59 31 ve¬

1076 322 87 42 sticris

1139 341 163 54 uramenti
1262 341 109 54 quod
1329 341 109 54 Deus
1397 341 68 54 &
1424 341 149 54 symbolo
1533 341 204 54 humanitatis
1696 341 68 54 &
1723 341 149 54 sermone
1818 341 68 54 suo

1087 389 171 40 praestitit,
1223 389 114 40 mentio
1303 389 80 40 sit
1348 389 148 40 Deuteron.
1462 389 80 40 32.
1508 389 102 40 vers.
1576 389 80 40 40.
1622 389 125 40 Attollo
1713 389 68 40 ad
1747 389 114 40 coelos
1815 389 80 40 manum

1093 423 100 37 meam,
1159 423 55 37 &
1182 423 100 37 dico,
1248 423 89 37 vivo
1304 423 78 37 ego
1348 423 67 37 in
1381 423 122 37 seculum
1470 423 100 37 Jesa.
1536 423 78 37 62.
1581 423 100 37 vers.
1647 423 67 37 8.
1680 423 122 37 Iuravit
1769 423 111 37 Ithova
1836 423 55 37 per

1089 452 141 37 dexteram
1195 452 94 37 suam
1254 452 59 37 &
1277 452 141 37 brachium
1383 452 129 37 roboris
1477 452 94 37 sui,
1536 452 70 37 si
1571 452 94 37 dabo
1630 452 153 37 frumentum
1747 452 129 37 amplius
1829 452 59 37 ci¬-

1093 484 67 44 bo
1126 484 134 44 inimicis
1226 484 100 44 tuis,
1293 484 56 44 &
1315 484 67 44 si
1349 484 111 44 bibent
1427 484 167 44 alienigenae
1560 484 111 44 mislum
1638 484 100 44 tuum,
1705 484 67 44 in
1738 484 78 44 quo
1772 484 122 44 laborave¬

1061 514 66 41 ri

1107 549 133 46 Formula
1204 549 157 46 juramenti
1325 549 85 46 qua
1373 549 97 46 Deus
1433 549 121 46 utitur
1518 549 97 46 fere
1579 549 133 46 constat
1675 549 133 46 ellipsi
1772 549 85 46 seu
1808 549 85 46 omis¬-

1091 574 94 45 sione
1153 574 52 45 &
1174 574 146 45 reticentia
1289 574 188 45 exsecrationis:
1446 574 105 45 veluti
1519 574 94 45 Jesa.
1582 574 73 45 22.
1624 574 63 45 v.
1655 574 73 45 14.
1697 574 63 45 Si
1728 574 146 45 remittetur
1833 574 52 45 vos

1094 617 79 35 bis
1139 617 91 35 haec
1196 617 159 35 iniquitas,
1321 617 102 35 donec
1389 617 159 35 moriamini,
1514 617 102 35 dicit
1582 617 125 35 Dominus
1672 617 113 35 Iehova
1740 617 148 35 exercituum.

1095 645 74 48 Ea
1132 645 173 48 reticentia
1268 645 62 48 &
1293 645 161 48 omissione
1417 645 136 48 Dominus
1516 645 173 48 religionem
1652 645 136 48 inferre
1751 645 136 48 voluit,
1837 645 50 48 ne

1087 686 120 41 nimium
1171 686 168 41 licentiosi
1302 686 132 41 essemus
1398 686 72 41 in
1434 686 180 41 juramentis,
1578 686 72 41 ad
1614 686 96 41 quae
1674 686 144 41 audacter
1781 686 60 41 &
1793 686 96 41 temere

1090 715 194 35 prorumpimus.
1248 715 134 35 Fraenum
1345 715 97 35 ergo
1406 715 97 35 sibi
1466 715 146 35 injicere
1575 715 121 35 debent
1660 715 146 35 homines,
1770 715 73 35 ne
1794 715 85 35 teme¬-

1088 743 66 52 re
1121 743 66 52 in
1154 743 187 52 exsecrationes
1308 743 154 52 prosiliant
1429 743 77 52 vel
1473 743 143 52 horrendis
1584 743 99 52 diris
1650 743 143 52 devoveant
1760 743 99 52 caput
1815 743 77 52 suum:

1083 778 84 36 sed
1131 778 168 36 proterviam
1263 778 96 36 suam
1323 778 96 36 hinc
1384 778 156 36 temperate
1504 778 132 36 discant

1123 805 70 47 in
1158 805 152 47 Evangelio
1275 805 93 47 Iesu
1333 805 128 47 Christi
1427 805 105 47 saepe
1497 805 140 47 occurrit
1602 805 93 47 haec
1660 805 128 47 jurandi
1753 805 140 47 formula,
1847 805 58 47 qua

1092 837 155 48 Christus
1208 837 142 48 Dominus
1311 837 142 48 utitur;
1415 837 103 48 Amen
1479 837 103 48 dico
1544 837 129 48 vobis,
1634 837 65 48 &
1660 837 90 48 cum
1711 837 206 48 geminatione,
1866 837 39 48 n

1086 874 101 50 Amen
1149 874 101 50 amen
1212 874 101 50 dico
1275 874 126 50 vobis:
1363 874 75 50 ut
1401 874 101 50 quod
1464 874 126 50 dicit,
1552 874 101 50 esse
1615 874 113 50 verum
1690 874 101 50 sine
1740 874 164 50 dubitatione

1084 913 149 34 credatur.
1198 913 126 34 Poterat
1290 913 57 34 &
1313 913 126 34 debebat
1404 913 103 34 credi
1473 913 137 34 simplici
1576 913 92 34 ejus
1633 913 114 34 verbo:
1713 913 80 34 sed
1759 913 103 34 quodj
1816 913 69 34 ura¬-

1075 945 126 45 mentum
1163 945 126 45 addit,
1251 945 75 45 in
1289 945 75 45 eo
1327 945 75 45 se
1365 945 189 45 infirmitati
1515 945 138 45 humanae
1616 945 189 45 attemperat.
1767 945 101 45 Quum
1817 945 63 45 au¬-

1089 980 81 33 tem
1136 980 139 33 Christus
1240 980 116 33 jurat,
1321 980 93 33 Amen
1379 980 93 33 Amen
1436 980 93 33 dico
1494 980 116 33 vobis,
1575 980 81 33 per
1622 980 127 33 seipsum
1714 980 116 33 jurat:
1795 980 93 33 ipse
1841 980 35 33 e

1089 1012 73 41 nim
1130 1012 73 41 est
1172 1012 94 41 Amen,
1234 1012 104 41 testis
1307 1012 83 41 ille
1359 1012 114 41 fidelis
1442 1012 52 41 &
1463 1012 104 41 verax,
1536 1012 62 41 ut
1567 1012 114 41 legitur
1650 1012 114 41 Apocal.
1733 1012 62 41 3.
1764 1012 114 41 versic.
1837 1012 52 41 14.

1081 1041 89 38 Ipse
1137 1041 78 38 est
1181 1041 134 38 veritas,
1281 1041 67 38 in
1315 1041 78 38 qua
1359 1041 100 38 omnis
1426 1041 122 38 veritas
1515 1041 145 38 consistit
1626 1041 56 38 &
1648 1041 100 38 extra
1715 1041 89 38 quam
1771 1041 100 38 nulla
1826 1041 56 38 es¬-

1084 1077 136 36 veritas:
1186 1077 136 36 Christus
1287 1077 91 36 ergo
1344 1077 102 36 jurat
1412 1077 79 36 per
1457 1077 158 36 veritatem,
1582 1077 91 36 quae
1638 1077 91 36 ipse
1695 1077 91 36 est.
1740 1077 136 36 Exsecratio

1077 1109 81 33 nem
1124 1109 81 33 sui
1170 1109 116 33 nullam
1251 1109 139 33 addidit,
1355 1109 69 33 ut
1390 1109 127 33 exemplo
1483 1109 81 33 suo
1529 1109 139 33 doceret,
1633 1109 139 33 qualiter
1737 1109 69 33 se
1761 1109 127 33 Christia¬-

1084 1144 68 35 ni
1118 1144 68 35 in
1152 1144 159 35 juramentis
1277 1144 114 35 gerere
1357 1144 57 35 &
1379 1144 91 35 quam
1436 1144 148 35 religiose
1550 1144 91 35 sibi
1607 1144 114 35 cavere
1687 1144 137 35 debeant,
1789 1144 68 35 ne
1812 1144 68 35 sibi

1084 1170 99 51 ipsis
1150 1170 88 51 dira
1205 1170 175 51 imprecentur.

1173 1214 102 67 Huc
1232 1214 131 67 usque
1319 1214 87 67 de
1362 1214 189 67 Iuramento
1508 1214 160 67 Divino:
1624 1214 174 67 sequitur

1293 1324 298 54 CAPUT
1458 1324 199 54 LXI.

1124 1397 90 64 In
1169 1397 105 64 quo
1229 1397 90 64 de
1274 1397 135 64 donis
1364 1397 180 64 Spiritus
1500 1397 150 64 Sancti
1605 1397 225 64 extrinsecus
1770 1397 75 64 se¬

1334 1444 280 59 manifestantibus.

1155 1509 83 51 ONA
1203 1509 142 51 Spiritus
1309 1509 118 51 Sancti
1392 1509 178 51 extrinsecus
1534 1509 71 51 se
1569 1509 213 51 manifestantia,
1747 1509 59 51 &
1771 1509 95 51 ipsa
1818 1509 59 51 sun

1087 1513 171 81 TImedium
1215 1513 100 81 per
1272 1513 114 81 quae
1343 1513 114 81 Deus
1414 1513 199 81 vocationem
1570 1513 85 81 ad
1613 1513 156 81 salutem
1727 1513 171 81 aeternam
1840 1513 43 81 &

1154 1576 101 41 fedus
1221 1576 124 41 gratiae
1311 1576 135 41 obsignat
1413 1576 113 41 quibus
1491 1576 101 41 vult:
1559 1576 113 41 veluti
1638 1576 146 41 visibilia
1750 1576 90 41 dona
1795 1576 79 41 Spiri

1074 1606 81 45 tus
1121 1606 116 45 Sancti
1202 1606 81 45 die
1248 1606 93 45 illo
1306 1606 104 45 magno
1375 1606 174 45 Pentecostes
1514 1606 58 45 &
1538 1606 139 45 deinceps
1642 1606 116 45 effusa
1723 1606 69 45 in
1746 1606 139 45 credentes.

1077 1645 117 37 quibus
1159 1645 105 37 donis
1229 1645 175 37 confirmatas
1369 1645 117 37 fuisse
1451 1645 140 37 fidelib.
1555 1645 187 37 promissiones
1707 1645 140 37 divinas,
1800 1645 82 37 docet

1082 1670 110 43 Petrus
1159 1670 77 43 cum
1203 1670 77 43 ait
1247 1670 110 43 Actor.
1325 1670 66 43 2.
1358 1670 99 43 vers.
1424 1670 77 43 16,
1468 1670 77 43 17,
1512 1670 77 43 18.
1556 1670 77 43 Hoc
1600 1670 99 43 illud
1666 1670 77 43 est
1711 1670 88 43 quod
1766 1670 110 43 dictum
1832 1670 44 43 es

1072 1710 81 42 per
1119 1710 151 42 Prophetam
1235 1710 128 42 Ioelem,
1328 1710 70 42 Et
1363 1710 93 42 erit
1421 1710 128 42 ultimis
1514 1710 174 42 temporibus,
1654 1710 116 42 (dicit
1735 1710 105 42 Deus)
1794 1710 81 42 ffun¬-

1086 1734 83 49 dam
1134 1734 71 49 ex
1169 1734 130 49 Spiritu
1264 1734 83 49 meo
1311 1734 71 49 in
1347 1734 130 49 quamvis
1442 1734 130 49 carnem:
1536 1734 59 49 &
1560 1734 190 49 prophetabunt
1714 1734 107 49 filit
1785 1734 59 49 v
1797 1734 83 49 stri¬-

1083 1772 52 33 &
1103 1772 105 33 filiae
1177 1772 126 33 vestrae,
1271 1772 52 33 &
1292 1772 115 33 juvenes
1376 1772 105 33 vestri
1450 1772 126 33 visiones
1544 1772 136 33 videbunt,
1649 1772 52 33 &
1670 1772 126 33 seniores
1765 1772 105 33 vistri
1828 1772 52 33 so¬-

1071 1805 93 38 mnia
1129 1805 174 38 somniabunt.
1268 1805 70 38 Et
1303 1805 116 38 quidem
1384 1805 70 38 in
1419 1805 116 38 servos
1500 1805 93 38 meos
1558 1805 58 38 &
1581 1805 70 38 in
1616 1805 139 38 ancillas
1720 1805 93 38 meas
1778 1805 70 38 in
1801 1805 70 38 die¬-

1072 1840 78 41 bus
1116 1840 100 41 illis
1183 1840 133 41 effundam
1283 1840 67 41 ex
1316 1840 122 41 Spiritu
1405 1840 89 41 meo,
1460 1840 55 41 &
1483 1840 189 41 prophetabunt.
1638 1840 67 41 Et
1671 1840 89 41 cap.
1727 1840 78 41 10.
1771 1840 100 41 vers.
1827 1840 55 41 15.

1077 1872 87 34 16,
1126 1872 87 34 17.
1176 1872 87 34 Tum
1225 1872 87 34 vox
1275 1872 124 34 rursus
1362 1872 74 34 ad
1399 1872 87 34 eum
1449 1872 149 34 secundo:
1560 1872 99 34 Quae
1622 1872 99 34 Deus
1685 1872 161 34 purgavit,
1809 1872 74 34 tu
1833 1872 50 34 ne

1082 1902 146 35 polluito.
1194 1902 79 35 Hoc
1239 1902 101 35 autem
1307 1902 113 35 factum
1386 1902 79 35 est
1431 1902 90 35 ter:
1487 1902 56 35 &
1510 1902 113 35 rursum
1588 1902 135 35 receptum
1690 1902 79 35 est
1735 1902 79 35 vas
1780 1902 68 35 in
1802 1902 68 35 coe¬-

1065 1936 96 42 lum.
1125 1936 96 42 Quum
1185 1936 108 42 autem
1257 1936 96 42 apud
1317 1936 96 42 sese
1377 1936 156 42 ambigeret
1496 1936 120 42 Petrus
1580 1936 132 42 quidnam
1676 1936 108 42 esset
1748 1936 108 42 visum
1808 1936 60 42 il¬-

1066 1965 77 37 lud
1110 1965 88 37 quod
1165 1965 131 37 viderat,
1263 1965 77 37 tum
1307 1965 99 37 ecce,
1373 1965 99 37 viri,
1438 1965 77 37 qui
1482 1965 99 37 missi
1548 1965 120 37 fuerant
1635 1965 55 37 a
1657 1965 142 37 Cornelio,
1756 1965 120 37 perconta¬-

1067 1996 68 39 ti
1101 1996 68 39 de
1134 1996 90 39 domo
1191 1996 135 39 Simonis,
1292 1996 192 39 supervenerunt
1450 1996 68 39 ad
1484 1996 169 39 vestibulum.
1620 1996 56 39 &
1642 1996 90 39 cap.
1698 1996 79 39 15.
1744 1996 102 39 vers.
1811 1996 68 39 8,
1834 1996 45 39 9.

1069 2025 65 49 Et
1102 2025 86 49 ille
1155 2025 118 49 cordium
1242 2025 129 49 cognitor
1338 2025 86 49 Deus
1392 2025 129 49 praebuit
1489 2025 75 49 eis
1532 2025 172 49 testimonium,
1672 2025 86 49 dato
1726 2025 97 49 ipsis
1780 2025 97 49 Spiritu

1079 2060 106 54 Sancto
1154 2060 96 54 sicut
1218 2060 53 54 &
1239 2060 106 54 nobis:
1313 2060 128 54 Nihilque
1409 2060 138 54 discrevit
1515 2060 96 54 inter
1579 2060 74 54 nos
1622 2060 53 54 &
1643 2060 106 54 illos.
1717 2060 74 54 Huc
1760 2060 96 54 facit
1813 2060 64 54 cap.

1068 2094 174 43 duodecimum
1204 2094 124 43 primae
1291 2094 161 43 epistolae
1415 2094 112 43 Pauli
1489 2094 74 43 ad
1514 2094 161 43 Corinthios.

1138 2135 171 58 Hucusque
1266 2135 86 58 de
1309 2135 229 58 obsignatione
1495 2135 229 58 beneficiorum
1681 2135 100 58 Dei
1724 2135 71 58 ex¬-

1353 2186 126 58 terna:
1442 2186 152 58 sequitur

1260 2276 295 62 CAPUT
1424 2276 229 62 LXII.

1152 2334 96 55 In
1200 2334 112 55 quo
1264 2334 96 55 de
1312 2334 256 55 obsignatione
1521 2334 256 55 beneficiorum
1713 2334 80 55 DEI

1374 2385 166 48 interna.

1133 2432 165 46 BSIGNATIO
1260 2432 203 46 beneficiorum
1426 2432 89 46 Dei
1477 2432 153 46 interna,
1591 2432 89 46 est
1642 2432 102 46 quae
1705 2432 89 46 sit
1756 2432 89 46 per
1794 2432 64 46 te¬-

1105 2443 191 79 Pstimonium
1256 2443 164 79 internum
1379 2443 82 79 in
1420 2443 123 79 corde
1502 2443 232 79 uniuscujusque
1693 2443 109 79 vere
1748 2443 123 79 creden¬

1132 2502 48 35 tis

1100 2532 198 55 Testimonium
1258 2532 119 55 illud
1337 2532 158 55 internum
1456 2532 92 55 est
1508 2532 158 55 geminum:
1627 2532 105 55 unum
1693 2532 158 55 Spiritus
1798 2532 66 55 no¬-

1057 2565 101 45 stri;
1124 2565 123 45 alterum
1213 2565 134 45 Spiritus
1303 2565 89 45 Sancti

1090 2601 185 48 Testimonium
1237 2601 148 48 interaum
1348 2601 148 48 Spiritus
1459 2601 123 48 nostri
1545 2601 86 48 est
1594 2601 185 48 conscientia
1742 2601 123 48 nostra
1815 2601 62 48 per

1062 2622 155 52 sanguinem
1182 2622 132 52 Christi
1277 2622 132 52 mundata
1373 2622 96 52 quae
1433 2622 108 52 nobis
1504 2622 155 52 testatur,
1624 2622 96 52 quod
1684 2622 108 52 filii
1755 2622 84 52 Dei
1791 2622 84 52 simus

1057 2668 56 34 &
1079 2668 101 34 vitae
1146 2668 134 34 aeternae
1247 2668 146 34 haeredes;
1359 2668 90 34 quum
1415 2668 90 34 fide
1471 2668 101 34 viva,
1538 2668 146 34 charitate
1650 2668 78 34 non
1695 2668 101 34 ficta
1762 2668 56 34 &
1784 2668 78 34 spe
1818 2668 56 34 vi¬-

1059 2699 84 46 tae
1107 2699 144 46 aeternae
1215 2699 120 46 donati
1299 2699 108 46 simus
1371 2699 60 46 a
1395 2699 96 46 Deo.
1455 2699 144 46 Romanor.
1562 2699 120 46 capite
1646 2699 132 46 octavo,
1730 2699 144 46 versiculo,

1061 2729 119 37 decimo-
1148 2729 108 37 sexto:
1224 2729 87 37 Ipse
1278 2729 130 37 Spiritus
1375 2729 141 37 testatur,
1483 2729 76 37 una
1527 2729 76 37 cum
1570 2729 119 37 spiritu
1657 2729 108 37 nostro
1732 2729 76 37 nos
1776 2729 87 37 esse
1819 2729 54 37 fi¬-

1055 2762 93 49 lios
1113 2762 93 49 Dei.
1171 2762 69 49 1.
1206 2762 150 49 Joliannis
1321 2762 116 49 capite
1402 2762 127 49 quinto,
1495 2762 150 49 versiculo
1611 2762 127 49 decimo:
1703 2762 81 49 Qui
1749 2762 116 49 credit
1819 2762 46 49 in

1055 2796 119 47 Filium
1138 2796 95 47 Dei,
1198 2796 107 47 habet
1269 2796 178 47 testimonium
1412 2796 71 47 in
1448 2796 131 47 seipso:
1543 2796 83 47 qui
1590 2796 83 47 non
1638 2796 119 47 credit
1721 2796 95 47 Deo,
1769 2796 83 47 menda

1063 2830 79 52 cem
1108 2830 79 52 eum
1153 2830 113 52 fecit,
1232 2830 90 52 quia
1288 2830 79 52 non
1333 2830 135 52 credidit
1435 2830 158 52 testimonio
1559 2830 90 52 quod
1615 2830 180 52 testificatus
1762 2830 79 52 est
1796 2830 56 52 Deu

1057 2855 57 42 de
1086 2855 86 42 Filio
1134 2855 57 42 suo.

1079 2889 183 49 Testimonium
1225 2889 146 49 internum
1335 2889 146 49 Spiritus
1445 2889 134 49 Sancti,
1543 2889 85 49 est
1591 2889 159 49 revelatio
1713 2889 134 49 interna
1799 2889 73 49 per:

1059 2921 148 56 Spiritum
1169 2921 148 56 Sanctum,
1280 2921 160 56 unicuique
1403 2921 148 56 fidelium
1514 2921 123 56 facta,
1600 2921 86 56 dum
1649 2921 111 56 corda
1723 2921 123 56 nostra
1797 2921 74 56 per¬-

1054 2957 118 47 fundit
1137 2957 166 47 ineffabili
1267 2957 118 47 quodam
1350 2957 106 47 sensu
1421 2957 166 47 charitetis
1551 2957 95 47 Dei,
1610 2957 95 47 quam
1669 2957 83 47 nos
1704 2957 166 47 complectitur

1061 2989 76 45 in
1099 2989 139 45 Christo
1200 2989 101 45 Jesu
1263 2989 126 45 Domino
1352 2989 63 45 &
1377 2989 164 45 Servatore
1503 2989 139 45 nostro,
1604 2989 88 45 pro
1654 2989 114 45 nobis
1730 2989 76 45 in
1755 2989 114 45 mortem?

1055 3026 138 42 tradito,
1158 3026 69 42 ut
1192 3026 184 42 certitudinem
1341 3026 126 42 salutis
1433 3026 138 42 aeternae
1536 3026 103 42 nobis
1605 3026 149 42 obsignet.
1720 3026 138 42 Romanor.
1812 3026 57 42 ca¬-

1060 3058 88 37 pite
1115 3058 121 37 quinto,
1204 3058 144 37 versiculo
1314 3058 121 37 quinto:
1402 3058 88 37 Spes
1457 3058 77 37 non
1502 3058 155 37 pudefucit,
1623 3058 66 37 eo
1656 3058 88 37 quod
1711 3058 133 37 charitas
1800 3058 55 37 Dei

1064 3084 94 52 fsuia
1126 3084 84 52 est,
1179 3084 63 52 id
1210 3084 84 52 est,
1263 3084 147 52 abundanter
1378 3084 52 52 &
1399 3084 136 52 opulenter
1504 3084 168 52 testificata.
1640 3084 63 52 in
1672 3084 126 52 cordibus
1756 3084 94 52 nostris

1064 3124 76 46 per
1107 3124 130 46 Spiritum
1205 3124 119 46 Sanctum
1291 3124 76 46 qui
1334 3124 97 46 datus
1399 3124 76 46 est
1442 3124 108 46 nobis.
1518 3124 65 46 Et
1550 3124 86 46 cap.
1604 3124 65 46 8.
1626 3124 54 46 16.
