2063 3444
173 188 93 47 quod
232 188 129 47 Dominus
325 188 117 47 dicit,
407 188 117 47 Johan.
489 188 82 47 14.
536 188 70 47 v.
571 188 70 47 2,
606 188 70 47 3.
641 188 70 47 In
676 188 93 47 domo
734 188 117 47 Patris
816 188 82 47 mei
863 188 164 47 habitatio¬

180 233 81 38 nes
227 233 116 38 multae
308 233 104 38 sunt:
377 233 139 38 alioquin
481 233 139 38 dixissem
585 233 116 38 vobis,
666 233 173 38 proficiscor
805 233 150 38 paraturus
909 233 92 38 vobis.

177 269 125 38 locum:
264 269 100 38 quum
326 269 162 38 profectus
451 269 112 38 fuero
526 269 62 38 &
551 269 150 38 paravero
663 269 112 38 vobis
738 269 125 38 locum,
826 269 125 38 rursus
901 269 87 38 veni¬-

179 302 75 37 am
216 302 62 37 &
241 302 137 37 assumam
341 302 87 37 vos
391 302 75 37 ad
428 302 150 37 meipsum,
540 302 75 37 ut
578 302 87 37 ubi
628 302 87 37 ego
678 302 87 37 ero
728 302 62 37 &
753 302 87 37 vos
790 302 75 37 siti

213 332 110 42 Adhaec
290 332 66 42 si
323 332 99 42 honor
388 332 88 42 est,
443 332 131 42 alicujus
542 332 142 42 civitatis
651 332 186 42 laudatissimae
805 332 77 42 jus
849 332 66 42 in
881 332 77 42 his
914 332 88 42 terris

179 357 136 58 habere,
278 357 124 58 quanto
364 357 111 58 major
438 357 99 58 erit
500 357 111 58 honor
574 357 161 58 civitatem
698 357 148 58 obtinere
809 357 111 58 illam
884 357 99 58 quae
933 357 62 58 ha¬-

186 399 82 42 bet
233 399 188 42 fundamentum,
386 399 106 42 cujus
456 399 129 42 artifex
550 399 59 42 &
574 399 141 42 conditor
679 399 82 42 est
726 399 106 42 Deus?
797 399 106 42 Hebr.
867 399 82 42 11.
914 399 70 42 v.
937 399 59 42 10.

217 433 165 41 Praeterea
344 433 76 41 si
382 433 76 41 ex
421 433 165 41 consortio
548 433 140 41 hominum
649 433 191 41 honoratorum
802 433 76 41 in
840 433 89 41 hac
878 433 114 41 terrena

186 463 220 37 conversatione
367 463 91 37 non
419 463 142 37 minimus
523 463 142 37 accedit
626 463 130 37 honor:
717 463 104 37 quod
782 463 181 37 consortium
911 463 78 37 prae

179 485 116 55 ferri
257 485 129 55 potest
347 485 168 55 consortio
476 485 155 55 Christi,
592 485 168 55 sanctorum
721 485 181 55 Angelorum,
863 485 65 55 &
889 485 155 55 beatorum
992 485 39 55 B

178 531 139 42 hominum
280 531 76 42 in
318 531 152 42 coelesti
432 531 101 42 aula
495 531 203 42 conjunctorum
660 531 89 42 quo
711 531 76 42 in
749 531 114 42 coelo
812 531 127 42 fruemur?

227 564 103 46 Hujus
295 564 92 46 vero
353 564 138 46 gloriae,
456 564 138 46 honoris,
560 564 161 46 splendoris
686 564 57 46 &
709 564 161 46 claritatis
836 564 115 46 gradus
916 564 115 46 erunt,

187 594 99 41 sicut
253 594 121 41 Angelus
342 594 110 41 dicit,
419 594 88 41 Dan.
474 594 77 41 12.
518 594 66 41 v.
551 594 121 41 ultimo:
640 594 110 41 Stabis
717 594 66 41 in
750 594 99 41 sorte
816 594 77 41 tua
860 594 66 41 in
894 594 88 41 fine
938 594 66 41 die¬-

192 634 96 32 rum:
252 634 180 32 unusquisque
396 634 120 32 stabit
480 634 72 32 in
516 634 108 32 sorte
588 634 84 32 sua
635 634 72 32 in
671 634 96 32 fine
731 634 132 32 dierum:
827 634 180 32 Patriarchae
959 634 36 32 &

191 662 146 36 Prophetae
303 662 68 36 in
337 662 79 36 sua
382 662 113 36 sorte:
461 662 135 36 Apostoli
563 662 68 36 in
596 662 79 36 sua
641 662 113 36 sorte:
720 662 180 36 Evangelistae
867 662 68 36 in
901 662 79 36 sua
934 662 68 36 sor¬-

180 697 83 34 te:
227 697 142 34 Martyres
334 697 71 34 in
369 697 83 34 sua
416 697 118 34 sorte:
499 697 142 34 Pastores
605 697 59 34 &
629 697 142 34 Doctores
735 697 71 34 in
771 697 83 34 sua
818 697 118 34 sorte:
901 697 94 34 alij
948 697 59 34 de¬-

181 727 111 42 nique
255 727 136 42 fideles
353 727 111 42 omnes
427 727 136 42 quisque
526 727 74 42 in
563 727 86 42 sua
612 727 123 42 sorte.
699 727 111 42 Eadem
773 727 136 42 omnibus
859 727 148 42 fidelibus.

189 764 159 38 continget
311 764 172 38 beatitudo,
446 764 110 38 eadem
520 764 98 38 vita
581 764 147 38 aeterna,
691 764 110 38 eadem
765 764 135 38 fruitio
863 764 86 38 Dei
912 764 61 38 &
924 764 74 38 gra¬-

187 800 102 39 tiosi
255 800 159 39 conspectus
380 800 102 39 ejus,
448 800 148 39 distincta
561 800 102 39 tamen
629 800 91 39 erit
686 800 91 39 sors
743 800 136 39 gloriae.
845 800 57 39 O
868 800 114 39 beatos
936 800 68 39 quo-

193 829 79 42 rum
238 829 90 42 sors
294 829 90 42 erit
350 829 101 42 inter
418 829 135 42 sanctos,
519 829 79 42 qui
564 829 158 42 sortientur
688 829 180 42 haereditatem
834 829 124 42 gloriae
913 829 90 42 coele¬-

183 865 109 39 stis,
256 865 97 39 quam
316 865 109 39 ipsis
389 865 134 39 tanquam
487 865 121 39 filiis
572 865 61 39 &
596 865 170 39 haeredibus
730 865 97 39 Dei,
790 865 158 39 fratribus
912 865 109 39 autem
973 865 36 39 &

182 899 191 38 cohaeredibus
337 899 96 38 suis
397 899 143 38 Christus
504 899 84 38 est
552 899 179 38 promeritus:
696 899 96 38 Idem
755 899 107 38 docet
827 899 155 38 Apostolus
934 899 72 38 ille

190 927 128 36 Gentium
284 927 128 36 Paulus,
377 927 70 36 I.
412 927 140 36 Corinth.
517 927 82 36 15.
564 927 70 36 v.
599 927 82 36 40.
645 927 58 36 &
669 927 105 36 seqq.
739 927 70 36 Et
774 927 93 36 sunt
832 927 128 36 corpora
914 927 93 36 coele¬-

189 959 103 44 stia,
257 959 57 44 &
280 959 91 44 sunt
337 959 126 44 corpora
429 959 171 44 terrestria:
566 959 80 44 sed
611 959 103 44 alius
680 959 114 44 quidem
760 959 160 44 coelestium
886 959 114 44 decor,
954 959 46 44 a¬-

193 995 92 40 lius
251 995 92 40 vero
309 995 185 40 terrestrium:
459 995 104 40 alius
528 995 104 40 decor
597 995 115 40 Solis,
678 995 58 40 &
701 995 104 40 alius
771 995 104 40 decor
840 995 115 40 Lunae:
921 995 58 40 &
932 995 81 40 alius

193 1027 99 34 decor
259 1027 154 34 stellarum:
380 1027 110 34 stella
457 1027 88 34 enim
512 1027 55 34 a
534 1027 110 34 stella
612 1027 121 34 differt
700 1027 121 34 decore;
788 1027 77 34 Ita
832 1027 88 34 erit
887 1027 55 34 &
898 1027 99 34 resurre

194 1060 102 40 ctio
258 1060 178 40 mortuorum,
397 1060 89 40 &c.
448 1060 102 40 Vide
512 1060 165 40 epistolam
639 1060 165 40 Augustini
766 1060 178 40 centesimam
893 1060 114 40 quadra¬-

191 1092 224 54 gesimamsextam
376 1092 79 54 ad
415 1092 198 54 Consentium,
574 1092 132 54 pagina
666 1092 264 54 quadringentesima
877 1092 132 54 trigesi¬

173 1126 165 43 maseptima

975 1151 72 33 D

196 1191 123 43 beatis
282 1191 172 43 hominibus,
417 1191 86 43 pax
466 1191 61 43 a
491 1191 148 43 Diabolo,
601 1191 86 43 pax
651 1191 74 43 ab
687 1191 148 43 inimicis
798 1191 160 43 hominibus
909 1191 98 43 aetere

198 1224 82 42 na:
245 1224 200 42 tranquillitas
410 1224 94 42 sine
469 1224 118 42 bello:
551 1224 153 42 securitas
669 1224 94 42 sine
728 1224 118 42 hoste,
810 1224 94 42 quum
869 1224 118 42 maxime
939 1224 71 42 ulti

190 1266 92 33 mus
242 1266 131 33 hostis
334 1266 105 33 mors
400 1266 197 33 abolebitur.
558 1266 79 33 In
597 1266 118 33 coelo
676 1266 92 33 non
729 1266 171 33 amittemus
860 1266 145 33 amicum,
952 1266 66 33 non

1029 191 160 65 timebimus
1152 191 160 65 inimicum,
1274 191 86 65 ibi
1323 191 135 65 vivemus
1422 191 86 65 cum
1471 191 98 65 bono
1532 191 147 65 affectu,
1643 191 98 65 sine
1704 191 147 65 defectu:
1815 191 86 65 ibi

1032 244 104 32 nemo
1097 244 170 32 nascetur,
1228 244 104 32 quia
1293 244 104 32 nemo
1358 244 170 32 morietur:
1489 244 91 32 ibi
1541 244 104 32 nemo
1606 244 91 32 jam
1658 244 183 32 proficiet,
1802 244 65 32 &
1815 244 65 32 ne¬-

1046 277 68 45 mo
1080 277 148 45 deficiet:
1193 277 80 45 ibi
1239 277 91 45 nemo
1296 277 136 45 esuriet;
1398 277 91 45 nemo
1455 277 125 45 sitiet,
1546 277 80 45 sed
1591 277 136 45 satietas
1693 277 91 45 erit
1739 277 102 45 immorta

1051 304 102 48 itas,
1119 304 57 48 &
1141 304 102 48 cibus
1198 304 124 48 varietas.

1258 341 239 69 Recapitulatio
1455 341 140 69 totius
1539 341 84 69 lib:

1068 398 81 44 Sic
1115 398 150 44 explicata
1230 398 92 44 sunt
1288 398 104 44 opera
1357 398 138 44 actualis
1461 398 173 44 Proviatinre
1599 398 92 44 Dei,
1657 398 115 44 quanta
1738 398 104 44 fieri
1795 398 58 44 po¬-

1040 432 112 51 tuit
1110 432 238 51 perspicuitate
1306 432 126 51 prout
1390 432 154 51 Dominus
1502 432 154 51 saugar.
1614 432 126 51 Summa
1698 432 98 51 huc
1740 432 112 51 redit:

1048 467 98 38 Deus
1109 467 86 38 non
1158 467 110 38 solum
1232 467 123 38 opifex
1318 467 86 38 est
1367 467 196 38 universorum,
1527 467 147 38 sadetiam
1637 467 147 38 curator,
1748 467 61 38 &
1760 467 98 38 guber¬-

1039 504 117 44 nator
1117 504 208 44 universorum.
1286 504 117 44 Fecit
1364 504 182 44 creaturvi,
1508 504 117 44 iumvi
1586 504 208 44 navicularius
1742 504 117 44 cymbam,

1053 535 110 43 clavo
1126 535 61 43 &
1151 535 184 43 gubernatore
1298 535 184 43 destitutam,
1445 535 61 43 &
1470 535 98 43 quom
1531 535 159 43 contrarij
1654 535 110 43 venti
1727 535 86 43 huc
1776 535 61 43 &
1789 535 61 43 il¬-

1047 570 86 41 luc
1096 570 172 41 impellant,
1231 570 185 41 scopulisque
1379 570 62 41 &
1404 570 135 41 rupibus
1502 570 135 41 allisam
1601 570 197 41 confringant:
1761 570 86 41 sed
1797 570 62 41 eam

1040 602 118 44 curat,
1123 602 141 44 gubernat
1229 602 59 44 &
1252 602 130 44 dirigit
1346 602 59 44 &
1370 602 71 44 ad
1405 602 94 44 suos
1464 602 106 44 sines
1535 602 153 44 perinedia
1653 602 153 44 destinata
1759 602 94 44 perdu¬-

1051 638 88 37 cit:
1106 638 77 37 sic
1150 638 66 37 ut
1183 638 166 37 providentia
1316 638 110 37 divina
1393 638 166 37 sapientiae,
1526 638 144 37 Loniritis
1636 638 55 37 &
1658 638 144 37 potentiae
1769 638 77 37 Dei
1802 638 44 37 in

1042 668 125 38 finitae
1133 668 137 38 theatrum
1235 668 80 38 sit
1281 668 216 38 illustrissimum:
1463 668 102 38 sidei
1531 668 80 38 es:
1577 668 80 38 pei
1622 668 182 38 fulcimentum:
1770 668 102 38 super

1053 698 97 46 biae
1113 698 61 46 &
1138 698 194 46 impatientiae
1295 698 133 46 frenum:
1392 698 194 46 gratitudinis
1549 698 157 46 stimulus:
1670 698 121 46 optima
1743 698 109 46 denique

1042 737 170 35 religionis
1175 737 158 35 magistra:
1297 737 194 35 Lucidissimam
1455 737 97 35 vero
1515 737 194 35 providentiae
1673 737 134 35 divinae
1758 737 97 35 specu¬-

1050 767 83 38 lum
1098 767 83 38 est
1145 767 71 38 in
1181 767 131 38 generis
1276 767 119 38 humani
1359 767 83 38 per
1406 767 143 38 peccatum
1513 767 143 38 cocrupti
1620 767 59 38 &
1644 767 71 38 in
1680 767 143 38 miserias
1775 767 71 38 infi

1042 801 103 36 nitas
1110 801 138 36 conjecti
1214 801 92 36 cura
1271 801 149 36 speciali,
1386 801 92 36 sive
1444 801 92 36 hanc
1501 801 103 36 vitam
1570 801 92 36 sive
1628 801 126 36 alteram
1708 801 138 36 spectemus.

1050 830 165 40 Patefecit
1177 830 76 40 se
1215 830 101 40 Deus
1278 830 127 40 humano
1367 830 139 40 generi:
1468 830 114 40 dedit
1544 830 127 40 Legem:
1633 830 152 40 promisit
1734 830 127 40 Christum

1046 863 191 36 Servatorem
1197 863 137 36 mundi,
1293 863 123 36 verum
1375 863 109 36 Deum
1443 863 68 36 &
1470 863 137 36 verun:
1566 863 150 36 hominem
1676 863 82 36 in
1717 863 96 36 una
1758 863 109 36 perso¬-

1057 900 85 35 na;
1105 900 145 35 exhibuit
1214 900 121 35 eundem
1299 900 145 35 gratiose
1408 900 61 35 &
1432 900 85 35 per
1481 900 109 35 illum
1553 900 85 35 nos
1602 900 97 35 sibi
1662 900 218 35 reconciliavit;
1832 900 36 35 &

1046 934 78 36 ad
1085 934 130 36 eundem
1176 934 91 36 nos
1229 934 117 36 vocat
1307 934 91 36 per
1359 934 183 36 Evangelium
1503 934 65 36 &
1529 934 91 36 per
1581 934 157 36 Spiritum
1698 934 144 36 Sanctum
1790 934 65 36 est

1048 962 144 40 ficaciter
1159 962 122 40 trahit:
1247 962 100 40 fedus
1314 962 133 40 nobiscum
1414 962 66 40 in
1447 962 89 40 manu
1502 962 111 40 illius
1580 962 111 40 injit:
1657 962 89 40 fide
1713 962 144 40 salvifica
1813 962 55 40 nos

1046 1001 118 43 donat:
1129 1001 118 43 gratis
1212 1001 166 43 justificat
1342 1001 106 43 coram
1413 1001 154 43 tribunali
1531 1001 95 43 suo:
1590 1001 154 43 regenerat
1708 1001 83 43 per
1744 1001 118 43 Spiritum

1051 1028 146 39 Sanctum:
1160 1028 158 39 beneficia
1282 1028 85 39 sua
1330 1028 194 39 Sacramentis,
1488 1028 158 39 miraculis
1610 1028 61 39 &
1634 1028 182 39 testimoniis
1768 1028 97 39 inter¬-

1052 1062 85 36 nis
1101 1062 159 36 obsignat:
1223 1062 110 36 donum
1296 1062 220 36 perseverantiae
1479 1062 159 36 largitur:
1601 1062 183 36 consolatur:
1736 1062 134 36 defendit:

1062 1099 107 36 bonis
1133 1099 107 36 etiam
1204 1099 190 36 corporalibus
1358 1099 119 36 ornat:
1441 1099 130 36 Interim
1536 1099 59 36 &
1560 1099 130 36 judicia
1655 1099 71 36 in
1690 1099 166 36 peccetores
1809 1099 59 36 ex¬-

1059 1128 119 35 serit.
1142 1128 119 35 Tandem
1225 1128 143 35 Christus
1332 1128 143 35 gloriose
1439 1128 119 35 veniet
1522 1128 59 35 &
1546 1128 143 35 judicium
1653 1128 166 35 universale
1772 1128 83 35 exer¬-

1062 1163 119 35 cebit:
1145 1163 143 35 reprobos
1252 1163 107 35 morte
1323 1163 131 35 aeterna
1418 1163 131 35 puniet:
1514 1163 131 35 electos
1609 1163 95 35 vita
1668 1163 131 35 aeterna
1763 1163 119 35 beabit

1066 1195 102 40 plene
1134 1195 68 40 se
1168 1195 159 40 patefaciet
1293 1195 57 40 &
1316 1195 114 40 filios
1396 1195 80 40 Dei
1441 1195 148 40 revelabit
1555 1195 137 40 pleneque
1658 1195 194 40 glorificabit.
1806 1195 68 40 Idem

1083 1224 109 42 faxit
1156 1224 73 42 ut
1192 1224 134 42 gloriam
1290 1224 122 42 ipsius
1375 1224 146 42 videamus
1484 1224 61 42 &
1509 1224 109 42 ipsum
1582 1224 73 42 in
1618 1224 182 42 sempiternum
1752 1224 85 42 laude

1275 1256 107 43 mus
1336 1256 76 43 &
1366 1256 228 43 celebremus,
1533 1256 107 43 AMEN.

526 1902 155 45 Nhomine
639 1902 85 45 Ec
681 1902 155 45 CLESIAE
794 1902 211 45 considerati
949 1902 70 45 de¬-

518 1940 95 44 bet,
577 1940 83 44 tum
625 1940 118 44 origo,
707 1940 83 44 tum
743 1940 130 44 acceptio.

552 1957 69 58 Si
587 1957 139 58 originem
691 1957 139 58 spectes,
795 1957 150 58 Ecclesia,
899 1957 116 58 eκnλήσίa

525 2004 89 43 vox
576 2004 89 43 est
627 2004 127 43 Graeca
716 2004 153 43 origine,
831 2004 178 43 communiter
958 2004 51 43 si

543 2037 147 43 nificans
653 2037 123 43 coetum
739 2037 172 43 evocatorum
874 2037 86 43 seu
911 2037 98 43 convo¬-

538 2072 125 43 atorum
625 2072 75 43 ex
662 2072 137 43 aliorum
762 2072 200 43 multitudine,
925 2072 75 43 ab
950 2072 62 43 ex¬-

537 2107 122 38 μαλεῖν,
626 2107 89 38 quod
681 2107 78 38 est
726 2107 122 38 evocare
815 2107 67 38 ex
848 2107 100 38 aliis
915 2107 78 38 seu
948 2107 67 38 con¬-

530 2136 121 42 vocare.
618 2136 110 42 Johan.
695 2136 77 42 10.
739 2136 88 42 ver.
793 2136 77 42 16.
837 2136 143 42 nominatur
947 2136 88 42 τvi¬

532 2170 77 41 un,
576 2170 99 41 grex,
642 2170 110 41 Actor.
719 2170 77 41 20.
763 2170 66 41 v.
796 2170 77 41 28.
840 2170 143 41 ποιμνlον,
939 2170 77 41 grex.

534 2196 58 47 ut
563 2196 48 47 &
583 2196 58 47 1.
612 2196 87 47 Petr.
669 2196 58 47 5.
698 2196 58 47 v.
727 2196 58 47 2.
756 2196 116 47 πομμνιον
843 2196 48 47 γ
862 2196 77 47 θεό,
911 2196 77 47 grex
949 2196 58 47 Dei,

207 2242 135 39 Graecis
305 2242 111 39 etiam
379 2242 148 39 συναγυγη
490 2242 148 39 interdum
601 2242 185 39 appellatur,
748 2242 86 39 hoc
798 2242 99 39 est,
847 2242 160 39 congregatio

203 2266 152 48 Hebraice
318 2266 102 48 modo
381 2266 102 48 θηp,
445 2266 127 48 Rahal,
533 2266 76 48 id
572 2266 102 48 est,
635 2266 127 48 coetus
724 2266 190 48 convocatus,
876 2266 102 48 modo
927 2266 89 48 naμis

207 2309 120 36 Hedah,
291 2309 84 36 hoc
339 2309 96 36 est,
399 2309 180 36 congregatio
542 2309 144 36 dicitur.
650 2309 132 36 Latinis
746 2309 108 36 etiam
818 2309 120 36 Concio
901 2309 144 36 vocatur,

211 2334 205 46 iconciendo,
375 2334 82 46 id
416 2334 109 46 est,
484 2334 205 46 convocando.
648 2334 177 46 Germanice
784 2334 164 46 interdum
893 2334 123 46 Rirchsa

210 2372 123 42 Graeco
296 2372 147 42 κυριακη,
406 2372 86 42 hoc
455 2372 98 42 est,
516 2372 159 42 Dominica,
639 2372 86 42 sic
688 2372 110 42 dicta
762 2372 98 42 quod
823 2372 86 42 sit
872 2372 123 42 DOMINI
946 2372 61 42 po¬-

201 2399 133 47 culium
294 2399 93 47 seu
347 2399 159 47 populus:
466 2399 159 47 interdum
585 2399 146 47 Gemeiub
691 2399 133 47 Gottes
784 2399 66 47 /
810 2399 93 47 hoc
863 2399 106 47 est,
916 2399 93 47 commu

201 2431 117 48 nitas
279 2431 91 48 Dei
331 2431 91 48 seu
383 2431 130 48 coetus
473 2431 78 48 in
512 2431 143 48 commune
616 2431 195 48 congregatus
772 2431 78 48 in
811 2431 130 48 nomine
901 2431 104 48 Dei.
953 2431 65 48 Bo¬

1009 2457 57 51 u

200 2501 104 49 apud
265 2501 143 49 German.
369 2501 130 49 Nirch:
459 2501 104 49 modo
524 2501 104 49 gbor
589 2501 91 49 /ob
641 2501 143 49 sebranj
745 2501 104 49 quod
810 2501 182 49 colligatur
939 2501 78 49 ver¬-

202 2539 82 48 bo
243 2539 151 48 nimirum
340 2539 82 48 Dei.

235 2565 188 51 Usitatissima
388 2565 106 51 autem
458 2565 82 51 est
505 2565 129 51 Latinis
599 2565 153 51 Theologis
717 2565 164 51 appellatio
846 2565 153 51 Ecclesia,
952 2565 70 51 quae

206 2603 147 55 proprie,
316 2603 74 55 ut
353 2603 135 55 dictum,
451 2603 98 55 idem
512 2603 123 55 valet,
598 2603 98 55 quod
659 2603 123 55 coetus
745 2603 184 55 evocatorum,
892 2603 110 55 isque
966 2603 86 55 vel

213 2634 147 57 profanus
323 2634 73 57 ad
360 2634 147 57 profanum
470 2634 110 57 finem
543 2634 184 57 convocatus,
690 2634 86 57 seu
739 2634 147 57 legitime
850 2634 86 57 seu
899 2634 86 57 per
935 2634 86 57 sedi¬-

207 2678 113 41 tionem
286 2678 68 41 ut
320 2678 113 41 Actor.
399 2678 79 41 19.
444 2678 68 41 v.
478 2678 79 41 32.
523 2678 90 41 Erat
580 2678 57 41 a
602 2678 147 41 εκκλήσια,
715 2678 79 41 hoc
760 2678 90 41 est,
817 2678 113 41 concio
896 2678 124 41 confusa
975 2678 34 41 &

204 2701 134 56 plerique
304 2701 157 56 nesciebant
427 2701 101 56 cujus
495 2701 78 56 rei
539 2701 101 56 causa
606 2701 190 56 convenissent.
763 2701 78 56 Vel
808 2701 78 56 est
852 2701 112 56 coetus
919 2701 101 56 sanctus

215 2734 78 49 ad
254 2734 144 49 sanctum
359 2734 118 49 finem
437 2734 196 49 convocatus,
594 2734 78 49 ut
633 2734 105 49 quum
698 2734 78 49 de
738 2734 196 49 multitudine
881 2734 144 49 electorum

208 2771 96 48 Dei
263 2771 179 48 Angelorum
401 2771 69 48 &
428 2771 151 48 hominum
538 2771 82 48 in
579 2771 165 48 filiorum
703 2771 96 48 Dei
758 2771 192 48 dignitatem
895 2771 124 48 vocato.

207 2805 87 45 rum
256 2805 175 45 accipitur:
394 2805 62 45 &
419 2805 100 45 quum
481 2805 75 45 de
519 2805 112 45 coetu
594 2805 137 45 hominum
693 2805 162 45 usurpatur
818 2805 175 45 significat
943 2805 75 45 coe¬-

213 2833 91 48 tum
265 2833 130 48 omnium
356 2833 169 48 fidelium,
485 2833 156 48 pastorum
602 2833 65 48 &
628 2833 117 48 ovium
706 2833 195 48 conjunctim,
861 2833 130 48 Ephes.
952 2833 78 48 5.
978 2833 39 48 v

213 2868 83 51 23,
260 2868 83 51 24,
308 2868 83 51 25.
355 2868 59 51 &
379 2868 130 51 passim.
473 2868 189 51 Synecdochice
627 2868 83 51 vel
674 2868 106 51 solos
745 2868 142 51 pastores
852 2868 59 51 &
863 2868 154 51 presbyteros

212 2909 63 39 ac
243 2909 157 39 praepositos
368 2909 115 39 coetui,
452 2909 63 39 ut
483 2909 104 39 Matth.
556 2909 73 39 18.
598 2909 63 39 v.
629 2909 73 39 17.
671 2909 73 39 Dic
712 2909 146 39 Ecclesiae,
827 2909 83 39 quae
879 2909 125 39 Ecclesia
963 2909 52 39 re¬-

207 2932 187 59 praesentativa
361 2932 165 59 appellatur;
494 2932 77 59 vel
538 2932 99 59 solas
604 2932 99 59 oves,
670 2932 66 59 ut
703 2932 110 59 Actor.
780 2932 77 59 20.
825 2932 66 59 v.
858 2932 77 59 28.
902 2932 77 59 vos
935 2932 88 59 Spiri¬-

209 2964 81 54 tus
256 2964 92 54 ille
313 2964 127 54 Sanctus
406 2964 162 54 constituit
532 2964 150 54 Episcopos
648 2964 69 54 ad
682 2964 150 54 pascendam
798 2964 150 54 Ecclesiam
913 2964 92 54 Dei.
959 2964 58 54 Me¬-

211 2999 140 50 tonymice
316 2999 93 50 vero
375 2999 163 50 significat
503 2999 105 50 locum
573 2999 82 50 seu
620 2999 163 50 aedificium
748 2999 70 50 in
783 2999 82 50 quo
830 2999 128 50 fideles
911 2999 117 50 conveni¬-

217 3027 96 52 unt;
277 3027 120 52 Patres
361 3027 108 52 tamen
433 3027 96 52 quum
493 3027 132 52 proprie
589 3027 108 52 loqui
661 3027 132 52 volunt,
757 3027 180 52 distinguunt
889 3027 132 52 exxλήσίαν

219 3071 59 42 &
243 3071 226 42 exκλήσιμσηριον:
433 3071 107 42 illam
504 3071 131 42 vocant,
599 3071 95 42 vere
659 3071 131 42 fideles
754 3071 107 42 verbo
825 3071 83 42 Dei
861 3071 166 42 congregatos;

216 3105 84 41 hoc
264 3105 108 41 vero,
336 3105 144 41 nominant
444 3105 168 41 aedificium
576 3105 156 41 Ecclesiae
697 3105 144 41 coetibus
805 3105 144 41 habendis
901 3105 120 41 destina¬-

217 3129 94 50 tum.
276 3129 153 50 Discrimen
394 3129 82 50 hoc
441 3129 141 50 explicat
547 3129 153 50 perspicue
665 3129 141 50 Isidorus
771 3129 153 50 Pelusiota
877 3129 141 50 Chrysosto¬-

211 3161 71 48 mi
247 3161 165 48 discipulus
377 3161 130 48 secundo
471 3161 177 48 epistolarum
613 3161 118 48 libro,
696 3161 154 48 epistolam
814 3161 95 48 247.
873 3161 118 48 Discat
944 3161 71 48 Euse

213 3199 99 47 bius
275 3199 211 47 Pelusiotarum,
448 3199 87 47 &c.
498 3199 174 47 Lactantius
634 3199 99 47 item
696 3199 124 47 quarto
783 3199 112 47 libro
858 3199 161 47 divinarum
969 3199 50 47 In

1061 1894 187 46 stitutionum,
1214 1894 94 46 cap.
1272 1894 82 46 13.
1319 1894 141 46 Ecclesia
1424 1894 82 46 est
1471 1894 105 46 verum
1541 1894 129 46 templum
1635 1894 94 46 Dei,
1694 1894 94 46 quod
1752 1894 82 46 non
1799 1894 70 46 in
1822 1894 59 46 pa¬-

1052 1940 141 30 rietibus
1158 1940 94 30 est,
1216 1940 82 30 sed
1263 1940 70 30 in
1298 1940 106 30 corde
1369 1940 70 30 ac
1404 1940 94 30 fide
1463 1940 141 30 hominum,
1568 1940 82 30 qui
1615 1940 129 30 credunt
1709 1940 70 30 in
1744 1940 82 30 eum
1791 1940 70 30 ac
1814 1940 59 30 vo¬-

1070 1972 110 39 cantur
1147 1972 132 39 fideles.
1246 1972 176 39 Rxζαχρισιϰώς
1389 1972 88 39 sive
1444 1972 121 39 abusive
1533 1972 77 39 pro
1577 1972 110 39 falsis
1654 1972 165 39 Christianis
1775 1972 99 39 usurpa¬-

1063 2002 89 38 tur,
1119 2002 112 38 quales
1197 2002 89 38 sunt
1253 2002 145 38 Papistae,
1365 2002 56 38 &
1387 2002 78 38 pro
1432 2002 168 38 Conciliabul
1566 2002 67 38 is
1600 2002 134 38 Papanis,
1700 2002 145 38 cujusmodi
1801 2002 67 38 fuit

1072 2031 219 37 Constantiense,
1254 2031 194 37 Florentinum,
1412 2031 194 37 Tridentinum.
1570 2031 134 37 Duriore
1667 2031 170 37 catachresi
1801 2031 61 37 a
1813 2031 61 37 Pa¬-

1069 2064 118 39 pistis
1152 2064 141 39 Ecclesia
1258 2064 130 39 dicitur
1352 2064 106 39 solus
1423 2064 118 39 clerus
1505 2064 141 39 Papanus,
1612 2064 59 39 &
1635 2064 141 39 interdum
1741 2064 118 39 solius
1812 2064 59 39 Ro¬-

1055 2106 102 28 manae
1123 2106 148 28 Ecclesiae
1237 2106 125 28 clerus:
1328 2106 57 28 &
1351 2106 102 28 magis
1419 2106 182 28 intolerabili
1567 2106 159 28 catachresi
1692 2106 80 28 seu
1737 2106 102 28 abusu
1806 2106 57 28 a
1817 2106 57 28 Pa¬-

1052 2139 135 34 pistis
1146 2139 175 34 usurpatur
1280 2139 162 34 interdum
1402 2139 81 34 ad
1442 2139 202 34 designandum
1604 2139 121 34 Papam
1684 2139 162 34 Romanum,
1792 2139 81 34 quum

1054 2161 99 41 unus
1116 2161 99 41 homo
1178 2161 174 41 quantumvis
1315 2161 199 41 sanctissimus
1476 2161 87 41 non
1526 2161 124 41 possit
1613 2161 99 41 esse
1675 2161 162 41 Ecclesia:
1787 2161 87 41 multo

1061 2195 102 39 minus
1128 2195 90 39 vero
1185 2195 181 39 Antichristus
1332 2195 113 39 potest
1411 2195 135 39 Ecclesia
1512 2195 102 39 dici.
1580 2195 79 39 Est
1625 2195 56 39 &
1648 2195 90 39 illa
1704 2195 147 39 usurpatio
1806 2195 56 39 vo¬-

1053 2228 83 40 cis
1101 2228 155 40 Ecclesiae
1220 2228 131 40 ἀκυρος,
1315 2228 95 40 quum
1374 2228 107 40 unius
1446 2228 59 40 &
1470 2228 143 40 alterius
1577 2228 131 40 hominis
1672 2228 143 40 affectui
1779 2228 71 40 in
1803 2228 71 40 dis¬-

1070 2267 102 31 creto
1138 2267 102 31 nomen
1205 2267 147 31 Ecclesiae
1318 2267 192 31 praetenditur.
1477 2267 102 31 Locus
1544 2267 136 31 insignis
1646 2267 90 31 est,
1703 2267 124 31 secundo
1782 2267 79 31 tomo¬-

1068 2298 176 40 pistolarum
1206 2298 176 40 Hieronymi,
1344 2298 163 40 epistolam
1470 2298 75 40 ad
1507 2298 176 40 Theophilum
1645 2298 150 40 adversus
1746 2298 125 40 errores.

1069 2335 128 31 ohannis
1163 2335 221 31 Jerosolymitani:
1349 2335 70 31 Ex
1384 2335 82 31 quo
1431 2335 163 31 perspicuum
1559 2335 93 31 est,
1617 2335 128 31 inquit,
1710 2335 128 31 dolorem
1792 2335 70 31 pro¬-

1052 2357 116 46 prium
1129 2357 129 46 causam
1220 2357 168 46 Ecclesiae
1349 2357 90 46 non
1400 2357 168 46 putandum:
1529 2357 90 46 nec
1580 2357 168 46 stomachum
1709 2357 116 46 unius
1774 2357 90 46 homi¬-

1060 2398 95 35 nis,
1120 2398 83 35 imo
1167 2398 83 35 per
1215 2398 107 35 illum
1286 2398 131 35 aliorum
1382 2398 143 35 generali
1489 2398 155 35 Ecclesiae
1608 2398 143 35 vocabulo
1703 2398 155 35 nuncupandum

1092 2423 72 43 In
1128 2423 168 43 praesentia
1260 2423 193 43 intelligimus
1417 2423 156 43 Ecclesiae
1537 2423 120 43 nomine
1621 2423 132 43 sanctum
1718 2423 132 43 coetum,
1802 2423 60 43 non

1062 2456 129 58 autem
1133 2456 172 58 prophanum.

1317 2499 253 56 CAPUT
1457 2499 141 56 Il.

1191 2540 90 60 In
1236 2540 105 60 quo
1296 2540 90 60 de
1341 2540 120 60 vera
1416 2540 180 60 Ecclesia
1550 2540 90 60 in
1580 2540 150 60 communi.

1082 2587 162 54 TCCLESIA
1203 2587 94 54 vel
1257 2587 108 54 vera
1324 2587 94 54 est
1378 2587 94 54 vel
1418 2587 108 54 falsa.

1142 2621 159 45 ECCLESIA
1261 2621 119 45 vera,
1340 2621 93 45 est
1393 2621 132 45 coetus
1486 2621 172 45 electorum
1618 2621 79 45 ad
1658 2621 119 45 vitam
1724 2621 146 45 aeternam.

1122 2658 99 47 quos
1184 2658 99 47 Deus
1246 2658 74 47 ex
1283 2658 199 47 innumerabili
1444 2658 99 47 illa
1506 2658 186 47 multitudine
1655 2658 124 47 omnium
1730 2658 136 47 creatura¬-

1062 2698 84 32 rum
1110 2698 180 32 rationalium
1254 2698 60 32 e
1278 2698 144 32 naturali
1386 2698 108 32 statu
1458 2698 132 32 ipsarum
1553 2698 132 32 vocavit
1649 2698 72 32 ad
1673 2698 192 32 supernaturalam

1065 2723 116 44 statum
1147 2723 58 44 &
1170 2723 128 44 gratiae
1263 2723 163 44 gloriaeque
1391 2723 174 44 communionem
1530 2723 70 44 in
1565 2723 139 44 Christo,
1670 2723 70 44 1.
1704 2723 93 44 Cor.
1762 2723 70 44 1.
1797 2723 70 44 v.
1821 2723 46 44 9.

1062 2765 130 34 Fidelis
1157 2765 83 34 est
1204 2765 106 34 Deus,
1275 2765 83 34 per
1322 2765 94 34 quem
1381 2765 118 34 vocati
1464 2765 106 34 estis
1534 2765 71 34 in
1570 2765 177 34 communionem
1712 2765 106 34 Filij
1771 2765 94 34 ipsius

1069 2787 86 44 Iesu
1123 2787 119 44 Christi
1210 2787 108 44 Domini
1285 2787 119 44 nostri.
1372 2787 65 44 1.
1404 2787 97 44 Petr.
1469 2787 65 44 5.
1502 2787 65 44 v.
1534 2787 76 44 10.
1577 2787 86 44 Deus
1631 2787 97 44 omnis
1696 2787 119 44 gratiae
1783 2787 108 44 autor,

1071 2823 84 50 qui
1119 2823 132 50 vocavit
1215 2823 84 50 vos
1263 2823 72 50 ad
1299 2823 132 50 aternam
1395 2823 96 50 suam
1455 2823 132 50 gloriam
1550 2823 72 50 in
1586 2823 132 50 Christo
1682 2823 96 50 Iesu
1730 2823 132 50 paulisper

1072 2852 136 53 afflictos,
1179 2852 58 53 is
1209 2852 127 53 perficiat
1306 2852 78 53 vos,
1355 2852 136 53 stabiliat,
1462 2852 117 53 roboret,
1549 2852 107 53 fundet.
1627 2852 58 53 1.
1657 2852 97 53 Johan.
1725 2852 58 53 1.
1754 2852 58 53 v.
1783 2852 58 53 3.
1812 2852 58 53 Vt
1832 2852 29 53 &

1071 2890 91 37 vos
1123 2890 195 37 communionem
1279 2890 156 37 habeatis
1395 2890 169 37 nobiscum:
1525 2890 65 37 &
1551 2890 156 37 communio
1668 2890 130 37 nostra
1758 2890 91 37 sit
1797 2890 65 37 cum

1067 2917 100 43 Patre
1133 2917 55 43 &
1155 2917 77 43 cum
1200 2917 100 43 Filio
1266 2917 88 43 ejus
1321 2917 88 43 Iesu
1377 2917 133 43 Christo.
1476 2917 66 43 1.
1509 2917 111 43 Thess.
1587 2917 66 43 2.
1620 2917 66 43 v.
1653 2917 77 43 12.
1697 2917 188 43 Obtestabamur.

1075 2953 70 40 ut
1110 2953 176 40 incederetis
1251 2953 106 40 sicut
1322 2953 117 40 dignum
1404 2953 82 40 est
1451 2953 82 40 Deo
1498 2953 129 40 vocante
1592 2953 82 40 vos
1639 2953 70 40 ad
1674 2953 94 40 suum
1733 2953 117 40 regnum
1803 2953 59 40 ad¬-

1078 2980 145 47 gcloriam.
1190 2980 67 47 Et
1223 2980 89 47 cap.
1279 2980 67 47 4.
1313 2980 67 47 v.
1346 2980 67 47 7.
1380 2980 78 47 Non
1425 2980 123 47 vocavit
1514 2980 78 47 nos
1559 2980 89 47 Deus
1615 2980 67 47 ad
1648 2980 179 47 impuritatem,
1794 2980 78 47 sed
1827 2980 45 47 ad

1069 3025 246 40 sanctificationem.
1280 3025 70 40 2.
1315 3025 117 40 Thess.
1397 3025 70 40 2.
1432 3025 70 40 v.
1467 3025 82 40 14.
1514 3025 82 40 Quo
1561 3025 129 40 vocavit
1655 3025 82 40 vos
1701 3025 82 40 per
1737 3025 140 40 Evangelium

1071 3048 141 56 nostrum,
1177 3048 71 56 ad
1212 3048 165 56 obtinendam
1342 3048 129 56 gloriam
1436 3048 118 56 Domini
1518 3048 118 56 nostri
1600 3048 94 56 Iesu
1647 3048 118 56 Christi.

1115 3086 93 43 Autor
1177 3086 83 43 ejus
1228 3086 72 43 est
1269 3086 93 43 Deus,
1331 3086 72 43 qui
1373 3086 72 43 eam
1414 3086 124 43 vocavit,
1507 3086 52 43 1
1527 3086 83 43 Cor.
1579 3086 62 43 1.
1610 3086 62 43 v.
1641 3086 62 43 9.
1672 3086 62 43 1.
1703 3086 93 43 Petr.
1765 3086 62 43 5.
1796 3086 62 43 v.
1816 3086 52 43 10.

1006 3121 63 36 &

1118 3134 140 56 Materia
1220 3134 102 56 ejus
1284 3134 89 56 est
1335 3134 166 56 multitudo
1462 3134 191 56 creaturarum
1615 3134 204 56 rationalium,
1768 3134 115 56 Angelo¬-

1064 3178 82 48 rum
1111 3178 58 48 &
1134 3178 140 48 hominum,
1240 3178 105 48 Hebr.
1310 3178 70 48 2.
1345 3178 70 48 v.
1380 3178 82 48 22,
1427 3178 82 48 23.
1474 3178 175 48 Accessistis
1614 3178 70 48 ad
1649 3178 117 48 montem
1731 3178 105 48 Sion,
1801 3178 58 48 &
1813 3178 58 48 ci¬
