2063 3369
218 143 147 49 vitatem
325 143 94 49 Dei
378 143 120 49 vivi,
458 143 187 49 Hierusalem
606 143 187 49 coelestem,
753 143 67 49 &
779 143 161 49 myriadas
886 143 161 49 Angelorum,

224 180 167 50 Conventum
352 180 192 50 universalem
506 180 64 50 &
532 180 167 50 concionem
660 180 231 50 primogenitorum
852 180 90 50 qui
891 180 128 50 conscri¬-

223 215 79 51 pti
268 215 91 51 sunt
325 215 68 51 in
359 215 125 51 coelis,
449 215 57 51 &
472 215 125 51 judicem
563 215 170 51 universorum
699 215 102 51 Deum,
767 215 79 51 &c.
812 215 68 51 1.
846 215 102 51 Petr.
914 215 57 51 1
937 215 68 51 v.
959 215 57 51 12.

228 254 109 44 Quibus
305 254 142 44 revelatum
414 254 87 44 est,
469 254 77 44 eos
512 254 77 44 non
556 254 98 44 sibi,
622 254 77 44 sed
665 254 98 44 nobis
731 254 66 44 ea
764 254 175 44 administrare
906 254 87 44 quae
949 254 66 44 nuno

217 280 165 47 annunciata
347 280 94 47 sunt
406 280 106 47 vobis
477 280 83 47 per
524 280 83 47 eos
571 280 83 47 qui
618 280 106 47 vobis
689 280 189 47 praedicarunt
842 280 165 47 Evangelium
960 280 59 47 per

226 312 131 42 emissum
321 312 59 42 e
345 312 107 42 coelo
416 312 143 42 Spiritum
523 312 143 42 Sanctum,
630 312 71 42 in
666 312 95 42 quae
725 312 166 42 desiderant
856 312 119 42 Angeli
927 312 95 42 intro¬

215 355 105 48 spicere.

287 372 102 47 Forma
355 372 91 47 ejus
411 372 79 47 est
457 372 125 47 vocatio
548 372 136 47 gratiosa
650 372 68 47 in
684 372 136 47 filiorum
786 372 79 47 Dei
831 372 170 47 dignitatem,
956 372 57 47 pe¬-

223 408 108 54 quam
291 408 189 54 vocationem
440 408 135 54 Angeli
534 408 68 54 &
561 408 149 54 homines
669 408 108 54 sunt
737 408 176 54 Ecclesia.
858 408 149 54 Quapropte

222 445 83 41 non
269 445 106 41 omnes
340 445 118 41 electi
423 445 71 41 ad
458 445 106 41 vitam
529 445 153 41 aeternam,
647 445 83 41 sed
694 445 118 41 tantum
777 445 130 41 vocati,
871 445 94 41 sunt
919 445 94 41 Eccle¬-

218 477 94 42 sia:
277 477 94 42 Unde
336 477 59 42 &
359 477 129 42 fideles
453 477 153 42 Scriptura
570 477 117 42 passim
652 477 141 42 appellat
758 477 129 42 vocatos
852 477 141 42 sanctos,
946 477 70 42 Rom.

235 513 49 41 1.
259 513 49 41 v.
284 513 49 41 7.
308 513 49 41 1.
332 513 65 41 Cor.
373 513 49 41 1.
397 513 49 41 v.
414 513 32 41 2.

268 533 103 54 Finis
336 533 149 54 Ecclesiae
451 533 138 54 supremus
555 533 80 54 est
601 533 115 54 gloria
681 533 92 54 Dei:
738 533 184 54 Subordinatus
888 533 92 54 vero
934 533 80 54 ipso¬-

226 576 83 42 rum
274 576 155 42 vocatorum
393 576 107 42 salus
452 576 119 42 aeterna.

249 604 130 46 Effecta
343 604 94 46 quod
402 604 141 46 attinet,
508 604 71 46 ea
544 604 94 46 Deum
603 604 141 46 agnoscit
709 604 59 46 &
732 604 118 46 colit,
815 604 153 46 praedicat
921 604 94 46 verbum

226 639 96 54 ejus,
291 639 139 54 annunciat
398 639 129 54 virtutes
494 639 107 54 futuri
569 639 118 54 seculi,
644 639 54 54 &c.

246 668 92 47 Quod
303 668 69 47 ad
337 668 149 47 subjecta,
451 668 80 47 est
497 668 114 47 partim
577 668 69 47 in
612 668 114 47 coelo,
692 668 114 47 partim
772 668 69 47 in
806 668 114 47 terra:
886 668 103 47 habet
943 668 69 47 com¬-

226 697 147 51 munionem
336 697 86 51 cum
385 697 86 51 Deo
434 697 123 51 Patre,
520 697 110 51 Filio
594 697 61 51 &
618 697 135 51 Spiritu
716 697 135 51 Sancto:
814 697 123 51 estque
900 697 98 51 Dei;
949 697 74 51 quem

225 735 135 50 caput,
319 735 148 50 Dominum
427 735 121 50 atque
508 735 175 50 Monarcham
629 735 135 50 agnoscit

261 760 111 50 Estque
339 760 111 50 electa
417 760 67 50 ad
450 760 100 50 vitam
517 760 134 50 aeternam
617 760 67 50 in
651 760 134 50 Christo,
751 760 78 50 est
795 760 122 50 sancta,
873 760 56 50 &c.

251 796 136 45 Ecclesia
352 796 79 45 non
398 796 102 45 sunt,
465 796 79 45 qui
511 796 113 45 vocati
590 796 79 45 non
635 796 102 45 sunt:
703 796 102 45 velut
770 796 124 45 homines
861 796 113 45 electi
940 796 68 45 ad
963 796 56 45 vi¬-

213 834 83 37 tam
261 834 155 37 aeternam,
380 834 95 37 etsi
439 834 143 37 potentia
546 834 83 37 seu
594 834 131 37 δυναμει
689 834 155 37 pertinent
808 834 71 37 ad
844 834 167 37 Ecclesiam,
963 834 59 37 non

213 868 99 41 sunt
274 868 111 41 tamen
348 868 99 41 actu
410 868 148 41 Ecclesia
521 868 99 41 ante
583 868 185 41 vocationem.
731 868 148 41 Ecclesia
842 868 111 41 etiam
916 868 86 41 Dei
953 868 62 41 non

213 906 93 41 sunt
272 906 82 41 vel
318 906 152 41 daemones,
435 906 82 41 vel
482 906 163 41 infideles,
610 906 82 41 qui
657 906 140 41 gratiosa
762 906 58 41 &
785 906 199 41 supernaturali
937 906 82 41 voca¬-

215 937 106 42 tione
274 937 94 42 curent

267 947 136 66 Ecclesia
368 947 79 66 Dei
414 947 79 66 est
459 947 181 66 praestantior
605 947 124 66 omnibus
696 947 102 66 aliis
764 947 158 66 creaturis,
888 947 102 66 atque
944 947 68 66 adeo

212 1000 104 39 toto
264 1000 104 39 mundo.

245 1013 78 52 Est
290 1013 123 52 civitas
379 1013 90 52 Dei,
435 1013 101 52 domus
502 1013 90 52 Dei,
558 1013 67 52 1.
592 1013 90 52 Tim.
648 1013 67 52 3.
681 1013 67 52 v.
715 1013 78 52 15.
760 1013 90 52 quam
816 1013 179 52 aedificavit,
950 1013 56 52 fun

217 1058 117 43 davit,
299 1058 164 43 stabilivit
428 1058 59 43 &
451 1058 129 43 ornavit
545 1058 199 43 absolutissime
709 1058 140 43 Christus
814 1058 140 43 Dominus,
908 1058 105 43 Prover¬-

227 1101 63 33 9.
259 1101 63 33 v.
291 1101 63 33 1.
322 1101 105 33 Matth.
396 1101 74 33 16.
438 1101 63 33 v.
470 1101 74 33 10.
512 1101 74 33 est
554 1101 105 33 sponsa
627 1101 84 33 Dei,
680 1101 137 33 exercitus
785 1101 84 33 Dei,
827 1101 53 33 &c.

247 1125 159 42 Dissimilis
371 1125 57 42 &
394 1125 125 42 diversa
485 1125 57 42 a
508 1125 113 42 regnis
587 1125 147 42 terrenis,
700 1125 57 42 &
723 1125 170 42 exercitibus
859 1125 147 42 mundanis,
961 1125 57 42 &c.

255 1163 72 40 Ab
291 1163 145 40 Ecclesia
400 1163 193 40 denominantur
557 1163 217 40 Ecclesiastica,
738 1163 97 40 quae
799 1163 133 40 nimirum
895 1163 72 40 ad
919 1163 97 40 Eccle¬-

214 1190 94 42 siam
273 1190 164 42 pertinent,
402 1190 82 42 vel
448 1190 70 42 ab
484 1190 70 42 ea
519 1190 59 42 &
542 1190 70 42 in
577 1190 70 42 ea
612 1190 164 42 peraguntur
741 1190 59 42 &
764 1190 117 42 fiunt.
846 1190 94 42 Item
893 1190 129 42 Ecclesia¬-

212 1222 107 54 stes,
283 1222 83 54 hoc
331 1222 95 54 est,
390 1222 83 54 qui
437 1222 154 54 Ecclesiam
556 1222 142 54 instruit
663 1222 130 54 docendo
758 1222 119 54 Verbum
829 1222 71 54 Dei.

461 1296 252 51 CAPUT
601 1296 168 51 III.

287 1348 81 62 In
327 1348 94 62 quo
381 1348 81 62 de
421 1348 161 62 Ecclesia
542 1348 174 62 catholica
676 1348 161 62 absolute
796 1348 94 62 sic
837 1348 107 62 dicta.

245 1412 76 42 ST
283 1412 113 42 autem
359 1412 151 42 Ecclesia
472 1412 88 42 Dei
522 1412 88 42 vel
573 1412 164 42 Catholica
698 1412 88 42 vel
736 1412 189 42 particularis.

300 1442 141 47 Ecclesia
406 1442 153 47 Catholica
524 1442 82 47 vel
571 1442 141 47 absolute
677 1442 141 47 dicitur,
783 1442 82 47 vel
830 1442 141 47 secundum
924 1442 71 47 quid

308 1477 134 42 Ecclesia
408 1477 145 42 Catholita
519 1477 134 42 abselute
619 1477 111 42 dicta,
697 1477 78 42 est
742 1477 89 42 tota
797 1477 189 42 universalitas
942 1477 78 42 omni¬-

209 1514 81 40 um
249 1514 81 40 ad
289 1514 121 40 vitam
370 1514 162 40 aeternam
492 1514 175 40 electorum
627 1514 175 40 Angelorum
761 1514 67 40 &
788 1514 148 40 hominum
883 1514 148 40 efficaci¬-

205 1542 97 44 ter
261 1542 181 44 vocatorum
400 1542 84 44 ad
442 1542 195 44 beatificam
595 1542 209 44 communionem
762 1542 97 44 cum
804 1542 84 44 Deo.

255 1578 107 40 Eaque
327 1578 131 40 duplici
422 1578 143 40 respectu
529 1578 203 40 consideratur,
696 1578 83 40 tum
744 1578 131 40 Capitis
839 1578 83 40 cui
887 1578 131 40 subest,
970 1578 60 40 tum

263 1612 94 44 poris
325 1612 73 44 quo
357 1612 94 44 constat

199 1608 66 54 cor¬-

273 1629 109 55 Caput
346 1629 158 55 Ecclesiae
467 1629 182 55 Catholicae,
613 1629 85 55 est
661 1629 121 55 summus
746 1629 97 55 ejus
807 1629 146 55 Princeps
916 1629 61 55 &
928 1629 85 55 Monar

222 1676 97 45 cha,
282 1676 133 45 sponsus
379 1676 60 45 &
391 1676 109 45 conjunx

261 1699 92 47 dque
319 1699 81 47 vel
365 1699 173 47 communiter,
503 1699 81 47 vel
549 1699 196 47 singulariter.

273 1730 109 46 Caput
345 1730 157 46 Ecclesiae
466 1730 181 46 communiter,
611 1730 85 46 est
660 1730 97 46 Deus
720 1730 121 46 Pater,
805 1730 121 46 Filius
889 1730 60 46 &
901 1730 121 46 Spiritus

214 1773 143 45 Sanctus,
322 1773 72 45 in
358 1773 132 45 unitate
453 1773 155 45 essentiae
573 1773 96 45 vnus
632 1773 108 45 Deus,
704 1773 60 45 a
728 1773 96 45 quo,
788 1773 72 45 in
824 1773 96 45 quo,
884 1773 84 45 per
931 1773 96 45 quem
979 1773 36 45 &

267 1809 97 42 pter
328 1809 97 42 quem
389 1809 110 42 omnia
450 1809 158 42 consistunt.

208 1818 66 41 pro¬-

274 1827 185 56 Singulariter
425 1827 93 56 vero
483 1827 104 56 caput
553 1827 151 56 Ecclesiae
668 1827 127 56 formale
761 1827 58 56 &
784 1827 174 56 analogicum,
923 1827 81 56 est
958 1827 58 56 so¬-

221 1869 77 39 lus
265 1869 142 39 Christus,
374 1869 132 39 aeternus
473 1869 121 39 aeterni
561 1869 110 39 Patris
637 1869 121 39 Filius,
725 1869 110 39 corpus
802 1869 142 39 Ecclesiae
900 1869 121 39 informans

214 1907 56 40 &
236 1907 167 40 vivificans,
369 1907 100 40 illud
436 1907 144 40 continens
547 1907 67 40 in
581 1907 122 40 unitate
670 1907 144 40 Spiritus,
781 1907 56 40 &
803 1907 67 40 vi
836 1907 78 40 sua
870 1907 144 40 influentiam

219 1940 118 36 vitae,
302 1940 118 36 sensus
385 1940 59 36 &
408 1940 106 36 motus
479 1940 130 36 gratiae
574 1940 83 36 cum
621 1940 95 36 illo
680 1940 106 36 intus
751 1940 189 36 communicans,
905 1940 83 36 tum
940 1940 83 36 etiam

217 1973 133 31 exterius
317 1973 100 31 illud
383 1973 133 31 dirigens
483 1973 133 31 actusque
583 1973 89 31 ejus
638 1973 155 31 gubernans,
760 1973 67 31 1.
793 1973 133 31 Corinth.
893 1973 78 31 12.
937 1973 67 31 v.
960 1973 55 31 27.

223 2001 80 42 Vos
268 2001 103 42 estis
337 2001 115 42 corpus
417 2001 137 42 Christi,
520 2001 57 42 &
543 2001 115 42 membra
624 2001 195 42 particulatim.
784 2001 115 42 Ephes.
864 2001 69 42 1.
898 2001 80 42 22.
933 2001 80 42 Omnia

217 2035 129 43 subjecit
314 2035 86 43 ejus
367 2035 129 43 pedibus,
464 2035 107 43 eumque
539 2035 150 43 constituit
657 2035 97 43 caput
722 2035 97 43 super
786 2035 97 43 omnia
850 2035 86 43 ipsi
893 2035 129 43 Ecclesiae.

224 2067 59 40 Et
254 2067 79 40 cap.
303 2067 59 40 4.
332 2067 59 40 v.
362 2067 69 40 15,
401 2067 69 40 16.
440 2067 59 40 Et
470 2067 59 40 5.
499 2067 79 40 cap.
548 2067 59 40 v.
577 2067 69 40 23.
617 2067 108 40 Coloss.
695 2067 59 40 1.
725 2067 59 40 v.
754 2067 59 40 18
784 2067 49 40 &
803 2067 79 40 cap.
852 2067 59 40 2.
882 2067 59 40 v.
911 2067 69 40 10.
941 2067 79 40 Johan.

221 2097 76 42 15.
265 2097 65 42 v.
297 2097 65 42 5.
330 2097 76 42 Ego
373 2097 76 42 sum
417 2097 109 42 vitis,
493 2097 76 42 vos
536 2097 141 42 palmites:
645 2097 65 42 is
677 2097 76 42 qui
721 2097 98 42 manet
786 2097 65 42 in
819 2097 76 42 me,
862 2097 54 42 &
884 2097 65 42 in
916 2097 76 42 quo
949 2097 65 42 ego¬-

222 2137 117 35 maneo,
304 2137 82 35 hic
351 2137 94 35 fert
410 2137 129 35 fructum
503 2137 129 35 multum:
597 2137 82 35 nam
644 2137 129 35 seorsim
738 2137 59 35 a
761 2137 70 35 me
796 2137 105 35 nihil
867 2137 141 35 potestis
960 2137 59 35 fa¬-

220 2163 98 39 cere.
286 2163 98 39 Psal.
351 2163 76 39 80.
395 2163 98 39 v.16.
460 2163 120 39 Propter
547 2163 109 39 Filium
624 2163 87 39 quem
678 2163 174 39 fortificasti
820 2163 98 39 tibi.
885 2163 55 39 &
907 2163 98 39 vers.
961 2163 55 39 18.

228 2197 106 39 Adsit
299 2197 106 39 manus
369 2197 82 39 tua
416 2197 94 39 viro
475 2197 141 39 dexterae
581 2197 106 39 tuae.
652 2197 106 39 Filio
722 2197 129 39 hominis
816 2197 94 39 quem
863 2197 165 39 fortificasti

227 2227 115 39 tibi:
304 2227 102 39 quem
368 2227 153 39 Christum
483 2227 141 39 Dominum
585 2227 179 39 Augustinus
726 2227 179 39 intelligit
867 2227 141 39 septimo
956 2227 64 39 to¬-

222 2266 79 36 mo,
267 2266 102 36 libro
335 2266 68 36 de
369 2266 91 36 bono
426 2266 215 36 perseverantiae,
607 2266 91 36 cap.
653 2266 113 36 septimo.

286 2292 74 42 Quo
329 2292 95 42 sensu
392 2292 63 42 se
424 2292 127 42 appellat
519 2292 106 42 vitem,
593 2292 116 42 fideles
677 2292 84 42 vero
730 2292 137 42 palmites,
836 2292 106 42 Johan.
909 2292 74 42 15.
952 2292 63 42 v.
973 2292 42 42 7.

230 2322 70 46 Hic
270 2322 70 46 est
310 2322 90 46 lapis
370 2322 80 46 ille
420 2322 130 46 angularis
520 2322 130 46 aedificij
620 2322 160 46 spiritualis,
751 2322 90 46 Psal.
811 2322 80 46 118.
861 2322 60 46 v.
891 2322 70 46 22.
931 2322 90 46 Zach.
981 2322 40 46 3.

230 2361 89 38 v.9.
285 2361 78 38 Hic
330 2361 78 38 est
374 2361 177 38 singulariter
518 2361 122 38 sponsus
607 2361 155 38 Ecclesiae,
729 2361 89 38 quem
784 2361 133 38 celebrat
884 2361 111 38 David,
950 2361 67 38 Psal

230 2396 83 38 45.
278 2396 130 38 Salomon
372 2396 71 38 in
408 2396 107 38 libr.
479 2396 130 38 Cantici
574 2396 178 38 Canticorum,
716 2396 130 38 Jesaias
811 2396 95 38 cap.
871 2396 71 38 5.
906 2396 119 38 Paulus
977 2396 36 38 2

226 2426 86 38 Cor.
280 2426 75 38 11.
323 2426 65 38 v.
355 2426 65 38 2.
388 2426 118 38 Angelus
474 2426 97 38 Apoc.
538 2426 75 38 21.
581 2426 65 38 v.
603 2426 43 38 7.

269 2447 100 44 Hujus
335 2447 111 44 sponsi
413 2447 88 44 amor
468 2447 88 44 erga
523 2447 144 44 Ecclesiam
634 2447 77 44 est
678 2447 111 44 melior
756 2447 100 44 vino,
822 2447 100 44 Cant.
888 2447 66 44 1.
921 2447 66 44 v.
955 2447 66 44 2.
977 2447 44 44 1.

238 2487 88 38 est,
293 2487 132 38 suavior,
392 2487 143 38 salubrior
503 2487 55 38 &
525 2487 121 38 gratior
613 2487 143 38 Ecclesiae
723 2487 55 38 &
745 2487 143 38 ynicuique
856 2487 121 38 electae
933 2487 88 38 animae

243 2518 97 46 quam
304 2518 134 46 quaevis
401 2518 85 46 res
450 2518 73 46 in
486 2518 85 46 hoc
535 2518 110 46 mundo
608 2518 97 46 quae
669 2518 122 46 possit
754 2518 85 46 vel
803 2518 134 46 maximam
888 2518 146 46 voluptatem

212 2555 120 42 adferre.

271 2588 145 43 Christus
380 2588 84 43 est
428 2588 97 43 unum
488 2588 109 43 caput
560 2588 133 43 Angelis
657 2588 60 43 &
681 2588 169 43 hominibus,
814 2588 121 43 inquit
886 2588 145 43 Chrysosto¬-

231 2620 85 42 mus
279 2620 133 42 homilia
376 2620 133 42 secunda
473 2620 73 42 in
509 2620 157 42 epistolam
630 2620 73 42 ad
654 2620 121 42 Ephesios

258 2646 119 52 Petrus
341 2646 107 52 autem
413 2646 155 52 Apostolus
532 2646 107 52 caput
603 2646 155 52 Ecclesiae
722 2646 166 52 Catholicae
853 2646 83 52 non
900 2646 107 52 fuit,
960 2646 59 52 mul

237 2676 75 46 to
275 2676 113 46 minus
350 2676 100 46 Papa
413 2676 138 46 Romanus
513 2676 113 46 illud
576 2676 75 46 est:

270 2709 71 47 I.
306 2709 94 47 Quia
364 2709 106 47 caput
435 2709 153 47 Ecclesiae
553 2709 165 47 Catholicae
683 2709 82 47 est
730 2709 106 47 etiam
801 2709 106 47 caput
871 2709 165 47 Angelorum,
989 2709 59 47 Jo¬-

232 2742 92 43 han.
289 2742 69 43 1.
323 2742 69 43 v.
357 2742 80 43 52.
403 2742 69 43 At
438 2742 103 43 purus
506 2742 103 43 putus
575 2742 103 43 homo,
644 2742 114 43 qualis
724 2742 92 43 erat
781 2742 126 43 Petrus,
873 2742 57 43 &
896 2742 114 43 qualis
964 2742 69 43 est,

244 2778 148 40 Pontifex
355 2778 148 40 Romanus,
466 2778 86 40 non
515 2778 86 40 est
565 2778 86 40 nec
614 2778 99 40 esse
676 2778 124 40 potest
762 2778 111 40 caput
824 2778 136 40 Angelorum

274 2819 66 30 2.
307 2819 88 30 Quia
362 2819 122 30 capitis
451 2819 144 30 universae
561 2819 144 30 Ecclesiae
672 2819 77 30 est
716 2819 188 30 efficacitatem
871 2819 155 30 ministerio
982 2819 55 30 Ev¬-

244 2840 129 43 angelij
338 2840 82 43 per
385 2840 140 43 Spiritum
490 2840 129 43 Sanctum
584 2840 152 43 tribuere:
701 2840 70 43 At
736 2840 117 43 Petrus
818 2840 70 43 id
853 2840 82 43 non
900 2840 129 43 potuit,
993 2840 70 43 ut

246 2874 58 41 &
270 2874 93 41 Papa
328 2874 70 41 id
363 2874 82 41 non
398 2874 105 41 potest.

281 2893 63 53 3.
312 2893 115 53 Capitis
396 2893 136 53 universae
501 2893 136 53 Ecclesiae
605 2893 84 53 est,
658 2893 115 53 virtute
742 2893 73 53 sui
784 2893 126 53 Spiritus
878 2893 115 53 fulcire
962 2893 73 53 eos
993 2893 42 53 o¬-

243 2942 107 52 mnes,
315 2942 60 52 a
339 2942 119 52 quibus
422 2942 107 52 nomen
494 2942 96 52 ejus
553 2942 131 52 sincere
649 2942 167 52 invocatur.
780 2942 107 52 Atqui
852 2942 84 52 nec
900 2942 119 52 Petrus
971 2942 60 52 nec

261 2966 84 52 Papa
313 2966 63 52 id
334 2966 94 52 potest.

461 2996 130 53 Tantum
552 2996 78 53 de
591 2996 130 53 Capite
670 2996 156 53 Ecclesiae.

287 3030 126 51 CoRPUS
375 3030 163 51 Ecclesiae
501 3030 176 51 Catholicae
639 3030 88 51 est
690 3030 163 51 mysticum,
816 3030 101 51 Rom.
878 3030 88 51 12.
929 3030 75 51 v.
966 3030 63 51 5
979 3030 88 51 Multi

253 3074 93 41 unum
312 3074 116 41 corpus
393 3074 105 41 sumus
463 3074 70 41 in
498 3074 140 41 Christo,
602 3074 163 41 singulatim
730 3074 116 41 autem,
812 3074 93 41 alij
870 3074 140 41 aliorum:
963 3074 70 41 nem¬-

251 3099 80 52 bra,
301 3099 100 52 Ephes.
371 3099 60 52 1.
402 3099 60 52 v.
432 3099 70 52 22,
462 3099 50 52 23.

1115 133 127 52 Membra
1204 133 101 52 ejus
1267 133 101 52 sunt
1331 133 127 52 tantum
1419 133 127 52 electi
1508 133 76 52 ad
1546 133 114 52 vitam
1622 133 165 52 aeternam,
1749 133 89 52 tum
1787 133 101 52 fancti

1070 175 114 36 Angeli
1149 175 80 36 tum
1195 175 125 36 homines
1286 175 159 36 vocationis
1411 175 148 36 coelestis
1513 175 137 36 participes

1089 212 137 41 Sanctos
1188 212 137 41 Angelos
1288 212 100 41 esse
1351 212 125 41 membra
1438 212 162 41 Ecclesiae
1563 212 175 41 Catholicae
1700 212 150 41 constat:
1812 212 75 41 I.
1837 212 50 41 ex

1058 244 159 36 testimonio
1183 244 114 36 Pauli,
1262 244 102 36 Hebr.
1330 244 80 36 12.
1376 244 68 36 v.
1410 244 80 36 22,
1444 244 57 36 23.

1092 270 78 43 II.
1137 270 90 43 Quia
1193 270 90 43 sunt
1249 270 112 43 electi
1327 270 67 43 in
1361 270 123 43 Christo
1450 270 67 43 ad
1484 270 101 43 vitam
1551 270 146 43 aeternam,
1663 270 67 43 I.
1697 270 123 43 Timoth.
1786 270 67 43 5.
1820 270 67 43 v.
1842 270 45 43 1,

1068 310 87 44 21.
1117 310 149 44 Obtestor
1229 310 75 44 in
1266 310 162 44 conspectu
1391 310 99 44 Dei,
1453 310 62 44 &
1478 310 124 44 Domini
1565 310 99 44 Iesu
1627 310 149 44 Christi,
1739 310 62 44 &
1751 310 137 44 electorum

1064 343 167 38 Angelorum,
1195 343 71 38 ut
1231 343 95 38 haec
1290 343 131 38 serves,
1374 343 60 38 &c.

1098 366 102 45 III.
1162 366 102 45 Quia
1225 366 140 45 ipsorum
1327 366 127 45 quoque
1416 366 152 45 Mediator
1530 366 89 45 est
1568 366 140 45 Christus.

1089 396 83 55 IV.
1137 396 95 55 Quia
1196 396 83 55 cum
1244 396 131 55 singuli
1339 396 71 55 in
1374 396 83 55 se,
1422 396 83 55 tum
1470 396 107 55 omnes
1541 396 107 55 inter
1612 396 71 55 se
1648 396 59 55 &
1672 396 119 55 cuncti
1755 396 71 55 ad
1779 396 83 55 Chri¬-

1018 434 65 54 B
1044 434 104 54 stum
1109 434 117 54 velut
1187 434 117 54 Caput
1265 434 117 54 suum,
1343 434 65 54 &
1369 434 91 54 per
1421 434 156 54 Christum
1539 434 78 54 ad
1578 434 104 54 Deum
1643 434 130 54 vocati
1734 434 104 54 sunt
1786 434 91 54 natu¬-

1066 467 90 47 rali
1122 467 101 47 simul
1189 467 56 47 &
1212 467 191 47 supernaturali
1357 467 90 47 gratia

1099 499 66 41 V.
1132 499 88 41 Quia
1187 499 110 41 Angeli
1264 499 110 41 sancti
1341 499 88 41 sunt
1396 499 165 41 συiθεολορον
1529 499 121 41 nostri,
1617 499 66 41 1.
1650 499 99 41 Petr.
1716 499 66 41 1.
1749 499 66 41 v.
1771 499 55 41 12.

1091 538 88 38 VI.
1142 538 100 38 Quia
1204 538 100 38 sunt
1267 538 150 38 nobiscum
1380 538 113 38 uniti
1455 538 88 38 sub
1505 538 113 38 eodem
1580 538 125 38 Capite
1668 538 150 38 Christo,
1780 538 63 38 &
1793 538 75 38 con¬-

1062 564 105 47 servi
1132 564 117 47 nostri
1214 564 58 47 &
1238 564 128 47 fratrum
1331 564 164 47 nostrorum,
1459 564 128 47 Zachar.
1553 564 70 47 3.
1588 564 70 47 v.
1623 564 70 47 7.
1658 564 82 47 Sic
1705 564 82 47 ait
1752 564 117 47 Iehova
1822 564 58 47 ex¬-

1071 610 153 34 arcituum,
1189 610 70 34 si
1224 610 70 34 in
1259 610 94 34 viis
1318 610 94 34 meis
1376 610 164 34 ambulabis,
1505 610 59 34 &
1529 610 70 34 si
1564 610 199 34 observationem
1728 610 94 34 meam
1775 610 94 34 obser¬-

1069 639 118 36 vabis,
1152 639 83 36 &c.
1199 639 118 36 utique
1282 639 142 36 disponam
1389 639 95 36 tibi
1448 639 83 36 qui
1495 639 142 36 ambulent
1602 639 107 36 inter
1673 639 154 36 adstantes
1779 639 95 36 istos.

1057 665 77 49 id
1096 665 103 49 est,
1160 665 206 49 conversentur
1328 665 77 49 in
1367 665 116 49 eadem
1444 665 155 49 Ecclesia
1560 665 116 49 inter
1638 665 155 49 myriadas
1741 665 142 49 Angelorum

1061 700 94 38 mihi
1120 700 211 38 ministrantium.
1296 700 129 38 Apocal.
1389 700 82 38 19.
1436 700 70 38 v.
1472 700 82 38 10.
1518 700 129 38 Procidi
1612 700 94 38 ante
1671 700 105 38 pedes
1741 700 94 38 ejus
1800 700 70 38 ut
1823 700 47 38 ad

1059 735 124 40 orarem
1146 735 99 40 eum:
1208 735 87 40 sed
1257 735 112 40 dixit
1332 735 112 40 mihi,
1407 735 99 40 Vide
1469 735 75 40 ne
1506 735 149 40 feceris:
1618 735 162 40 conservus
1742 735 99 40 tuus
1804 735 87 40 sum
1842 735 37 40 &

1058 770 139 46 fratrum
1160 770 127 46 tuorum
1248 770 89 46 qui
1299 770 127 46 habent
1387 770 190 46 testimonium
1539 770 114 46 Iesu,
1615 770 101 46 Deum
1678 770 127 46 adora,
1767 770 63 46 &
1779 770 89 46 cap¬.

1060 796 69 43 22.
1100 796 59 43 v.
1129 796 59 43 9.
1159 796 99 43 Johan.
1228 796 59 43 1.
1258 796 59 43 v.
1278 796 49 43 52.

1107 828 97 47 VII.
1167 828 97 47 Quia
1228 828 85 47 cum
1276 828 109 47 ipsis
1349 828 109 47 sumus
1421 828 85 47 una
1470 828 133 47 civitas
1554 828 73 47 Dei.

1105 861 98 47 Idem
1166 861 123 47 docuit
1252 861 184 47 Augustinus,
1399 861 86 47 qui
1448 861 110 47 libro
1522 861 123 47 decimo
1607 861 74 47 de
1644 861 147 47 Civitate
1754 861 98 47 Dei,
1803 861 74 47 cap.

1069 893 134 43 septimo:
1169 893 111 43 Merito
1247 893 134 43 (inquit)
1347 893 89 43 illi
1403 893 67 43 in
1437 893 167 43 coelestibus
1570 893 123 43 sedibus
1659 893 167 43 constituti,
1782 893 89 43 immor¬-

1059 931 105 40 tales
1130 931 59 40 &
1153 931 117 40 beati,
1235 931 82 40 qui
1282 931 152 40 Creatoris
1399 931 82 40 sui
1446 931 211 40 participatione
1621 931 176 40 congaudent,
1762 931 105 40 cujus
1820 931 47 40 ae

1071 962 150 39 ternitate
1187 962 115 39 firmi,
1268 962 104 39 cujus
1337 962 139 39 veritate
1441 962 115 39 certi,
1522 962 104 39 cujus
1591 962 115 39 munere
1672 962 115 39 sancti
1753 962 104 39 sunt,
1810 962 58 39 quo

1059 997 93 37 niam
1118 997 81 37 nos
1164 997 140 37 mortales
1269 997 58 37 &
1292 997 140 37 miseros,
1397 997 70 37 ut
1432 997 163 37 immortales
1560 997 140 37 beatique
1665 997 116 37 simus,
1734 997 140 37 misericor¬-

1068 1029 96 46 diter
1132 1029 139 46 diligunt,
1239 1029 107 46 nolunt
1314 1029 75 46 nos
1356 1029 85 46 sibi
1410 1029 171 46 sacrificare,
1548 1029 75 46 sed
1591 1029 64 46 ei
1623 1029 96 46 cujus
1687 1029 53 46 &
1708 1029 85 46 ipsi
1751 1029 117 46 nobiscun¬-

1059 1062 174 38 sacrificium
1199 1062 70 38 se
1233 1062 93 38 esse
1291 1062 128 38 norunt.
1384 1062 81 38 Cum
1430 1062 104 38 ipsis
1500 1062 93 38 enim
1558 1062 104 38 sumus
1628 1062 81 38 una
1674 1062 128 38 civitas
1767 1062 93 38 Dei:
1813 1062 58 38 cu¬-

1056 1099 129 35 dicitur
1150 1099 71 35 in
1186 1099 129 35 Psalmo;
1280 1099 141 35 Gloriosa
1385 1099 106 35 dicta
1456 1099 94 35 sunt
1515 1099 71 35 de
1550 1099 82 35 te,
1597 1099 129 35 civitas
1691 1099 94 35 Dei:
1750 1099 106 35 cujus
1808 1099 71 35 pars

1067 1126 68 44 in
1101 1126 102 44 nobis
1168 1126 192 44 peregrinatur,
1327 1126 90 44 pars
1383 1126 68 44 in
1417 1126 102 44 ipsis
1485 1126 170 44 opitulatur,
1609 1126 34 44 &

1097 1157 73 35 Et
1133 1157 122 35 tertio
1219 1157 110 35 tomo,
1293 1157 159 35 enchirid.
1415 1157 73 35 ad
1452 1157 184 35 Laurentium,
1599 1157 98 35 cap.
1660 1157 196 35 septuagesimo
1807 1157 73 35 sex¬-

1055 1190 71 38 to
1091 1190 59 38 &
1114 1190 141 38 septimo:
1220 1190 129 38 Templum
1314 1190 94 38 ergo
1373 1190 94 38 Dei,
1432 1190 82 38 hoc
1479 1190 94 38 est,
1538 1190 118 38 totius
1620 1190 118 38 summae
1702 1190 118 38 illius
1773 1190 94 38 Trini¬-

1072 1225 108 38 tatis,
1148 1225 108 38 sancta
1223 1225 75 38 est
1266 1225 140 38 Ecclesia,
1373 1225 129 38 scilicet
1470 1225 129 38 universa
1567 1225 65 38 in
1599 1225 97 38 coelo
1664 1225 54 38 &
1685 1225 65 38 in
1718 1225 108 38 terra.
1793 1225 75 38 Sed
1825 1225 54 38 de¬-

1072 1255 90 41 illa
1128 1255 90 41 quae
1184 1255 67 41 in
1218 1255 112 41 coelis
1296 1255 78 41 est
1341 1255 146 41 affirmare
1453 1255 90 41 quid
1509 1255 146 41 possumus?
1621 1255 90 41 nisi
1677 1255 90 41 quod
1733 1255 112 41 nullus
1812 1255 67 41 in
1834 1255 45 41 ea

1059 1274 106 56 malus
1130 1274 95 56 est,
1189 1274 83 56 nec
1237 1274 142 56 quisquam
1343 1274 142 56 deinceps
1449 1274 71 56 de
1485 1274 95 56 illa
1544 1274 130 56 cecidit
1639 1274 83 56 aut
1686 1274 130 56 casurus
1780 1274 95 56 est,
1828 1274 47 56 ex

1071 1323 85 35 quo
1119 1323 97 35 Deus
1180 1323 133 35 Angelis
1276 1323 181 35 peccantibus
1421 1323 85 35 non
1469 1323 157 35 pepercit,
1590 1323 109 35 sicut
1663 1323 133 35 scribit
1747 1323 133 35 Apostolus

1067 1358 129 29 Petrus,
1161 1358 82 29 sed
1208 1358 164 29 carceribus
1337 1358 152 29 caliginis
1454 1358 129 29 inferni
1548 1358 152 29 retrudens
1665 1358 141 29 tradidit
1771 1358 70 29 in
1794 1358 82 29 judi¬-

1062 1391 88 32 cio
1113 1391 164 32 puniendos
1239 1391 176 32 reservari.
1377 1391 75 32 Et
1415 1391 101 32 cap.
1478 1391 252 32 sexagesimoprimo:
1691 1391 101 32 Haec
1754 1391 101 32 ergo
1805 1391 75 32 quae

1075 1419 129 33 sanctis
1169 1419 129 33 Angelis
1263 1419 59 33 &
1286 1419 164 33 virtutibus
1415 1419 82 33 Dei
1462 1419 82 33 est
1508 1419 152 33 Ecclesia,
1625 1419 94 33 tunc
1684 1419 105 33 nobis
1754 1419 117 33 sicuti
1824 1419 59 33 est

1073 1452 172 37 nnotescet,
1208 1452 98 37 quum
1269 1452 74 37 ei
1306 1452 159 37 conjuncti
1428 1452 147 37 fuerimus
1539 1452 74 37 in
1575 1452 123 37 finem,
1661 1452 74 37 ad
1698 1452 110 37 simul
1759 1452 123 37 habendam

1067 1480 200 40 beatitudinem
1229 1480 200 40 sempiternam.
1392 1480 100 40 Ista
1454 1480 100 40 vero
1517 1480 100 40 quae
1579 1480 75 40 ab
1617 1480 100 40 illa
1679 1480 200 40 peregrinatur
1829 1480 50 40 in

1060 1516 123 37 terris,
1149 1516 67 37 eo
1183 1516 101 37 nobis
1250 1516 112 37 notior
1328 1516 78 37 est
1373 1516 89 37 quod
1429 1516 67 37 in
1462 1516 89 37 illa
1518 1516 112 37 sumus,
1596 1516 56 37 &
1619 1516 89 37 quia
1675 1516 123 37 hominum
1764 1516 89 37 est,
1820 1516 89 37 quod

1070 1546 63 40 &
1096 1546 88 40 nos
1146 1546 126 40 sumus.
1234 1546 100 40 Haec
1296 1546 151 40 sanguine
1409 1546 176 40 Mediatoris
1548 1546 126 40 nullum
1635 1546 151 40 habentis
1736 1546 138 40 peccatum,

1069 1585 65 33 ab
1102 1585 86 33 omni
1155 1585 118 33 redemta
1242 1585 75 33 est
1285 1585 129 33 peccato,
1382 1585 118 33 ejusque
1468 1585 75 33 vox
1511 1585 86 33 est,
1565 1585 65 33 Si
1597 1585 86 33 Deus
1651 1585 75 33 pro
1694 1585 108 33 nobis,
1769 1585 86 33 quis
1812 1585 65 33 con¬-

1063 1621 79 30 tra
1108 1621 90 30 nos?
1164 1621 79 30 Qui
1209 1621 101 30 Filio
1276 1621 124 30 proprio
1366 1621 79 30 suo
1411 1621 79 30 non
1456 1621 146 30 pepercit,
1569 1621 79 30 sed
1613 1621 79 30 pro
1658 1621 101 30 nobis
1726 1621 124 30 omnibus
1805 1621 67 30 tra¬-

1067 1648 104 33 didit
1137 1648 116 33 illum.
1218 1648 81 33 Non
1265 1648 93 33 enim
1323 1648 81 33 pro
1369 1648 128 33 Angelis
1462 1648 128 33 mortuus
1555 1648 81 33 est
1601 1648 151 33 Christus.
1717 1648 81 33 Sed
1764 1648 93 33 ideo
1810 1648 58 33 et¬-

1074 1680 86 38 iam
1123 1680 86 38 pro
1172 1680 135 38 Angelis
1270 1680 86 38 sit
1319 1680 147 38 quicquid
1430 1680 135 38 hominum
1528 1680 86 38 per
1577 1680 98 38 ejus
1639 1680 123 38 mortem
1725 1680 160 38 redimitur
1835 1680 37 38 &

1062 1712 158 39 liberatur
1183 1712 61 39 a
1208 1712 109 39 malo,
1281 1712 134 39 quoniam
1378 1712 85 39 cum
1426 1712 85 39 eis
1475 1712 170 39 quodammodo
1609 1712 109 39 redit
1682 1712 73 39 in
1718 1712 122 39 gratia
1791 1712 85 39 post.

1066 1741 180 42 inimicitias
1210 1741 96 42 quas
1270 1741 108 42 inter
1341 1741 132 42 homines
1437 1741 60 42 &
1461 1741 132 42 sanctos
1557 1741 132 42 Angelos
1653 1741 132 42 peccata
1736 1741 132 42 fecerunt.

1074 1775 60 44 &
1098 1775 72 44 ex
1134 1775 96 44 ipsa
1194 1775 133 44 hominum
1291 1775 169 44 redemtione
1423 1775 120 44 ruinae
1508 1775 120 44 illius
1592 1775 145 44 Angelica
1700 1775 169 44 detrimenta
1821 1775 60 44 re¬

1052 1809 136 40 parantur.

1114 1840 138 40 Homines
1215 1840 138 40 electos
1316 1840 75 40 ad
1353 1840 113 40 vitam
1429 1840 151 40 aeternam
1542 1840 101 40 esse
1605 1840 126 40 membra
1693 1840 163 40 Ecclesiae
1806 1840 63 40 Ca¬-

1067 1863 120 46 tholicae
1157 1863 120 46 absolute
1247 1863 70 46 sic
1286 1863 110 46 dictae,
1366 1863 60 46 id
1396 1863 80 46 est,
1446 1863 130 46 civitatis
1546 1863 100 46 illius
1616 1863 140 46 coelestis,
1725 1863 90 46 extra
1775 1863 90 46 contro¬-

1074 1907 130 33 versiam
1169 1907 95 33 est.
1228 1907 83 33 Sed
1275 1907 83 33 non
1323 1907 107 33 omnes
1394 1907 130 33 homines
1488 1907 118 33 electi
1571 1907 71 33 ad
1607 1907 107 33 vitam
1678 1907 142 33 aeternam
1772 1907 107 33 statim¬-

1063 1938 96 48 sunt
1123 1938 96 48 actu
1183 1938 96 48 ejus
1243 1938 132 48 membra,
1338 1938 84 48 sed
1386 1938 72 48 ij
1422 1938 132 48 tantum,
1518 1938 84 48 qui
1566 1938 168 48 vocationis
1697 1938 156 48 coelestis
1805 1938 72 48 sunt

1065 1967 162 49 participes,
1195 1967 97 49 Hebr.
1260 1967 65 49 3.
1292 1967 65 49 v.
1314 1967 43 49 1.

1095 2004 106 44 Iique
1166 2004 129 44 singuli
1260 2004 94 44 sunt
1319 2004 129 44 puellae
1413 2004 82 44 seu
1460 2004 141 44 virgines
1565 2004 129 44 amantes
1659 2004 141 44 Christum
1765 2004 129 44 tanquam

1077 2038 115 45 ponsum
1158 2038 58 45 &
1181 2038 104 45 ipsum
1251 2038 150 45 sequentes
1366 2038 173 45 cupidissime
1504 2038 127 45 Cantic.
1597 2038 69 45 1.
1631 2038 69 45 v.
1666 2038 69 45 3.
1700 2038 104 45 Apoc.
1770 2038 81 45 14.
1816 2038 69 45 v.
1839 2038 46 45 4.

1100 2071 133 52 Tantum
1193 2071 80 52 de
1233 2071 160 52 Ecclesia
1352 2071 173 52 Catholica
1485 2071 160 52 absolute
1605 2071 133 52 dicta:
1698 2071 160 52 sequitur

1316 2142 273 51 CAPUT
1468 2142 122 51 IV

1154 2181 89 67 In
1199 2181 104 67 quo
1258 2181 89 67 de
1302 2181 178 67 Ecclesia
1436 2181 193 67 Catholica
1584 2181 178 67 secundum
1702 2181 89 67 quid

1397 2234 92 57 sic
1436 2234 105 57 dicta.

1063 2293 148 42 CCLESIA
1170 2293 175 42 Catholica
1304 2293 161 42 secundum
1425 2293 107 42 quid
1492 2293 134 42 dicta,
1586 2293 94 42 est
1640 2293 81 42 ea
1680 2293 175 42 Ecclesiae
1801 2293 67 42 Ca¬-

1075 2334 139 35 tholicae
1180 2334 104 35 pars,
1249 2334 93 35 quae
1307 2334 162 35 constituta
1435 2334 81 35 est
1482 2334 70 35 ex
1516 2334 151 35 hominibus
1632 2334 128 35 electis
1725 2334 70 35 ad
1760 2334 104 35 vitam
1818 2334 58 35 ae¬

1061 2367 103 36 ternam.

1109 2399 110 35 Eaque
1182 2399 195 35 consideratur
1341 2399 110 35 velut
1414 2399 110 35 totum
1487 2399 134 35 quoddam
1584 2399 171 35 universale
1719 2399 98 35 sive
1767 2399 98 35 essem¬-

1074 2425 103 40 tiale,
1146 2425 52 40 &
1167 2425 145 40 integrale:
1280 2425 83 40 ideo
1332 2425 103 40 partes
1404 2425 83 40 ejus
1456 2425 93 40 aliae
1518 2425 83 40 sunt
1569 2425 155 40 essentiales
1693 2425 93 40 aliae
1745 2425 124 40 integrales

1123 2460 171 39 Essentiales
1259 2460 114 39 partes
1339 2460 148 39 Ecclesiae
1452 2460 102 39 hujus
1521 2460 91 39 sunt
1577 2460 125 39 materia
1668 2460 57 39 &
1691 2460 102 39 forma
1748 2460 125 39 Ecclesioe

1067 2491 151 39 Materia,
1181 2491 88 39 est
1231 2491 138 39 humanum
1332 2491 126 39 genus:
1420 2491 126 39 forma,
1508 2491 88 39 est
1558 2491 138 39 relatio
1659 2491 101 39 sive
1722 2491 164 39 ordinatio
1835 2491 38 39 &

1079 2531 185 44 applicatio
1224 2531 106 44 ejus
1291 2531 79 44 ad
1330 2531 106 44 Deum
1396 2531 79 44 in
1436 2531 185 44 communione
1582 2531 146 44 Christi
1688 2531 93 44 per
1740 2531 159 44 Spiritum
1846 2531 40 44 &

1079 2555 114 46 verbum
1147 2555 91 46 ipsius

1101 2588 169 46 Integrales
1233 2588 108 46 hujus
1306 2588 157 46 Ecclesiae
1426 2588 120 46 partes
1511 2588 145 46 secundum
1619 2588 108 46 locum
1679 2588 193 46 distinguuntur.

1071 2624 85 38 cui
1119 2624 61 38 &
1144 2624 109 38 modus
1216 2624 158 38 adjunctus
1338 2624 97 38 est.
1398 2624 85 38 Nam
1447 2624 85 38 vel
1495 2624 109 38 adhuc
1568 2624 73 38 in
1604 2624 121 38 terris
1689 2624 97 38 est,
1750 2624 85 38 vel
1798 2624 85 38 jam
1835 2624 48 38 in

1074 2660 111 35 coelis.
1155 2660 91 35 Illa,
1216 2660 152 35 terrestris:
1337 2660 91 35 haec,
1398 2660 142 35 coelestis:
1509 2660 91 35 illa,
1570 2660 61 35 in
1601 2660 81 35 via;
1651 2660 91 35 haec,
1712 2660 61 35 in
1742 2660 111 35 patria:
1813 2660 61 35 illa

1072 2689 149 39 militans,
1186 2689 103 39 haec,
1255 2689 172 39 triumphans:
1393 2689 92 39 illa
1451 2689 172 39 imperfecta,
1589 2689 103 39 haec,
1658 2689 149 39 perfecta:
1773 2689 103 39 illa,
1830 2689 46 39 in

1083 2719 95 42 fieri:
1149 2719 86 42 haec,
1206 2719 57 42 in
1235 2719 86 42 facto
1282 2719 57 42 esse

1120 2741 88 45 Pars
1175 2741 143 45 Ecclesiae
1285 2741 165 45 Catholicae,
1418 2741 88 45 quae
1473 2741 66 45 in
1506 2741 110 45 terris
1583 2741 99 45 adhuc
1649 2741 165 45 colligitur,
1782 2741 66 45 κγ
1804 2741 77 45 συον¬-

1080 2774 106 44 δεχλο
1151 2774 177 44 strictiorem
1292 2774 106 44 etiam
1363 2774 141 44 Ecclesia
1469 2774 153 44 Catholica
1587 2774 130 44 dicitur
1682 2774 83 44 per
1729 2774 177 44 comparatio¬

1084 2821 78 38 nem
1129 2821 78 38 cum
1173 2821 78 38 iis
1218 2821 134 38 partibus
1319 2821 89 38 quae
1374 2821 67 38 in
1408 2821 89 38 orbe
1464 2821 134 38 terrarum
1564 2821 123 38 sparsae
1654 2821 101 38 sunt.

1135 2841 142 47 Ecclesia
1242 2841 154 47 Catholica
1361 2841 142 47 secundum
1468 2841 95 47 quid
1527 2841 107 47 dicta
1598 2841 83 47 est
1646 2841 71 47 ex
1681 2841 154 47 hominibus
1800 2841 83 47 vel
1836 2841 47 47 o¬-

1079 2883 115 46 mnium
1156 2883 166 46 temporum,
1283 2883 89 46 vel
1334 2883 115 46 unius
1398 2883 127 46 temporis

1107 2909 150 42 Ecclesia
1219 2909 162 42 Catholica
1344 2909 75 42 ex
1381 2909 162 42 hominibus
1506 2909 125 42 omnium
1593 2909 150 42 temporum
1705 2909 162 42 constans,
1818 2909 62 42 est

1079 2950 133 31 coetus
1172 2950 120 31 eorum
1252 2950 160 31 hominum,
1371 2950 106 31 quos
1438 2950 106 31 Deus
1504 2950 160 31 secundum
1624 2950 186 31 propositum
1757 2950 120 31 aeterna

1078 2979 169 40 electionis
1211 2979 96 40 inde
1271 2979 72 40 ab
1307 2979 121 40 initio
1392 2979 109 40 mundi
1464 2979 181 40 convocavit,
1609 2979 60 40 &
1633 2979 72 40 ad
1669 2979 109 40 sinem
1741 2979 109 40 usque
1802 2979 84 40 mundi

1072 3014 217 36 convocaturus
1249 3014 95 36 est
1303 3014 81 36 in
1343 3014 149 36 Christo
1452 3014 108 36 Jesu
1519 3014 81 36 ad
1560 3014 203 36 communionem
1722 3014 176 36 sanctorum
1844 3014 41 36 &

1087 3043 233 37 participationem
1283 3043 184 37 remissionis
1430 3043 184 37 peccatorum,
1577 3043 61 37 &
1601 3043 159 37 gloriosae
1712 3043 172 37 resurrectio¬-

1084 3079 74 36 nis
1127 3079 106 36 carnis
1201 3079 53 36 &
1222 3079 95 36 vitae
1286 3079 138 36 aeternae,
1392 3079 85 36 Rom.
1445 3079 64 36 8.
1476 3079 64 36 v.
1508 3079 74 36 28,
1551 3079 74 36 30.
1593 3079 85 36 Hebr
1646 3079 74 36 12.
1688 3079 95 36 vers.
1752 3079 74 36 22,
1794 3079 74 36 23.
1826 3079 53 36 ubi

1084 3110 158 48 appellatur
1208 3110 158 48 πενυγνοις,
1333 3110 79 48 hoc
1378 3110 91 48 est,
1435 3110 147 48 conventus
1548 3110 181 48 universalis,
1695 3110 57 48 &
1718 3110 136 48 Ecclesia
1808 3110 68 48 pri¬
