2063 3378
244 153 60 56 &
268 153 144 56 Calvinum
376 153 132 56 probare
472 153 144 56 nititur:
580 153 108 56 idque
652 153 168 56 parabolis,
784 153 108 56 aliis
856 153 168 56 Scripturae
976 153 96 56 testi¬-

252 193 134 49 moniis,
349 193 122 49 Patrum
435 193 220 49 autoritatibus,
618 193 159 49 exemplis,
740 193 134 49 ratione
838 193 61 49 &
850 193 159 49 incommodis.

307 217 160 57 Parabolas
430 217 136 57 adducit
529 217 148 57 quinque:
640 217 123 57 Primo,
726 217 99 57 ait,
787 217 173 57 comparatur
911 217 123 57 Ecclesia

243 256 118 47 Matth.
326 256 71 47 3.
361 256 71 47 v.
396 256 82 47 12.
443 256 118 47 arcae:
526 256 188 47 [Permundabit
679 256 106 47 aream
750 256 106 47 suam,
820 256 59 47 &
844 256 177 47 congregabit
973 256 71 47 tri¬-

244 286 112 48 ticum
318 286 75 48 in
356 286 137 48 horreum
455 286 112 48 suum,
530 286 124 48 paleas
617 286 112 48 autem
692 286 149 48 comhuret
804 286 100 48 igni
853 286 187 48 inextinguibi.

244 320 78 47 di.
289 320 146 47 ]Subjicit
401 320 179 47 Bellarminus:
546 320 101 47 Certe
613 320 112 47 nomine
692 320 101 47 areae
759 320 78 47 non
804 320 112 47 potest
882 320 146 47 intelligi
983 320 56 47 nis

252 362 142 47 Ecclesia
359 362 71 47 in
394 362 83 47 qua
442 362 107 47 tamen
513 362 178 47 inveniuntur
655 362 130 47 paleae,
749 362 95 47 quae
808 362 71 47 si
844 362 178 47 comburentur
974 362 71 47 igna

252 391 211 50 inextingutibili,
432 391 95 50 certe
495 391 74 50 non
537 391 158 50 significant
653 391 95 50 electos

276 428 111 44 RESP.
350 428 198 44 Argumentatio
511 428 111 44 talis
585 428 136 44 fuerit:

294 442 100 61 Quod
356 442 175 61 comparatur
493 442 112 61 areae
568 442 75 61 in
606 442 87 61 qua
656 442 187 61 inveniuntur
806 442 125 61 paleae
893 442 100 61 quae
956 442 162 61 comburen¬

249 482 78 49 tur
294 482 89 49 igni
349 482 213 49 inextinguibili,
528 482 78 49 ibi
573 482 78 49 non
618 482 89 49 sunt
674 482 112 49 tantum
752 482 123 49 electi,
842 482 78 49 sed
886 482 101 49 etiam
942 482 101 49 reprobi

283 515 70 47 At
318 515 139 47 Ecclesia
423 515 163 47 comparatur
551 515 116 47 areae,
632 515 70 47 in
667 515 81 47 qua
713 515 174 47 inveniuntur
853 515 116 47 paleae
934 515 93 47 quae
980 515 70 47 com¬-

253 553 151 46 hiirentur
369 553 93 46 igni
416 553 197 46 inextinguibili:

284 575 90 51 Ergo
340 575 67 51 in
373 575 134 51 Ecclesia
474 575 78 51 non
519 575 90 51 sunt
575 575 112 51 tantum
654 575 123 51 electi,
743 575 78 51 sed
788 575 101 51 etiam
844 575 112 51 reprobi.

279 610 70 52 At
314 610 105 52 primo
384 610 105 52 totum
454 610 105 52 damus
523 610 70 52 de
558 610 174 52 particulari
698 610 139 52 Ecclesia
802 610 186 52 intellectum:
953 610 70 52 in
976 610 70 52 quae

242 647 175 46 inveniuntur
382 647 116 46 mistae
464 647 82 46 cum
510 647 128 46 tritico
603 647 128 46 paleae,
697 647 82 46 imo
743 647 116 46 plures
825 647 105 46 saepe
895 647 128 46 paleae,
976 647 70 46 quam

243 677 161 48 triticum.
367 677 87 48 Sic
416 677 112 48 autem
491 677 112 48 nihil
565 677 74 48 ad
602 677 136 48 rhombum
702 677 199 48 argumentatio
863 677 99 48 ista
925 677 149 48 faceret,

249 715 100 48 quum
311 715 87 48 non
361 715 75 48 de
398 715 187 48 particulari
548 715 137 48 aliqua,
647 715 87 48 sed
697 715 75 48 de
734 715 174 48 universali
872 715 125 48 omnium
946 715 100 48 tempo¬-

252 748 77 46 rum
296 748 133 46 Ecclesia
396 748 77 46 jam
440 748 177 46 controversia
584 748 88 46 sit.

302 773 151 46 Secundo,
415 773 75 46 si
453 773 151 46 assumtio
566 773 75 46 de
604 773 163 46 Catholica
729 773 126 46 omnium
817 773 151 46 temporum
917 773 126 46 Ecclesia

259 818 181 38 ntelligatur,
405 818 79 38 tum
451 818 102 38 falsa
518 818 90 38 est:
575 818 79 38 nam
620 818 68 38 in
654 818 68 38 ea
688 818 113 38 nullae
767 818 169 38 inveniuntur
902 818 124 38 paleae.
981 818 68 38 Pro¬-

242 847 104 36 batio
312 847 104 36 autem
381 847 69 36 ex
416 847 139 36 parabola
520 847 139 36 Johannis
624 847 162 36 Baptistae,
751 847 116 36 Matth.
832 847 69 36 3.
867 847 69 36 v.
901 847 81 36 12.
936 847 104 36 adducta

242 885 85 33 est
291 885 110 33 plane
364 885 171 33 ἐξαγανιος.
498 885 85 33 Per
546 885 110 33 aream
620 885 97 33 enim
680 885 171 33 intelligit
814 885 146 33 Johannes
912 885 134 33 Baptista¬-

247 908 87 42 non
296 908 162 42 Ecclesiam
421 908 187 42 Catholicam,
570 908 87 42 sed
620 908 199 42 particularem
782 908 162 42 Ecclesiam
894 908 149 42 Israelitis

256 950 97 34 cam,
317 950 85 34 seu
365 950 134 34 populum
462 950 206 34 Israeliticum:
632 950 109 34 idque
705 950 109 34 patet
778 950 73 34 ex
814 950 158 34 contextu.
936 950 85 34 Nam
972 950 73 34 quum

243 975 142 43 vidisset
350 975 142 43 Johannes
456 975 142 43 Baptista
563 975 118 43 multos
646 975 71 43 ex
681 975 166 43 Pharisaeis
811 975 59 43 &
835 975 166 43 Sadducaeis
953 975 95 43 venire

243 1009 75 37 ad
280 1009 162 37 Baptismum
405 1009 112 37 suum,
479 1009 162 37 viperinam
604 1009 112 37 ipsis
679 1009 150 37 malitiam
791 1009 187 37 exprobrans,
940 1009 62 37 &
953 1009 87 37 admi¬-

244 1039 90 45 tans
300 1039 90 45 quis
357 1039 102 45 ipsis
425 1039 226 45 praemonstrasset,
617 1039 68 45 ut
651 1039 57 45 a
673 1039 124 45 ventura
764 1039 79 45 ira
809 1039 147 45 fugerent,
922 1039 90 45 quae
967 1039 79 45 paule

254 1076 101 34 post
318 1076 89 34 per
368 1076 139 34 Romanos
469 1076 152 34 excidium
583 1076 101 34 urbi
647 1076 215 34 Jerosolymorum
824 1076 63 34 &
849 1076 139 34 templo;
950 1076 76 34 ob
976 1076 63 34 no¬-

246 1104 135 44 agnitum
344 1104 196 44 visitationis
504 1104 135 44 tempus,
602 1104 98 44 erat
663 1104 160 44 allatura,
786 1104 147 44 hortatur
897 1104 86 44 eos
946 1104 74 44 ad
982 1104 123 44 seriam
1056 1104 37 44 D

250 1147 219 35 resipiscentiam,
435 1147 127 35 admonet
527 1147 69 35 ne
561 1147 161 35 superbiant
688 1147 161 35 nobilitate
815 1147 127 35 carnis,
907 1147 92 35 quod
953 1147 92 35 secun¬-

252 1171 89 40 dum
303 1171 127 40 carnem
392 1171 114 40 patre
468 1171 153 40 Abrahamo
583 1171 140 40 oriundi
684 1171 140 40 essent:
786 1171 140 40 minatur
888 1171 153 40 excidium
989 1171 64 40 il¬-

243 1206 97 37 lud,
304 1206 97 37 quod
365 1206 85 37 per
413 1206 134 37 Romanos
511 1206 97 37 isti
571 1206 110 37 genti
644 1206 122 37 postea
730 1206 134 37 illatum
827 1206 97 37 est.
888 1206 183 37 Comminatio¬

250 1232 82 42 nem
297 1232 152 42 illustrat
414 1232 129 42 duplici
508 1232 199 42 similitudine;
672 1232 117 42 quarum
753 1232 105 42 prior
824 1232 82 42 est
870 1232 117 42 sumpta
952 1232 70 42 ab
976 1232 70 42 hor¬-

243 1273 133 39 tulano,
339 1273 157 39 posterior
460 1273 72 39 ab
496 1273 157 39 agricola.
617 1273 84 39 Nam
665 1273 72 39 ut
701 1273 169 39 hortulanus
834 1273 193 39 infrugiferam
979 1273 60 39 at¬-

250 1305 107 37 borem
321 1305 118 37 tandem
404 1305 142 37 excidit,
510 1305 59 37 &
534 1305 71 37 in
570 1305 107 37 ignem
641 1305 142 37 abjicit:
747 1305 83 37 ita
795 1305 130 37 minatur
889 1305 142 37 Johannes
984 1305 59 37 fo¬-

252 1336 74 39 re
289 1336 74 39 ut
325 1336 98 39 Deus
387 1336 172 39 incredulam
522 1336 160 39 Judaeorum
645 1336 123 39 gentem
731 1336 135 39 excidat
829 1336 61 39 &
854 1336 135 39 perdat:
952 1336 86 39 qua
989 1336 61 39 si¬-

241 1372 162 36 militudine
369 1372 104 36 etiam
438 1372 69 36 de
473 1372 127 36 Judaeis
565 1372 150 36 Christus,
681 1372 93 36 Luc.
739 1372 81 36 23.
785 1372 93 36 ver.
843 1372 69 36 1.
878 1372 58 36 &
901 1372 116 36 Paulus
971 1372 69 36 Rom.

246 1406 83 41 II.
293 1406 94 41 usus
352 1406 94 41 est.
411 1406 130 41 Deinde,
506 1406 71 41 ut
541 1406 142 41 Johannes
648 1406 142 41 Baptista
754 1406 153 41 orationem
872 1406 94 41 suam
931 1406 106 41 gravi
990 1406 47 41 re

243 1441 176 38 prehensione
384 1441 129 38 coepit,
478 1441 82 38 ita
525 1441 59 38 &
549 1441 129 38 minarum
643 1441 164 38 severitate
772 1441 164 38 concludit,
901 1441 59 38 &
913 1441 129 38 similitur

249 1467 99 42 dine
310 1467 160 42 agricolae
433 1467 148 42 triticum
544 1467 99 42 suum
606 1467 172 42 purgantis,
741 1467 148 42 judicium
852 1467 86 42 Dei
901 1467 99 42 quod
951 1467 99 42 populo

241 1498 136 49 Judaico
340 1498 161 49 imminebat
463 1498 74 49 ob
501 1498 124 49 oculos
587 1498 124 49 ponit.
674 1498 87 49 Per
723 1498 111 49 aream
798 1498 99 49 enim
859 1498 173 49 intelligit
983 1498 62 49 po¬-

245 1535 114 43 pulum
321 1535 164 43 Judaicum;
447 1535 88 43 per
498 1535 152 43 horreum,
612 1535 126 43 regnum
700 1535 101 43 Dei,
763 1535 88 43 per
814 1535 202 43 ventilabrum,
965 1535 76 43 ser¬-

251 1570 114 37 monem
328 1570 127 37 regni;
417 1570 89 37 per
468 1570 204 37 purgationem,
633 1570 204 37 separationem
798 1570 64 37 &
811 1570 229 37 discriminationem

243 1605 169 33 credentium
376 1605 157 33 Judaeorum
497 1605 72 33 ab
533 1605 181 33 incredulis,
678 1605 85 33 per
726 1605 157 33 triticum,
847 1605 97 33 vere
907 1605 133 33 fideles
992 1605 60 33 Ju¬-

250 1630 113 44 daeos,
329 1630 102 44 veros
396 1630 158 44 Israelitas
521 1630 68 44 in
555 1630 113 44 quibus
634 1630 102 44 dolus
701 1630 79 44 non
746 1630 90 44 est,
803 1630 68 44 ut
837 1630 68 44 de
871 1630 158 44 Nathanaele
984 1630 56 44 Do¬-

247 1668 103 38 minus
315 1668 148 38 testatur,
429 1668 114 38 Johan.
509 1668 69 38 1.
544 1668 91 38 ver.
601 1668 80 38 48.
646 1668 80 38 per
692 1668 126 38 paleam,
783 1668 126 38 externa
875 1668 114 38 tantum
955 1668 103 38 larva
1012 1668 34 38 &

250 1695 124 38 nomine,
340 1695 79 38 vel
385 1695 113 38 titulo
464 1695 102 38 tenus
532 1695 169 38 Israelitas,
667 1695 79 38 sed
712 1695 113 38 reipsa
791 1695 135 38 reprobos
893 1695 56 38 &
904 1695 147 38 incredulos;

268 1733 75 40 er
305 1733 125 40 ignem,
392 1733 125 40 bellum
480 1733 62 40 a
505 1733 137 40 Romanis
605 1733 187 40 inferendum,
755 1733 87 40 quo
805 1733 137 40 penitus
905 1733 137 40 vastari
992 1733 50 40 de

250 1764 100 36 buit
312 1764 100 36 urbs
374 1764 212 36 Jerosolymorum
548 1764 87 36 cum
598 1764 137 36 templo,
698 1764 62 36 &
722 1764 124 36 deleri
810 1764 137 36 politia
909 1764 137 36 Mofaica
996 1764 50 36 i1

254 1794 182 37 Palestina.
397 1794 91 37 Jam
449 1794 104 37 enim
513 1794 130 37 tempus
604 1794 169 37 advenerat
734 1794 156 37 probandi
851 1794 78 37 ac
876 1794 182 37 discernendi.

244 1830 160 41 Israelis,
367 1830 99 41 quod
429 1830 99 41 post
490 1830 160 41 Evangelij
614 1830 222 41 praedicationem
799 1830 123 41 factum
885 1830 99 41 est:
947 1830 86 41 per
984 1830 74 41 quam

247 1870 157 35 patefactum
370 1870 90 35 est,
427 1870 79 35 qui
472 1870 101 35 veri,
539 1870 79 35 qui
584 1870 101 35 falsi
652 1870 124 35 fuerint
741 1870 169 35 Israelitae.
876 1870 67 35 Ad
910 1870 90 35 quam
955 1870 90 35 respe¬-

243 1892 85 38 xit
292 1892 122 38 Simeon
377 1892 85 38 Luc
425 1892 73 38 2.
462 1892 134 38 dicens,
559 1892 85 38 Hic
608 1892 134 38 positus
705 1892 85 38 est
754 1892 73 38 in
790 1892 122 38 ruinam
876 1892 61 38 &
900 1892 73 38 in
924 1892 122 38 resurre¬-

243 1929 135 39 ctionem
341 1929 148 39 multorum
452 1929 74 39 in
489 1929 135 39 Israel,
587 1929 62 39 &
612 1929 74 39 in
649 1929 123 39 signum
735 1929 86 39 cui
784 1929 209 39 contradicitur
957 1929 74 39 ut
981 1929 62 39 res

249 1961 140 38 velentur
354 1961 70 38 ex
389 1961 117 38 multis
471 1961 140 38 cordibus
576 1961 198 38 cogitationes.
739 1961 82 38 Hoc
786 1961 82 38 est
832 1961 93 38 quod
890 1961 140 38 Christus
984 1961 58 38 di¬-

244 1993 88 41 xit,
299 1993 88 41 Luc.
354 1993 77 41 12.
398 1993 66 41 v.
431 1993 77 41 51.
475 1993 66 41 se
508 1993 77 41 non
552 1993 110 41 pacem,
629 1993 77 41 sed
674 1993 176 41 separationem
817 1993 132 41 afferre.
916 1993 77 41 Sic
949 1993 88 41 parabo

253 2022 88 43 lam
303 2022 100 43 hanc
365 2022 150 43 nobiscum
478 2022 150 43 explicat
590 2022 175 43 Augustinus
728 2022 138 43 septimo
828 2022 113 43 tomo,
903 2022 75 43 in
928 2022 113 43 Psalmi.

252 2056 122 35 contra
337 2056 122 35 partem
422 2056 134 35 Donati:
520 2056 110 35 Omnis
593 2056 85 35 qui
641 2056 170 35 Scripturas
775 2056 122 35 legit,
860 2056 110 35 novit
933 2056 97 35 quod
982 2056 61 35 vos

254 2089 69 45 lo
288 2089 137 45 aperire.
391 2089 126 45 Ioannes
482 2089 137 45 Baptista
585 2089 103 45 dixit
654 2089 92 45 tunc
711 2089 69 45 ad
746 2089 126 45 Iudaeos
837 2089 126 45 aperte,
929 2089 92 45 quod
974 2089 69 45 illo

250 2125 132 39 tanquam
346 2125 108 39 aream
418 2125 96 39 suam
477 2125 144 39 Christus
585 2125 120 39 posset
669 2125 168 39 ventilare.
801 2125 108 39 Misit
872 2125 72 39 in
908 2125 120 39 messem
980 2125 72 39 ope¬-

250 2154 108 38 rarios
326 2154 151 38 discipulos
445 2154 162 38 praedicare:
574 2154 76 38 Per
618 2154 86 38 quos
672 2154 86 38 area
726 2154 130 38 collecta
823 2154 86 38 est,
877 2154 54 38 &
899 2154 140 38 ventilata
996 2154 43 38 ae

247 2188 123 42 cruce.
333 2188 99 42 Tunc
395 2188 111 42 Iusti
469 2188 136 42 tanquam
568 2188 160 42 frumentum
691 2188 160 42 Ecclesias
814 2188 185 42 impleverunt
950 2188 99 42 caste.

252 2219 156 38 Vendentes
372 2219 84 38 qui
420 2219 192 38 possidebant,
576 2219 60 38 &
600 2219 108 38 mundo
671 2219 144 38 dicentes
779 2219 108 38 vale.
851 2219 96 38 Illi
911 2219 132 38 tanquam
995 2219 60 38 se¬-

250 2258 79 37 men
295 2258 113 37 erant,
374 2258 90 37 quod
431 2258 90 37 toto
487 2258 147 37 dispersum
600 2258 79 37 est
645 2258 102 37 orbe,
713 2258 68 37 Vt
747 2258 90 37 alia
803 2258 136 37 surgeret
905 2258 124 37 messis,
984 2258 68 37 quae

255 2289 160 37 ventilanda
380 2289 80 37 est
426 2289 68 37 in
460 2289 103 37 fine.
529 2289 91 37 Haec
586 2289 126 37 crescit
677 2289 103 37 inter
745 2289 137 37 zigania,
848 2289 91 37 quia
905 2289 91 37 sunt
951 2289 114 37 haereses

252 2315 138 39 ubique,
353 2315 113 39 Hujus
428 2315 113 39 palea
503 2315 100 39 sunt
566 2315 150 39 injusti,
679 2315 88 39 qui
729 2315 88 39 non
779 2315 100 39 sunt
842 2315 75 39 in
879 2315 150 39 unitate.
980 2315 75 39 Quum

256 2344 112 49 igitur
334 2344 134 49 Assumtio
435 2344 67 49 de
468 2344 134 49 Ecclesia
569 2344 145 49 Catholica
681 2344 157 49 intellecta
804 2344 101 49 falsa
871 2344 89 49 sit,
927 2344 101 49 falsa
983 2344 78 49 etiam

257 2382 73 41 est
298 2382 146 41 conclusio.

1089 2422 79 37 at
1128 2422 118 37 locus
1207 2422 105 37 ille
1273 2422 105 37 agit
1338 2422 79 37 de
1378 2422 144 37 omnibus
1483 2422 131 37 omnino
1575 2422 171 37 hominibus
1706 2422 92 37 qui
1758 2422 131 37 unquam
1837 2422 79 37 fue¬-

255 2447 132 42 paratur
351 2447 132 42 sagenae
447 2447 108 42 misse
519 2447 72 42 in
555 2447 108 42 mare,
627 2447 72 42 ex
664 2447 96 42 omni
724 2447 120 42 genere
808 2447 132 42 piscium
892 2447 168 42 congreganti,

256 2479 127 45 quorum
345 2479 127 45 tandem
434 2479 127 45 aliqui
523 2479 165 45 mittuntur
649 2479 76 45 in
687 2479 139 45 caminum
789 2479 127 45 ignis,
878 2479 89 45 qui
928 2479 114 45 certe
992 2479 63 45 non

261 2509 92 44 erant
322 2509 61 44 de
342 2509 173 44 praedestinatios

290 2533 116 54 RESP.
367 2533 206 54 Argumentatio
535 2533 116 54 talis
599 2533 77 54 erit

306 2566 98 48 Quod
367 2566 172 48 comparatur
502 2566 135 48 sagenae
601 2566 111 48 misse
674 2566 74 48 in
711 2566 98 48 mari
772 2566 74 48 ex
809 2566 98 48 omni
871 2566 123 48 genere
944 2566 111 48 piscium

254 2608 176 42 congreganti
395 2608 106 42 bonos
466 2608 59 42 &
489 2608 129 42 putres:
583 2608 94 42 ejus
642 2608 118 42 membra
724 2608 82 42 non
771 2608 94 42 sunt
830 2608 118 42 tantum
912 2608 129 42 electi,
1006 2608 82 42 sed

258 2638 104 47 etiam
315 2638 115 47 reprobi.

285 2669 71 51 At
321 2669 142 51 Ecclesia
427 2669 153 51 Catholica
545 2669 165 51 comparatur
675 2669 130 51 sagenae
769 2669 118 51 missae
852 2669 71 51 in
887 2669 106 51 mari,
958 2669 71 51 ex
981 2669 83 51 omni¬-

263 2708 120 45 genere
347 2708 133 45 piscium
444 2708 181 45 congreganti
588 2708 108 45 bonos
661 2708 60 45 &
673 2708 108 45 putres:

289 2738 85 41 Ergo.

309 2774 75 36 At
346 2774 150 36 assumtio
458 2774 112 36 falsa
533 2774 100 36 est.
596 2774 87 36 Nam
646 2774 150 36 Christus
758 2774 87 36 non
808 2774 162 36 Ecclesiam
920 2774 150 36 Catholicam

260 2798 143 49 sagenae,
367 2798 83 49 seu
415 2798 155 49 verriculo
534 2798 155 49 comparat,
653 2798 83 49 sed
701 2798 214 49 praedicationem
879 2798 167 49 Evangelij.
999 2798 71 49 Haec

264 2835 97 39 gnim
324 2835 85 39 est
373 2835 97 39 rete
433 2835 182 39 Evangelicum
579 2835 61 39 &
603 2835 157 39 primarium
724 2835 182 39 piscationis
869 2835 182 39 Apostolicae
1002 2835 61 39 in¬-

273 2867 186 33 atrumentum.
422 2867 74 33 Ut
459 2867 99 33 enim
521 2867 112 33 ipsos
595 2867 161 33 Apostolos
719 2867 149 33 Christus
831 2867 137 33 nominat
918 2867 149 33 piscatores

275 2899 115 42 ominum
355 2899 115 42 Matth.
435 2899 69 42 4.
469 2899 69 42 v.
504 2899 80 42 17.
550 2899 80 42 Ita
595 2899 80 42 hoc
641 2899 92 42 loco
699 2899 115 42 docet,
779 2899 115 42 regnum
859 2899 149 42 coelorum,
974 2899 69 42 id
997 2899 57 42 est

271 2932 208 39 praedicationem
444 2932 150 39 Evangelij
560 2932 92 39 esse
617 2932 115 39 instar
698 2932 127 39 sagenae
790 2932 58 39 &
813 2932 115 39 retis,
894 2932 81 39 quo
940 2932 81 39 non
975 2932 92 39 tantum

289 2964 113 38 conii,
368 2964 68 38 si
401 2964 124 38 deciani
492 2964 90 38 mali
548 2964 135 38 vocantur
649 2964 56 38 &
672 2964 180 38 congregantur
818 2964 68 38 in
852 2964 101 38 mari,
920 2964 79 38 hoc
965 2964 90 38 est,
1010 2964 56 38 non

286 2997 108 35 cantum
362 2997 65 35 in
394 2997 97 35 unius
459 2997 119 35 Judaeae
545 2997 151 35 angustiis,
664 2997 75 35 sed
707 2997 65 35 in
739 2997 129 35 universo
825 2997 65 35 orbo

317 3030 155 44 Iuss.mtia:
438 3030 66 44 At
472 3030 99 44 vers.
538 3030 77 44 47.
582 3030 110 44 regnum
659 3030 133 44 coelorum
759 3030 121 44 dicitur
847 3030 88 44 esse
902 3030 110 44 simile
969 3030 99 44 sagenae

286 3051 111 62 fect,.
364 3051 67 62 in
397 3051 100 62 mare.
464 3051 89 62 Ergo
519 3051 78 62 non
564 3051 167 62 praedicatio
697 3051 156 62 Evangelij,
820 3051 78 62 sed
864 3051 133 62 Ecclesia
964 3051 122 62 sagenae
1053 3051 78 62 si¬

298 3084 73 47 Filis
338 3084 49 47 est.

1136 147 155 54 RESPON.
1249 147 141 54 Regnum
1348 147 184 54 coelorum,
1489 147 113 54 item
1560 147 141 54 Regnum
1659 147 113 54 Dei,
1729 147 170 54 δμωγυμως
1842 147 57 54 iι

1093 180 148 51 scriptura
1206 180 114 51 variis
1286 180 68 51 de
1320 180 102 51 rebus
1389 180 194 51 intelligitur:
1548 180 137 51 interdum
1651 180 68 51 de
1685 180 114 51 coelo,
1764 180 137 51 interdum
1855 180 46 51 de

1090 219 154 47 Ecclesia
1205 219 90 47 Dei
1257 219 102 47 post
1321 219 141 47 Christi
1423 219 128 47 plenam
1513 219 243 47 manifestationem
1718 219 90 47 sub
1756 219 154 47 Evangelio;

1088 252 160 48 interdum
1208 252 80 48 de
1248 252 173 48 Evangelij
1381 252 227 48 praedicatione
1568 252 93 48 per
1621 252 107 48 quam
1688 252 160 48 Christus
1794 252 107 48 regnum

1099 285 90 42 suum
1155 285 192 42 spiritualiter
1313 285 124 42 exercet
1403 285 68 42 in
1437 285 135 42 electis,
1539 285 56 42 &
1561 285 113 42 eosdem
1640 285 68 42 ad
1674 285 113 42 regnum
1753 285 135 42 coeleste
1844 285 56 42 seu

1097 327 114 43 gloriae
1180 327 146 43 praepatat,
1294 327 104 43 Matth.
1367 327 83 43 cap.
1419 327 73 43 12.
1461 327 94 43 vers.
1523 327 73 43 28.
1565 327 52 43 &
1586 327 83 43 cap.
1638 327 73 43 13.
1679 327 94 43 vers.
1742 327 73 43 11.
1784 327 52 43 &
1804 327 83 43 cap.
1846 327 52 43 16.

1090 359 102 35 vers.
1158 359 80 35 19.
1203 359 57 35 &
1226 359 91 35 cap.
1283 359 80 35 19.
1329 359 102 35 vers.
1397 359 80 35 12.
1442 359 57 35 &
1465 359 91 35 cap.
1522 359 80 35 20.
1568 359 102 35 vers.
1636 359 80 35 43.
1681 359 80 35 Hoc
1727 359 137 35 postremo
1818 359 91 35 signi¬-

1091 378 113 41 ficato
1170 378 101 41 etiam
1237 378 68 41 in
1271 378 79 41 hac
1316 378 135 41 parabola
1406 378 135 41 accipitur?

1149 411 117 46 TERTIA
1231 411 140 46 parabola
1336 411 82 46 est
1383 411 117 46 Matth.
1465 411 82 46 22.
1511 411 105 46 vers.
1582 411 70 46 1.
1617 411 58 46 &
1640 411 187 46 sequentibus,
1792 411 82 46 ubi
1839 411 82 46 Ec¬

1084 453 127 41 clesia
1173 453 178 41 comparatur
1314 453 153 41 convivio
1428 453 166 41 nuptiali,
1556 453 76 41 ad
1594 453 102 41 quod
1658 453 191 41 introierunt
1811 453 102 41 boni
1862 453 38 41 &

1085 485 112 35 mali,
1159 485 62 35 &
1184 485 124 35 postea
1271 485 99 35 mali
1333 485 87 35 non
1382 485 149 35 habentes
1494 485 124 35 vestem
1581 485 161 35 nuptialem
1705 485 198 35 projiciuntur
1853 485 50 35 in

1093 521 148 40 tenebras
1204 521 185 40 exteriores,
1352 521 62 40 &
1377 521 99 40 ideo
1439 521 161 40 concludit
1562 521 148 40 Dominus:
1673 521 111 40 multi
1747 521 99 40 sunt
1797 521 111 40 vocati,

1091 553 172 42 paucielecti,
1231 553 65 42 id
1263 553 86 42 est,
1317 553 97 42 multi
1382 553 86 42 sunt
1435 553 65 42 in
1468 553 140 42 Ecclesia,
1575 553 86 42 quae
1629 553 75 42 est
1672 553 118 42 vocatio
1758 553 129 42 quaedam,
1844 553 54 42 sit

1098 579 69 39 ve
1133 579 116 39 coetus
1214 579 162 39 vocatorum,
1341 579 81 39 qui
1388 579 104 39 tamen
1457 579 81 39 non
1503 579 93 39 sunt
1561 579 69 39 de
1584 579 116 39 electis,

1118 611 146 40 RESPON.
1224 611 120 40 Talis
1304 611 93 40 est
1357 611 226 40 argumentatio¬

1121 644 103 44 Quod
1186 644 181 44 comparatur
1328 644 155 44 convivio
1444 644 168 44 nuptiali,
1573 644 77 44 ad
1611 644 103 44 quod
1676 644 206 44 introiverunt
1831 644 77 44 bone

1090 679 63 35 &
1116 679 113 35 mali,
1191 679 88 35 &c.
1242 679 101 35 ejus
1305 679 126 35 membra
1393 679 88 35 non
1443 679 101 35 sunt
1506 679 126 35 tantum
1594 679 139 35 electi,
1695 679 88 35 sed
1745 679 113 35 etiam
1808 679 101 35 repro¬-

1099 712 84 37 bi:
1147 712 72 37 At
1183 712 144 37 Ecclesia
1291 712 156 37 Catholica
1411 712 168 37 comparatur
1543 712 144 37 convivio
1651 712 108 37 tali:
1723 712 108 37 Ergo,
1783 712 60 37 &c.

1146 745 125 47 Primo,
1234 745 138 47 Negatur
1334 745 163 47 assumtio:
1460 745 100 47 nam,
1522 745 88 47 non
1573 745 163 47 Ecclesia,
1698 745 88 47 sed
1748 745 125 47 gratia
1823 745 88 47 Evan¬-

1094 780 106 44 gelij
1165 780 165 44 comparatur
1294 780 141 44 convivio
1400 780 153 44 nuptiali.
1517 780 141 44 Ecclesia
1623 780 94 44 enim
1682 780 82 44 non
1729 780 94 44 sunt
1788 780 106 44 ipsae
1846 780 59 44 nu¬-

1103 811 112 36 ptiae;
1181 811 78 36 sed
1226 811 112 36 vocati
1304 811 67 36 ad
1337 811 134 36 nuptias,
1438 811 56 36 &
1460 811 145 36 venientes
1572 811 67 36 ad
1605 811 78 36 eas
1650 811 89 36 sunt
1706 811 145 36 Ecclesia,
1818 811 56 36 &
1840 811 89 36 qui¬

1091 844 83 37 dem
1139 844 154 37 visibilis
1257 844 154 37 Ecclesia,
1376 844 71 37 in
1411 844 83 37 qua
1459 844 95 37 boni
1518 844 59 37 &
1542 844 95 37 mali
1601 844 107 37 sunt:
1672 844 130 37 Deinde,
1767 844 83 37 non
1814 844 119 37 sequi¬

1104 879 99 34 tur,
1166 879 99 34 Mali
1228 879 99 34 sunt
1290 879 124 34 membra
1377 879 161 34 Ecclesiae
1501 879 223 34 adspectabilis:
1687 879 99 34 Ergo
1749 879 112 34 etiam
1811 879 99 34 Catho¬

1082 907 79 42 licae.

1134 938 170 56 Instantia.
1267 938 73 56 At
1304 938 73 56 in
1340 938 146 56 Ecclesia
1449 938 97 56 sunt
1510 938 85 56 non
1558 938 146 56 habentes
1667 938 121 56 vestem
1752 938 170 56 nuptialem,
1874 938 36 56 &

1094 978 78 40 qui
1139 978 89 40 sunt
1194 978 145 40 ejiciendi
1306 978 67 40 in
1340 978 134 40 tenebras
1429 978 145 40 exteriores.

1136 1005 128 46 RESPON.
1229 1005 93 46 sunt
1287 1005 70 46 in
1322 1005 139 46 Ecclesia
1426 1005 139 46 visibili
1530 1005 81 46 seu
1577 1005 185 46 particulari:
1728 1005 81 46 sed
1774 1005 81 46 non
1820 1005 70 46 in
1843 1005 70 46 illa

1081 1037 127 45 invisibili

1135 1069 148 45 Instantia
1248 1069 102 45 alia.
1316 1069 102 45 vers.
1385 1069 80 45 14.
1430 1069 136 45 dicitur:
1532 1069 102 45 Multi
1600 1069 91 45 sunt
1657 1069 125 45 vocati,
1748 1069 102 45 pauci
1805 1069 102 45 electi:

1087 1105 99 42 Ergo
1148 1105 87 42 non
1198 1105 124 42 tantum
1284 1105 124 42 electi
1371 1105 99 42 sunt
1433 1105 161 42 Ecclesiae
1556 1105 161 42 Catholica
1668 1105 111 42 membra.

1121 1134 130 46 RESPON.
1215 1134 165 46 Propositio
1345 1134 118 46 omissa
1427 1134 82 46 est
1474 1134 118 46 falsa,
1557 1134 71 46 si
1592 1134 200 46 universaliter
1757 1134 177 46 accipiatur,

1095 1171 123 40 nempe,
1181 1171 111 40 omnes
1255 1171 123 40 vocati
1341 1171 99 40 sunt
1403 1171 123 40 membra
1489 1171 160 40 Ecclesiae
1600 1171 172 40 Catholicae.,

1149 1198 75 49 I.
1186 1198 100 49 Quia
1248 1198 87 49 non
1298 1198 112 49 omnes
1373 1198 125 49 vocati
1461 1198 100 49 sunt
1523 1198 125 49 membra
1610 1198 162 49 Ecclesiae
1723 1198 187 49 particularis,

1105 1237 92 41 quia
1162 1237 103 41 multi
1231 1237 115 41 vocati
1311 1237 126 41 prorsus
1403 1237 115 41 nolunt
1483 1237 126 41 venire,
1575 1237 69 41 ut
1609 1237 92 41 haec
1666 1237 92 41 ipsa
1724 1237 138 41 parabola
1815 1237 92 41 testa¬-

1103 1272 96 37 tur:
1163 1272 132 37 quomodo
1258 1272 120 37 igitur
1342 1272 96 37 sint
1402 1272 120 37 membra
1486 1272 155 37 Ecclesiae
1605 1272 179 37 Catholicae,
1749 1272 84 37 qui
1796 1272 72 37 ne
1820 1272 84 37 visi¬-

1102 1305 106 38 bilis
1173 1305 118 38 quidem
1255 1305 153 38 Ecclesiae
1373 1305 118 38 membra
1444 1305 94 38 fiunt:

1146 1333 86 42 II.
1195 1333 86 42 Non
1244 1333 111 42 omnes
1318 1333 86 42 qui
1367 1333 160 42 vocationi
1490 1333 148 42 externae
1601 1333 172 42 forinsecus
1737 1333 135 42 parent,
1835 1333 62 42 &
1847 1333 62 42 ve¬-

1092 1365 119 39 niunt,
1176 1365 107 39 fiunt
1247 1365 119 39 meibra
1331 1365 155 39 Ecclesiae
1450 1365 179 39 Catholicae;
1593 1365 95 39 quia
1653 1365 107 39 multi
1724 1365 83 39 non
1772 1365 95 39 sunt
1820 1365 83 39 indu¬-

1099 1400 69 39 ti
1133 1400 103 39 veste
1202 1400 149 39 nuptiali,
1317 1400 69 39 ac
1351 1400 149 39 propterea
1466 1400 103 39 foras
1535 1400 172 39 ejiciuntur;
1673 1400 69 39 ut
1708 1400 80 39 qui
1754 1400 69 39 ad
1777 1400 126 39 Ecclesiam

1092 1437 118 32 minime
1175 1437 178 32 pertineant.
1317 1437 83 32 Nam
1364 1437 71 32 si
1400 1437 71 32 ad
1435 1437 83 32 eam
1483 1437 189 32 pertinerent,
1637 1437 83 32 non
1684 1437 189 32 ejicerentur,
1838 1437 95 32 sic¬

1096 1469 75 38 ut
1134 1469 88 38 ait
1184 1469 138 38 Dominus
1285 1469 151 38 Johannis
1398 1469 75 38 6.
1436 1469 113 38 vers.
1511 1469 88 38 37.
1561 1469 151 38 Quidquid
1674 1469 88 38 dat
1725 1469 101 38 mihi
1787 1469 126 38 Pater,
1863 1469 50 38 ad

1103 1500 75 40 ne
1141 1500 138 40 veniet,
1241 1500 63 40 &
1266 1500 88 40 eum
1316 1500 88 40 qui
1366 1500 113 40 venit
1441 1500 75 40 ad
1479 1500 88 40 me,
1529 1500 163 40 nequaquam
1654 1500 150 40 ejecerim
1754 1500 100 40 foras.

1153 1532 86 43 QUA
1202 1532 86 43 RTA
1251 1532 148 43 parabola
1362 1532 86 43 est
1412 1532 123 43 Matth.
1498 1532 86 43 25.
1547 1532 111 43 vers.
1621 1532 74 43 1.
1658 1532 62 43 &
1683 1532 111 43 seqq.
1757 1532 86 43 ubi
1794 1532 123 43 Ecclesia

1094 1565 185 36 comparatur
1239 1565 119 36 decem
1319 1565 185 36 virginibus
1465 1565 106 36 (ait
1531 1565 225 36 Bellarminus,)
1716 1565 132 36 quarum
1796 1565 119 36 quinque

1099 1598 149 40 prudentes
1213 1598 149 40 intrabunt
1328 1598 69 40 in
1362 1598 80 40 die
1408 1598 126 40 judicij
1500 1598 80 40 cum
1546 1598 115 40 sponso
1626 1598 69 40 ad
1660 1598 138 40 nuptias,
1763 1598 126 40 quinque
1844 1598 57 40 fa¬-

1101 1631 99 41 tuae
1163 1631 198 41 excludentur.
1323 1631 99 41 Hinc
1385 1631 149 41 colligit
1497 1631 161 41 Ecclesiam
1620 1631 186 41 Catholicam,
1769 1631 87 41 non
1806 1631 99 41 tantum

1105 1663 134 44 electis,
1205 1663 78 44 sed
1250 1663 100 44 etiam
1317 1663 134 44 reprobis
1406 1663 111 44 constare

1151 1687 188 46 RESPONDEO.
1298 1687 148 46 Negatur
1406 1687 228 46 consequentia;
1594 1687 107 46 quia
1661 1687 121 46 aliud
1742 1687 188 46 colligitur

1104 1732 96 41 quam
1164 1732 96 41 fert
1224 1732 144 41 parabola
1333 1732 60 41 a
1357 1732 132 41 Christo
1453 1732 156 41 adhibita.
1573 1732 144 41 Christus
1681 1732 96 41 enim
1742 1732 72 41 de
1778 1732 132 41 externa
1862 1732 48 41 ac

1109 1764 134 33 visibili
1209 1764 134 33 loquitur
1310 1764 145 33 Ecclesia,
1422 1764 67 33 in
1455 1764 78 33 qua
1500 1764 89 33 alij
1556 1764 89 33 sunt
1611 1764 156 33 prudentes,
1734 1764 89 33 alij
1790 1764 112 33 fatui:
1857 1764 56 33 non

1092 1794 103 33 autem
1160 1794 68 33 de
1194 1794 160 33 Catholica,
1320 1794 137 33 interna,
1423 1794 171 33 invisibili,
1560 1794 68 33 in
1594 1794 80 33 qua
1639 1794 137 33 quotquot
1742 1794 103 33 sunt,
1799 1794 103 33 sapien¬-

1096 1827 80 42 tes
1141 1827 92 42 sunt
1199 1827 69 42 ad
1233 1827 137 42 salutem.
1336 1827 160 42 Christiani
1462 1827 137 42 quotquot
1565 1827 92 42 sunt
1622 1827 69 42 in
1657 1827 137 42 Ecclesia
1748 1827 149 42 aspectabil.

1091 1859 127 38 similes
1184 1859 93 38 sunt
1242 1859 104 38 decem
1311 1859 173 38 virginibus,
1450 1859 116 38 quarum
1531 1859 104 38 aliae
1600 1859 93 38 sunt
1658 1859 162 38 prudentes,
1785 1859 104 38 aliae
1843 1859 58 38 fa¬-

1099 1895 106 33 tuae.
1170 1895 141 33 Lampades
1276 1895 141 33 ipsarum,
1381 1895 94 33 sunt
1440 1895 118 33 corda:
1522 1895 165 33 ellychnium
1652 1895 129 33 ardens,
1746 1895 82 33 est
1793 1895 118 33 fides:
1863 1895 47 33 o¬-

1089 1923 100 37 leum
1151 1923 87 37 est
1201 1923 150 37 Spiritus
1313 1923 137 37 Sanctus
1413 1923 87 37 qui
1462 1923 112 37 fidem
1537 1923 75 37 in
1575 1923 112 37 corde
1649 1923 150 37 accensam
1761 1923 174 37 conservat.

1093 1956 104 38 Etiam
1163 1956 116 38 fatuae
1244 1956 139 38 virgines
1349 1956 116 38 sumunt
1430 1956 139 38 lampades
1535 1956 104 38 suas,
1604 1956 70 38 id
1639 1956 93 38 est,
1697 1956 93 38 vasa
1755 1956 139 38 cordium;
1848 1956 58 38 sed

1097 1989 91 45 quia
1153 1989 114 45 carent
1233 1989 125 45 Spiritu
1324 1989 114 45 Sancto
1404 1989 57 45 &
1426 1989 102 45 fide,
1495 1989 102 45 nihil
1563 1989 102 45 ipsis
1631 1989 91 45 vasa
1688 1989 102 45 vacua
1745 1989 102 45 prosunt

1135 2018 121 44 QUINTA
1219 2018 145 44 parabola
1328 2018 84 44 est
1376 2018 121 44 itidem
1461 2018 121 44 Matth.
1545 2018 84 44 25.
1593 2018 109 44 vers.
1666 2018 84 44 32.
1714 2018 145 44 Ecclesia
1810 2018 97 44 ibidem

1096 2053 168 43 comparatur
1228 2053 108 43 ovili
1300 2053 96 43 (ait
1361 2053 192 43 Bellarminus)
1517 2053 72 43 in
1553 2053 84 43 quo
1601 2053 96 43 sunt
1661 2053 96 43 oves
1722 2053 60 43 &
1746 2053 120 43 hoedi:
1830 2053 60 43 &
1842 2053 60 43 il¬

1128 2118 167 44 RESPON.
1250 2118 198 44 Enthymema
1386 2118 107 44 erit:

1146 2154 143 37 Ecclesia
1253 2154 119 37 Matth.
1337 2154 83 37 25.
1384 2154 107 37 vers.
1456 2154 83 37 32.
1504 2154 167 37 comparatur
1635 2154 107 37 ovili
1706 2154 72 37 in
1742 2154 83 37 quo
1790 2154 95 37 sunt
1837 2154 72 37 oves

1099 2184 56 41 &
1121 2184 112 41 hoedi:
1200 2184 56 41 &
1222 2184 112 41 illae,
1301 2184 112 41 Domino
1379 2184 90 41 ipso
1436 2184 168 41 explicante,
1570 2184 168 41 significant
1705 2184 135 41 electos,
1806 2184 90 41 isti
1851 2184 56 41 re¬

1083 2218 103 48 probos.

1152 2251 93 41 Ergo
1210 2251 139 41 Ecclesia
1314 2251 150 41 Catholica
1430 2251 127 41 constat
1523 2251 127 41 electis
1615 2251 58 41 &
1627 2251 127 41 reprobis:

1162 2280 72 42 At
1198 2280 107 42 primo
1269 2280 167 42 antecedens
1401 2280 84 42 est
1449 2280 131 42 falsum.
1544 2280 84 42 Nam
1592 2280 143 42 Ecclesia
1699 2280 72 42 in
1735 2280 95 42 illo
1783 2280 131 42 Matthaei¬-

1102 2314 97 41 loco
1162 2314 84 41 non
1211 2314 169 41 comparatur
1343 2314 121 41 ovili.
1428 2314 84 41 Hoc
1476 2314 72 41 de
1512 2314 84 41 suo
1561 2314 181 41 Bellarminus
1705 2314 145 41 addidit.

1150 2347 147 40 Secundo,
1260 2347 110 40 locus
1333 2347 98 40 ille
1394 2347 135 40 prorsus
1492 2347 135 40 alienus
1590 2347 86 40 est
1639 2347 61 40 a
1663 2347 171 40 proposito.
1798 2347 86 40 Nos
1835 2347 73 40 enim

1101 2380 84 44 jam
1149 2380 119 44 agimus
1232 2380 72 44 de
1268 2380 84 44 jis
1316 2380 155 44 hominibus
1435 2380 84 44 qui
1483 2380 96 44 sunt
1543 2380 60 44 &
1567 2380 107 44 erunt
1638 2380 72 44 in
1674 2380 143 44 Ecclesia
1770 2380 143 44 Catholica:

1104 2451 97 33 runt
1164 2451 73 33 ab
1201 2451 121 33 initio
1286 2451 121 33 mundi,
1370 2451 61 33 &
1394 2451 109 33 erunt
1467 2451 109 33 usque
1540 2451 73 33 ad
1576 2451 109 33 finem
1649 2451 121 33 mundi,
1733 2451 73 33 ac
1770 2451 133 33 proinde
1855 2451 48 33 a¬-

1106 2484 83 37 git
1153 2484 106 37 etiam
1224 2484 71 37 de
1260 2484 165 37 hominibus,
1390 2484 83 37 qui
1437 2484 142 37 fuerunt,
1544 2484 106 37 sunt,
1614 2484 59 37 &
1638 2484 106 37 erunt
1709 2484 106 37 extra
1768 2484 142 37 Ecclesiam,

1097 2511 90 41 Nam
1149 2511 116 41 omnes
1226 2511 142 41 homines
1329 2511 168 41 sistentur
1458 2511 116 41 coram
1535 2511 168 41 tribunali
1664 2511 155 41 Christi,
1780 2511 90 41 tum
1832 2511 90 41 qui
1870 2511 52 41 in

1106 2544 148 41 Ecclesia,
1220 2544 80 41 tum
1265 2544 80 41 qui
1311 2544 103 41 extra
1379 2544 148 41 Ecclesiam
1493 2544 125 41 fuerunt
1585 2544 68 41 in
1619 2544 80 41 hac
1653 2544 80 41 vita.

279 2402 145 54 SECUNDA
385 2402 159 54 parabola
504 2402 132 54 exstat
596 2402 132 54 Matth.
689 2402 93 54 13.
742 2402 119 54 vers.
821 2402 93 54 47.
874 2402 93 54 ubi
927 2402 159 54 Ecclesia
1033 2402 79 54 com¬-

1155 2577 129 38 Tertio,
1249 2577 176 38 contradicit
1390 2577 94 38 ipse
1449 2577 94 38 sibi
1507 2577 188 38 Bellarminus:
1660 2577 82 38 nam
1707 2577 82 38 hoc
1754 2577 117 38 capite
1824 2577 82 38 omnes

1104 2607 134 37 Gentes,
1201 2607 98 37 quae
1262 2607 73 37 in
1299 2607 134 37 extremo
1397 2607 134 37 judicio
1494 2607 110 37 coram
1567 2607 134 37 Christo
1665 2607 159 37 cogentur,
1775 2607 134 37 Ecclesiae

1112 2641 115 38 nomine
1192 2641 195 38 comprehendit:
1353 2641 69 38 at
1387 2641 115 38 capite
1468 2641 126 38 secundo
1559 2641 115 38 citati
1640 2641 103 38 libri
1709 2641 115 38 tertij
1789 2641 69 38 de
1812 2641 92 38 Eccle¬-

1112 2674 80 34 sia
1157 2674 160 34 militante,
1283 2674 126 34 nunquam
1375 2674 114 34 fuisse
1455 2674 69 34 in
1489 2674 137 34 Ecclesia
1592 2674 91 34 ait,
1649 2674 137 34 Judaeos,
1752 2674 126 34 Turcas,
1832 2674 80 34 Paga¬-

1105 2710 91 41 nos,
1161 2710 79 41 non
1207 2710 91 41 esse
1263 2710 91 41 item
1320 2710 68 41 in
1354 2710 136 41 Ecclesia
1456 2710 159 41 haereticos
1581 2710 57 41 &
1592 2710 125 41 apostatas

1153 2741 153 43 Quarto,
1264 2741 166 43 Christus
1389 2741 153 43 nunquam
1500 2741 166 43 comparat
1625 2741 180 43 Ecclesiam
1750 2741 166 43 Catholicam

1100 2772 119 33 ovili,
1183 2772 71 33 in
1219 2772 83 33 quo
1267 2772 107 33 simul
1338 2772 95 33 oves
1398 2772 60 33 &
1422 2772 107 33 hoedi
1493 2772 107 33 sint;
1565 2772 83 33 sed
1612 2772 119 33 tantum
1696 2772 71 33 in
1731 2772 83 33 quo
1779 2772 95 33 oves
1827 2772 83 33 sint?

1110 2803 102 46 quod
1174 2803 115 46 caput
1251 2803 141 46 decimum
1353 2803 153 46 Johannis
1468 2803 128 46 abunde
1557 2803 141 46 probat.
1660 2803 153 46 Ecclesia
1762 2803 153 46 Catholicat

1106 2836 109 39 ovile
1178 2836 133 39 Christi
1275 2836 145 39 dicitur,
1384 2836 133 39 nusquam
1480 2836 145 39 hoedile:
1589 2836 97 39 Ergo
1649 2836 109 39 ovium
1722 2836 121 39 tantum
1806 2836 97 39 est,
1855 2836 60 39 non

1085 2870 152 37 hoedorum.

1119 2917 88 53 Hae
1170 2917 100 53 sunt
1232 2917 188 53 probationes
1383 2917 176 53 adversarij
1521 2917 75 53 ex
1559 2917 163 53 parabolis
1684 2917 113 53 falso
1759 2917 75 53 ab
1797 2917 100 53 ipso
1847 2917 63 53 ex¬-

1160 2974 162 51 plicatis
1282 2974 189 51 desumptae:
1431 2974 176 51 sequuntur
1566 2974 216 51 probationes,
1742 2974 108 51 quas
1796 2974 54 51 ex

1281 3004 108 54 aliis
1353 3004 168 54 Scripturae
1485 3004 108 54 locis
1556 3004 96 54 male
1616 3004 144 54 detortis

1449 3045 122 53 exstruit.

1148 3092 107 54 Primo,
1223 3092 86 54 ait:
1277 3092 64 54 1.
1309 3092 86 54 Cor.
1362 3092 64 54 5.
1394 3092 64 54 v.
1427 3092 64 54 5.
1459 3092 107 54 Paulus
1534 3092 96 54 jubet
1598 3092 118 54 expelli
1684 3092 64 54 de
1716 3092 128 54 Ecclesia
1801 3092 118 54 incestuo¬
