2063 3457
189 179 118 47 corpus
272 179 142 47 Christi:
378 179 71 47 At
414 179 83 47 non
461 179 154 47 baptizati
579 179 71 47 eo
614 179 94 47 quod
673 179 177 47 necessitate
815 179 59 47 a
839 179 142 47 baptismo
933 179 71 47 sint

198 225 142 34 exclusi,
305 225 83 34 sed
352 225 142 34 passione
459 225 130 34 Christi
553 225 142 34 redemti,
660 225 59 34 &
684 225 107 34 corde
755 225 154 34 credentes
873 225 71 34 ad
897 225 118 34 salutem,

202 247 162 52 pervantur.
330 247 93 52 Ergo
388 247 93 52 illi
445 247 93 52 sunt
503 247 69 52 de
538 247 139 52 Ecclesia
642 247 150 52 Catholica
758 247 93 52 quae
816 247 81 52 est
862 247 116 52 corpus
932 247 69 52 CHRI

172 297 98 34 STI.

231 299 129 65 Quintus
325 299 106 65 error
396 299 164 65 Bellarmini
525 299 70 65 in
560 299 82 65 hac
607 299 129 65 ratione
701 299 82 65 est
748 299 164 65 ωριιεγεια;
877 299 82 65 dum
912 299 94 65 absque

195 351 180 46 necessitate
339 351 120 46 probat
422 351 168 46 haereticos
554 351 84 46 non
602 351 96 46 esse
662 351 72 46 de
698 351 156 46 Ecclesia:
817 351 120 46 Impios
901 351 96 46 item
949 351 60 46 non

197 376 102 51 esse
261 376 102 51 viva
325 376 128 51 membra
414 376 153 51 Christi:
529 376 102 51 quum
593 376 102 51 nemo
657 376 140 51 nostrum
759 376 179 51 contrarium
886 376 115 51 affirma

191 424 75 39 verit.

227 430 127 62 Sextus
316 430 114 62 error
392 430 101 62 est,
455 430 101 62 quod
519 430 127 62 impios
607 430 127 62 quidem
696 430 114 62 negat
772 430 101 62 esse
836 430 101 62 viva
886 430 127 62 corporis

197 473 142 46 Christi
301 473 142 46 membra,
404 473 78 46 at
443 473 142 46 interea
547 473 142 46 statuit
650 473 104 46 esse
715 473 130 46 mortua
806 473 130 46 membra
883 473 130 46 corporis

200 507 150 47 Christi.
312 507 75 47 At
349 507 112 47 primo
424 507 187 47 ambiguitate
574 507 150 47 luditur:
686 507 87 47 nam
736 507 125 47 membra
823 507 150 47 corporis
923 507 87 47 Chri¬-

192 541 85 46 sti
241 541 85 46 vel
289 541 85 46 κατ
338 541 146 46 ἀληθειαν
448 541 98 46 sunt
509 541 85 46 vel
570 541 122 46 δοζαν.
655 541 122 46 Deinde
741 541 73 46 si
777 541 73 46 de
814 541 134 46 membris
899 541 110 46 Christ¬-

207 578 83 42 cατ
255 578 142 42 ἀληθειαν
361 578 107 42 sermo
432 578 95 42 sit,
492 578 107 42 falsa
563 578 83 42 est
610 578 190 42 distributio,
764 578 130 42 quaedam
859 578 119 42 membra
930 578 83 42 Chri¬-

196 612 80 44 sti
241 612 92 44 esse
299 612 103 44 viva,
368 612 126 44 quaedam
460 612 126 44 mortua.
552 612 69 44 Ut
586 612 92 44 enim
644 612 69 44 in
678 612 92 44 vivo
736 612 126 44 corpore
828 612 149 44 naturali,
931 612 69 44 san¬-

195 648 97 38 tate
255 648 61 38 &
280 648 169 38 valetudine
413 648 97 38 bona
473 648 157 38 praedito,
594 648 109 38 omnia
667 648 121 38 membra
752 648 133 38 vivunt,
849 648 61 38 &
873 648 73 38 ex
909 648 121 38 capit,

202 682 88 37 vim
253 682 163 37 sentiendi
378 682 63 37 &
403 682 138 37 movendi
504 682 226 37 participantes,
692 682 151 37 sentiunt
805 682 63 37 &
830 682 163 37 moventur;
943 682 75 37 (nam

199 710 144 43 fingere
304 710 118 43 vivum
382 710 131 43 corpus
474 710 157 43 naturale
591 710 131 43 sanum,
683 710 105 43 quod
748 710 118 43 tamen
827 710 131 43 mortua
905 710 118 43 plurima

193 747 135 38 membra
287 747 148 38 habeat,
394 747 94 38 est
448 747 161 38 plusquam
569 747 188 38 absurdum;)
717 747 94 38 ita
771 747 121 38 omnia
852 747 135 38 membra
932 747 81 38 cor¬-

194 782 104 47 poris
264 782 128 47 Christi
357 782 128 47 mystici
449 782 93 47 viva
507 782 104 47 sunt,
577 782 93 47 quia
635 782 139 47 spiritus
739 782 128 47 Christi
832 782 81 47 per
878 782 104 47 totum
936 782 70 47 ejus

203 807 126 52 corpus
292 807 113 52 fusus
367 807 113 52 omnia
443 807 126 52 membra
531 807 177 52 vivificat:
670 807 88 52 Nam
720 807 76 52 ut
758 807 126 52 Paulus
846 807 113 52 docet
922 807 126 52 Ephes.

195 840 122 52 capite
280 840 122 52 quarto
365 840 134 52 versic.
462 840 195 52 decimosexto.
621 840 73 52 Ex
657 840 97 52 quo,
718 840 146 52 scilicet
827 840 146 52 Christo,
925 840 97 52 TOTUM.

192 876 140 47 corpus
290 876 210 47 congruenter
458 876 224 47 coagmentatum
639 876 70 47 &
667 876 182 47 compactum
807 876 98 47 per
863 876 126 47 OMNES
933 876 84 47 sup¬-

194 917 169 46 peditatas
324 917 208 46 commissuras,
493 917 78 46 ex
532 917 78 46 vi
571 917 117 46 intus
649 917 130 46 agente
740 917 91 46 pro
792 917 143 46 mensura
896 917 117 46 UNIUS
961 917 52 46 CU

206 949 74 44 US
243 949 86 44 QUE
292 949 136 44 membri,
391 949 185 44 incrementum
539 949 111 44 capit
613 949 148 44 corporis
724 949 173 44 conveniens
860 949 74 44 ad
884 949 136 44 suiipsius

194 980 215 55 exstructionem
371 980 88 55 per
409 980 164 55 charitatem.

236 994 140 56 Septimus
341 994 105 56 error
411 994 81 56 est
457 994 198 56 ψδδοερμηνείια
620 994 58 56 &
644 994 151 56 malitiosa
760 994 163 56 depravatio
888 994 105 56 dicti
946 994 70 56 Pau¬-

195 1042 92 49 lini
253 1042 116 49 Roman.
334 1042 69 49 8.
369 1042 69 49 v.
403 1042 69 49 9.
438 1042 92 49 [Qui
496 1042 139 49 Spiritum
600 1042 127 49 Christi
692 1042 81 49 non
739 1042 116 49 habet,
820 1042 81 49 hic
866 1042 81 49 non
912 1042 81 49 est
947 1042 69 49 ejus

193 1084 156 38 nimirum
306 1084 127 38 vivum
391 1084 170 38 membrum:
518 1084 99 38 ait
575 1084 226 38 Bellarminus.
758 1084 127 38 Atqui
843 1084 99 38 non
900 1084 99 38 est
942 1084 85 38 haec

203 1107 147 42 Apostoli
313 1107 172 42 sententia:
448 1107 86 42 nec
497 1107 74 42 ex
534 1107 74 42 ea
571 1107 135 42 colligi
669 1107 123 42 debet,
755 1107 123 42 impium
841 1107 86 42 non
890 1107 98 42 esse
939 1107 86 42 vivum

977 1133 84 47 cE

204 1180 99 45 loco
266 1180 173 45 firmissima
402 1180 198 45 consequentia
550 1180 161 45 colligimus:

176 1253 178 37 membrum.

235 1268 75 52 At
273 1268 88 52 qui
323 1268 125 52 impius
411 1268 88 52 est
461 1268 150 52 Spiritum
574 1268 138 52 Christi
674 1268 88 52 non
712 1268 100 52 habet:

240 1313 103 42 Ergo
304 1313 90 42 qui
356 1313 128 42 impius
445 1313 90 42 est
497 1313 90 42 non
548 1313 90 42 est
599 1313 103 42 actu
663 1313 141 42 membrum
753 1313 128 42 Christi.

198 1378 124 41 habent
285 1378 149 41 Spiritum
396 1378 149 41 Christi,
508 1378 87 41 sed
558 1378 149 41 spiritum
670 1378 149 41 Diaboli:
782 1378 87 41 hoc
831 1378 149 41 adversus
931 1378 99 41 ipsum¬-

201 1413 80 47 met
246 1413 115 47 facit:
327 1413 80 47 sic
373 1413 92 47 enim
430 1413 92 47 hinc
476 1413 115 47 colligo:

243 1445 82 41 Qui
290 1445 82 41 non
337 1445 117 41 habent
419 1445 141 41 spiritum
524 1445 141 41 Christi,
630 1445 82 41 sed
677 1445 141 41 spiritum
782 1445 141 41 Diaboli,
887 1445 70 41 ii
923 1445 82 41 non
958 1445 70 41 sunt

198 1478 112 41 actu
268 1478 140 41 membra
352 1478 140 41 Christi:

239 1507 70 46 At
274 1507 105 46 impii
344 1507 81 46 non
391 1507 116 46 habent
472 1507 140 46 spiritum
577 1507 140 46 Christi,
681 1507 81 46 sed
728 1507 140 46 spiritum
833 1507 140 46 diaboli.

224 1546 103 40 Ergo
289 1546 116 40 impii
366 1546 90 40 non
417 1546 103 40 sunt
482 1546 103 40 actu
546 1546 129 40 membra
623 1546 129 40 Christi.

227 1579 197 41 Progreditur
384 1579 210 41 Bellarminus,
555 1579 66 41 &
581 1579 144 41 alterum
687 1579 210 41 confectarium
857 1579 131 41 falsum
936 1579 92 41 esse.

203 1614 136 43 probans
302 1614 99 43 ait:
364 1614 62 43 E
389 1614 161 43 contrario
513 1614 124 43 autem,
599 1614 99 43 quod
661 1614 112 43 omnes
736 1614 87 43 pij
785 1614 161 43 baptizati
909 1614 99 43 sint
959 1614 62 43 mem

205 1651 84 36 bra
253 1651 144 36 Christi,
361 1651 132 36 habetur
458 1651 72 36 I.
494 1651 96 36 Cor.
554 1651 84 36 12.
602 1651 108 36 Omnes
674 1651 84 36 nos
722 1651 84 36 uno
770 1651 132 36 spiritu
867 1651 72 36 in
903 1651 96 36 unum
951 1651 72 36 cor¬-

212 1680 80 40 pus
257 1680 148 40 baptizati
371 1680 114 40 sumus.
451 1680 68 40 Et
485 1680 91 40 Gal.
542 1680 68 40 3.
576 1680 103 40 Omnes
645 1680 91 40 enim
702 1680 103 40 filij
770 1680 80 40 Dei
816 1680 103 40 estis
884 1680 80 40 per
929 1680 103 40 fidem
986 1680 46 40 in

214 1715 127 32 Christo
307 1715 104 32 Iesu;
377 1715 151 32 quicunque
492 1715 93 32 enim
550 1715 69 32 in
585 1715 127 32 Christo
678 1715 151 32 baptizati
793 1715 116 32 estis,
874 1715 139 32 Christum
967 1715 58 32 in¬-

202 1741 142 48 duistis.
309 1741 71 48 Et
344 1741 106 48 tamen
415 1741 83 48 non
462 1741 83 48 est
510 1741 154 48 credibile
628 1741 106 48 omnes
699 1741 166 48 Corinthios
829 1741 59 48 &
853 1741 130 48 Galatas
935 1741 95 48 fuisse

198 1784 231 37 praedestinatos.
392 1784 134 37 Denique
489 1784 170 37 Augustinus
623 1784 73 37 in
660 1784 146 37 Epistola
769 1784 73 37 ad
805 1784 158 37 Dardanum:
927 1784 73 37 In
951 1784 73 37 com¬-

210 1813 128 39 pagem,
300 1813 141 39 inquit,
402 1813 141 39 Christi
504 1813 141 39 tanquam
607 1813 77 39 in
645 1813 115 39 vivam
722 1813 179 39 structuram
863 1813 128 39 templi
939 1813 77 39 Dei,

204 1851 87 38 quae
259 1851 77 38 est
302 1851 142 38 Ecclesia,
412 1851 87 38 nati
466 1851 131 38 homines,
565 1851 77 38 non
609 1851 66 38 ex
641 1851 131 38 operibus
740 1851 153 38 justitiae,
860 1851 87 38 quae
904 1851 120 38 fecerint.

196 1878 91 41 sed
248 1878 181 41 renascendo
390 1878 91 41 per
442 1878 142 41 gratiam
546 1878 233 41 transferuntur,
740 1878 142 41 tanquam
844 1878 142 41 demissa
934 1878 91 41 ruina

211 1911 68 36 ad
245 1911 148 36 aedificij
358 1911 182 36 firmamentum.
506 1911 68 36 Et
540 1911 91 36 lib.
597 1911 68 36 2.
631 1911 114 36 contra
710 1911 170 36 Cresconium,
846 1911 91 36 cap.
903 1911 79 36 21.
937 1911 91 36 osten¬-

195 1949 97 41 dens
256 1949 121 41 impios
341 1949 85 41 non
389 1949 158 41 pertinere
511 1949 73 41 ad
547 1949 121 41 membra
632 1949 97 41 viva
693 1949 146 41 Christi:
802 1949 121 41 Absit,
887 1949 134 41 inquit,
972 1949 49 41 ut

195 1982 117 36 intrare
280 1982 117 36 possint
365 1982 117 36 limites
450 1982 95 36 horti
513 1982 138 36 conclusi,
619 1982 95 36 cujus
683 1982 85 36 ille
736 1982 106 36 custos
810 1982 85 36 est,
863 1982 74 36 qui
905 1982 74 36 non
937 1982 85 36 potest

211 2012 121 38 falli:
296 2012 85 38 qui
344 2012 109 38 tamen
417 2012 73 38 si
453 2012 194 38 confitentur,
610 2012 61 38 &
635 2012 194 38 corriguntur,
792 2012 97 38 tunc
853 2012 145 38 intrant,
949 2012 73 38 tunc

195 2046 174 45 mundantur,
332 2046 100 45 tunc
394 2046 75 45 in
431 2046 162 45 arboribus
556 2046 112 45 horti
631 2046 162 45 conclusi,
755 2046 100 45 tunc
818 2046 75 45 in
855 2046 137 45 membris
942 2046 75 45 uni¬-

201 2077 85 37 cae
249 2077 145 37 columbae
358 2077 181 37 numerantur.

241 2102 110 46 RESP.
314 2102 85 46 DDe
363 2102 134 46 Poenit.
460 2102 158 46 Distinct.
582 2102 73 46 4.
619 2102 146 46 Peccatum
728 2102 110 46 JEtsi
802 2102 73 46 in
838 2102 158 46 aliquibus
948 2102 73 46 com¬-

206 2145 118 42 munia
285 2145 145 42 omnibus
390 2145 105 42 sunt
456 2145 118 42 omnia
535 2145 197 42 Sacramenta,
693 2145 92 42 sed
746 2145 92 42 non
798 2145 158 42 communis
904 2145 118 42 gratia,

197 2179 86 37 ita
246 2179 61 37 &
270 2179 98 37 nunc
331 2179 159 37 baptismus
454 2179 86 37 est
503 2179 159 37 communis,
625 2179 86 37 sed
674 2179 86 37 non
723 2179 122 37 virtus
797 2179 122 37 baptismi

236 2205 151 44 Ultimam
346 2205 206 44 probationem
511 2205 123 44 ducit
593 2205 206 44 Bellarminus
757 2205 82 44 ex
799 2205 206 44 incommodis.
949 2205 69 44 Nam

206 2239 109 46 (ait;)
282 2239 65 46 Si
315 2239 87 46 soli
369 2239 185 46 praedestinati
522 2239 109 46 essent
598 2239 65 46 de
631 2239 142 46 Ecclesia,
740 2239 98 46 omnia
805 2239 109 46 essent
881 2239 131 46 incerta.
969 2239 54 46 nam

205 2280 95 37 nemo
265 2280 95 37 tunc
324 2280 178 37 cognosceret
467 2280 131 37 fratres
562 2280 107 37 suos,
633 2280 59 37 &
657 2280 83 37 nec
705 2280 143 37 pastores
812 2280 190 37 cognoscerent
955 2280 71 37 oves

207 2312 98 37 suas,
272 2312 76 37 nec
316 2312 65 37 ab
348 2312 98 37 illis
414 2312 206 37 cognoscerentur,
587 2312 76 37 cum
631 2312 87 37 nemo
685 2312 109 37 sciat,
761 2312 76 37 qui
805 2312 87 37 sint
848 2312 174 37 praedestinatis

211 2348 57 36 &
233 2348 148 36 praeterea
348 2348 91 36 nemo
405 2348 126 36 sciret,
496 2348 91 36 quae
553 2348 91 36 sint
610 2348 103 36 verae
679 2348 171 36 Scripturae,
816 2348 91 36 quae
873 2348 91 36 vera
919 2348 91 36 Sacra¬-

201 2380 123 45 menta,
287 2380 99 45 quae
349 2380 99 45 vera
411 2380 123 45 fides,
497 2380 86 45 &c.
546 2380 111 45 omnia
621 2380 99 45 enim
682 2380 136 45 pendent
781 2380 74 45 ex
818 2380 173 45 testimonio
942 2380 86 45 verae

206 2408 120 46 Ecclesiae.

224 2444 120 32 RESP.
304 2444 80 32 In
344 2444 107 32 ista
411 2444 120 32 etiam
491 2444 187 32 probatione
638 2444 227 32 Bellarminiana
825 2444 120 32 multi
906 2444 107 32 sunt
959 2444 67 32 er¬-

202 2509 193 45 incommodorum
359 2509 72 45 ex
395 2509 120 45 nostra
479 2509 157 45 sententia
599 2509 157 45 sequitur.
720 2509 84 45 Nam
768 2509 96 45 etsi
828 2509 96 45 soli
876 2509 145 45 praedesti¬-

206 2543 89 43 nati
262 2543 67 43 ad
295 2543 123 43 salutem
385 2543 89 43 sint
440 2543 67 43 de
474 2543 134 43 Ecclesia
574 2543 145 43 Catholica
686 2543 89 43 quae
742 2543 78 43 est
787 2543 123 43 Christi
876 2543 123 43 corpus:
954 2543 56 43 ta¬-

212 2577 83 47 men
260 2577 166 47 cognoscunt
390 2577 71 47 se
426 2577 107 47 mutuo
497 2577 142 47 fratres,
604 2577 142 47 pastores
710 2577 95 47 item
770 2577 59 47 &
794 2577 107 47 oves,
865 2577 59 47 &
888 2577 119 47 sciunt
960 2577 59 47 quo

204 2611 93 34 sint
262 2611 105 34 verae
332 2611 174 34 Scripturae,
472 2611 93 34 quae
530 2611 93 34 vera
588 2611 174 34 Sacramenta,
727 2611 93 34 quae
786 2611 93 34 vera
844 2611 116 34 fides.
913 2611 105 34 Secundi

202 2646 124 41 erronea
292 2646 79 41 est
337 2646 124 41 connexi
428 2646 136 41 probatio
529 2646 102 41 ista:
597 2646 68 41 Si
631 2646 90 41 nemo
687 2646 102 41 scit,
755 2646 79 41 qui
800 2646 90 41 sint
845 2646 181 41 praedestinati,

213 2676 64 42 si
245 2676 85 42 soli
298 2676 181 42 praedestinati
447 2676 106 42 essent
521 2676 64 42 de
553 2676 138 42 Ecclesia;
659 2676 85 42 nemo
712 2676 159 42 cognosceret
840 2676 117 42 fratres
925 2676 96 42 suos,
978 2676 53 42 nec

210 2713 142 38 pastores
317 2713 59 38 &
341 2713 95 38 oves
400 2713 71 38 se
436 2713 107 38 mutuo
507 2713 202 38 cognoscerent,
673 2713 83 38 &c.
720 2713 71 38 At
756 2713 107 38 verum
827 2713 83 38 est
863 2713 154 38 antecedens:

215 2739 102 40 Ergo
279 2739 64 40 &
305 2739 192 40 consequens.
459 2739 115 40 Error
535 2739 102 40 enim
599 2739 90 40 est
651 2739 77 40 in
689 2739 192 40 antecedente
843 2739 77 40 ex
868 2739 154 40 homonymia¬-

213 2776 86 45 Nam
262 2776 98 45 quod
323 2776 110 45 dicit
397 2776 196 45 Bellarminus,
556 2776 135 45 Neminem
654 2776 110 45 scire
728 2776 86 45 qui
777 2776 98 45 sint
826 2776 196 45 praedestinatis

210 2805 163 40 dupliciter
338 2805 151 40 intelligi
455 2805 128 40 potest,
548 2805 81 40 vel
594 2805 93 40 quod
652 2805 93 40 nemo
711 2805 105 40 sciat
780 2805 81 40 aut
827 2805 70 40 eo
862 2805 93 40 modo
920 2805 81 40 quo
955 2805 58 40 Dei

202 2837 104 46 scit,
272 2837 69 46 de
307 2837 81 46 quo
353 2837 127 46 dicitur
445 2837 69 46 2.
480 2837 93 46 Tim.
538 2837 69 46 2.
573 2837 69 46 v.
607 2837 81 46 19.
654 2837 104 46 Novit
723 2837 127 46 Dominus
816 2837 81 46 eos
862 2837 81 46 qui
908 2837 93 46 sunt
955 2837 69 46 suis

210 2876 87 36 aut
259 2876 74 36 eo
296 2876 99 36 modo
358 2876 87 36 quo
408 2876 186 36 unusquisque
556 2876 99 36 scit
618 2876 74 36 de
655 2876 124 36 seipso
742 2876 74 36 ex
779 2876 136 36 interno
865 2876 161 36 testimonio¬-

210 2905 139 42 Spiritus
315 2905 116 42 Sancti
396 2905 151 42 testantis
512 2905 81 42 una
559 2905 81 42 cum
605 2905 128 42 spiritu
698 2905 116 42 nostro
779 2905 81 42 nos
826 2905 93 42 esse
884 2905 116 42 filios
953 2905 70 42 Dei,

215 2937 92 44 Rom.
272 2937 69 44 8.
306 2937 69 44 v.
341 2937 80 44 16.
386 2937 80 44 vel
432 2937 92 44 quod
490 2937 103 44 nemo,
558 2937 80 44 qui
604 2937 195 44 praedestinati
765 2937 103 44 sint,
834 2937 103 44 sciat
902 2937 92 44 ullo
948 2937 69 44 modo

213 2968 170 50 Prioribus
344 2968 131 50 duobus
436 2968 118 50 modis
514 2968 196 50 intellectum
671 2968 183 50 antecedens
815 2968 196 50 concedimus:
960 2968 65 50 at¬-

225 3004 148 46 postremo
336 3004 99 46 modo
398 3004 161 46 acceptum,
521 3004 148 46 negamus.
633 3004 99 46 Etsi
695 3004 99 46 enim
756 3004 210 46 praedestinati
929 3004 74 46 ad
954 3004 62 46 vi¬-

215 3038 79 44 tam
260 3038 68 44 se
294 3038 79 44 non
339 3038 158 44 cognoscant
463 3038 102 44 mutuo
531 3038 90 44 tali
588 3038 124 44 notitia
678 3038 113 44 qualis
757 3038 79 44 est
803 3038 90 44 Dei,
859 3038 79 44 nec
904 3038 90 44 tali
949 3038 57 44 qua

222 3064 78 53 lis
266 3064 78 53 est
311 3064 189 53 uniuscuiusque
467 3064 67 53 de
500 3064 78 53 sua
545 3064 123 53 propria
634 3064 156 53 electione:
757 3064 100 53 tamen
824 3064 67 53 ex
857 3064 145 53 fructibus
957 3064 56 53 ex¬-

213 3130 136 48 judicare
314 3130 79 48 qui
360 3130 90 48 sint
416 3130 204 48 praedestinati,
586 3130 68 48 ac
620 3130 68 48 de
654 3130 102 48 illis
722 3130 158 48 confidere.
846 3130 68 48 Ex
880 3130 79 48 quo
925 3130 90 48 enim
970 3130 57 48 co¬-

221 3099 118 47 ternis
304 3099 106 47 fidei
375 3099 59 47 &
398 3099 248 47 praedostinationis
611 3099 142 47 posfumus
718 3099 118 47 aliquo
800 3099 95 47 modo
859 3099 165 47 cognoscere
978 3099 35 47 &

223 3166 138 48 gnoscimus
329 3166 74 48 qui
372 3166 85 48 sint
424 3166 85 48 vere
477 3166 138 48 discipuli
583 3166 127 48 Christi,
678 3166 74 48 qui
721 3166 85 48 item
774 3166 85 48 vere
827 3166 95 48 filii
890 3166 85 48 Dei:
943 3166 63 48 ex
964 3166 53 48 eo¬-

226 3191 83 60 dem
273 3191 165 60 cognoscere
403 3191 141 60 possumus
509 3191 83 60 qui
556 3191 94 60 sint
615 3191 200 60 praedestinati
780 3191 71 60 ad
816 3191 141 60 salutem;
922 3191 83 60 qui
957 3191 59 60 ver

1006 170 166 54 Adiscipuli
1136 170 130 54 Christi
1231 170 59 54 &
1255 170 95 54 vere
1314 170 107 54 filii
1385 170 83 54 Dei
1433 170 95 54 sunt
1492 170 71 54 ad
1528 170 130 54 salutem
1622 170 213 54 praedestinati.
1800 170 71 54 At
1824 170 59 54 ex¬-

1057 205 156 45 charitate
1177 205 60 45 &
1201 205 108 45 vitae
1273 205 144 45 puritate
1380 205 132 45 fideles
1476 205 156 45 agnoscunt
1596 205 84 45 qui
1644 205 96 45 sint
1703 205 96 45 vere
1751 205 132 45 discipuli

1059 241 139 38 Christi:
1164 241 69 38 ut
1198 241 127 38 Dominus
1291 241 127 38 ipsemet
1383 241 139 38 testatur
1488 241 116 38 Johan.
1569 241 81 38 13.
1615 241 104 38 vers.
1684 241 81 38 35.
1731 241 69 38 Ex
1765 241 81 38 hoc
1800 241 81 38 omnes

1062 273 156 48 cognoscent
1184 273 78 48 vos
1229 273 89 48 esse
1284 273 156 48 discipulos
1407 273 100 48 meos,
1474 273 67 48 si
1507 273 156 48 charitatem
1629 273 156 48 habueritis
1752 273 89 48 alij
1807 273 67 48 in
1830 273 45 48 a¬-

1057 310 96 36 lios,
1121 310 53 36 &
1143 310 128 36 dilectus
1239 310 86 36 ejus
1293 310 150 36 discipulus
1410 310 107 36 Johan.
1485 310 64 36 1.
1517 310 107 36 Epist.
1592 310 86 36 cap.
1646 310 64 36 3.
1678 310 64 36 v.
1710 310 64 36 9,
1742 310 75 36 10.
1785 310 118 36 Quisqui

1061 342 107 40 natus
1132 342 83 40 est
1180 342 71 40 ex
1215 342 95 40 Deo,
1274 342 130 40 peccato
1369 342 83 40 non
1416 342 83 40 dat
1464 342 130 40 operam,
1558 342 130 40 quoniam
1653 342 107 40 semen
1724 342 118 40 ipsius
1807 342 71 40 in
1831 342 59 40 eo¬-

1066 377 115 43 manet:
1146 377 80 43 nec
1192 377 115 43 potest
1272 377 138 43 peccare,
1376 377 69 43 eo
1410 377 92 43 quod
1468 377 69 43 ex
1502 377 80 43 Deo
1548 377 103 43 natus
1617 377 92 43 est.
1674 377 80 43 Per
1720 377 80 43 hoc
1755 377 126 43 manifest.

1065 410 94 33 sunt
1124 410 106 33 filij
1195 410 94 33 Dei.
1253 410 94 33 Ergo
1312 410 106 33 etiam
1383 410 71 33 ex
1418 410 153 33 charitate
1535 410 106 33 eadem
1606 410 59 33 &
1629 410 94 33 vita
1688 410 118 33 sancta
1759 410 129 33 cognosce¬-

1056 447 74 39 re
1093 447 148 39 possumus
1203 447 123 39 aliquo
1289 447 98 39 modo
1351 447 135 39 fratres
1449 447 74 39 ad
1486 447 135 39 salutem
1585 447 234 39 praedestinatos.
1782 447 86 39 Nec
1818 447 62 39 mi¬-

1055 474 85 42 nus
1104 474 147 42 pastores
1214 474 171 42 cognoscere
1348 474 134 42 possunt
1445 474 98 42 oves
1507 474 110 42 suas;
1580 474 73 42 an
1616 474 98 42 sint
1677 474 73 42 in
1714 474 159 42 electorum
1824 474 61 42 nu¬-

1055 508 119 34 mero.
1134 508 93 34 Ita
1187 508 106 34 enim
1253 508 172 34 Apostolus
1386 508 146 34 Paulus,
1492 508 159 34 Silvanus
1611 508 66 34 &
1637 508 185 34 Timotheus,
1770 508 119 34 Thessa¬-

1059 544 166 41 lonicenses
1189 544 95 41 esse
1248 544 130 41 electos
1343 544 177 41 collegerunt
1485 544 71 41 ex
1520 544 106 41 eorum
1591 544 95 41 fide
1650 544 154 41 efficaci,
1757 544 130 41 charitate

1059 575 210 42 indefatigabili
1235 575 58 42 &
1258 575 82 42 spe
1305 575 199 42 patientissima
1468 575 58 42 &
1492 575 70 42 ex
1527 575 152 42 efficacia
1644 575 140 42 Spiritus
1749 575 129 42 Sancti,
1831 575 58 42 ex¬-

1062 608 164 42 spirituali
1191 608 129 42 energia
1284 608 152 42 conjuncta
1401 608 199 42 praedicationi
1565 608 152 42 Evangelii
1682 608 58 42 &
1705 608 93 42 sese
1752 608 140 42 exserenter

1060 641 66 47 in
1093 641 176 47 auditoribus:
1236 641 99 47 sicut
1302 641 99 47 ajunt
1368 641 66 47 I.
1401 641 110 47 Thess.
1478 641 66 47 1.
1510 641 66 47 v.
1543 641 66 47 2.
1576 641 55 47 &
1598 641 176 47 sequentibus,
1741 641 121 47 Gratias
1818 641 66 47 agi¬-

1063 676 85 38 mus
1111 676 85 38 Deo
1160 676 121 38 semper
1244 676 73 38 de
1281 676 133 38 omnibus
1377 676 109 38 vobis
1450 676 157 38 mentionem
1571 676 121 38 vestri
1655 676 157 38 facientes
1776 676 73 38 in
1800 676 73 38 pro¬-

1068 710 110 45 cibus
1141 710 147 45 nostris:
1251 710 196 45 Indesinenter
1411 710 208 45 commemorantes
1582 710 159 45 efficacem
1704 710 135 45 vestram
1790 710 98 45 fidem,

1064 739 66 40 &
1090 739 186 40 laboriosam
1237 739 186 40 charitatem
1383 739 66 40 &
1409 739 186 40 tolerantem
1556 739 120 40 illam
1635 739 106 40 spem
1702 739 80 40 in
1742 739 133 40 Domino
1822 739 66 40 no¬-

1071 776 94 41 stro
1130 776 94 41 Iesu
1189 776 106 41 coram
1260 776 83 41 Deo
1307 776 59 41 &
1331 776 106 41 Patre
1402 776 130 41 nostro.
1496 776 71 41 Vt
1532 776 83 41 qui
1579 776 142 41 sciamus,
1685 776 130 41 fratres
1768 776 118 41 dilectia

1064 809 105 37 Deo,
1130 809 184 37 electionem
1274 809 158 37 vestram.
1393 809 145 37 Quoniam
1498 809 184 37 Evangelium
1643 809 145 37 nostrum
1735 809 158 37 constitit.

1061 844 104 39 apud
1126 844 91 39 vos
1178 844 91 39 non
1230 844 169 39 locutione
1359 844 169 39 duntaxat,
1489 844 91 39 sed
1541 844 117 39 etiam
1619 844 143 39 virtute
1722 844 65 39 &
1748 844 78 39 in
1774 844 117 39 Spiritu

1064 878 139 37 Sancto,
1165 878 63 37 &
1191 878 76 37 in
1229 878 114 37 multa
1304 878 114 37 certa
1380 878 202 37 persuasione.
1544 878 88 37 Sic
1595 878 126 37 igitur
1683 878 139 37 electio
1784 878 88 37 Dei
1822 878 76 37 quae

1071 908 81 44 per
1118 908 69 44 se
1152 908 104 44 nobis
1222 908 162 44 abscondita
1349 908 93 44 est,
1407 908 116 44 certis
1488 908 104 44 notis
1557 908 58 44 &
1581 908 174 44 testimoniis
1719 908 139 44 patefit,
1812 908 81 44 nempe

1062 945 86 36 cum
1111 945 136 36 efficax
1210 945 86 36 est
1259 945 160 36 Evangelii
1383 945 185 36 praedicatio
1531 945 99 36 apud
1592 945 86 36 eos
1642 945 123 36 quibus
1728 945 185 36 annunciatur
1864 945 37 36 &

1075 985 68 36 in
1109 985 102 36 illis
1176 985 113 36 gignit
1255 985 102 36 fidei
1323 985 181 36 constantiam,
1470 985 158 36 charitatis
1594 985 147 36 fervorem,
1707 985 90 36 spei
1752 985 147 36 tolerantiam

1075 1014 136 42 aliaque
1173 1014 99 42 dona
1235 1014 148 42 Spiritus
1346 1014 123 42 Sancti
1432 1014 62 42 &
1457 1014 222 42 regenerationis
1642 1014 160 42 argumenta
1752 1014 136 42 infallibi

1065 1044 95 40 lia.
1124 1044 95 40 Hinc
1184 1044 142 40 pastores
1290 1044 95 40 fidi
1350 1044 83 40 non
1397 1044 142 40 dubitant
1504 1044 71 40 de
1539 1044 71 40 se
1575 1044 59 40 &
1599 1044 107 40 aliis
1670 1044 154 40 fidelibus
1776 1044 119 40 profiter

1075 1079 75 36 cum
1118 1079 107 36 Johan.
1193 1079 64 36 1.
1225 1079 107 36 epist.
1300 1079 85 36 cap.
1353 1079 64 36 3.
1385 1079 96 36 vers.
1449 1079 64 36 2.
1481 1079 160 36 Charissimi,
1610 1079 85 36 nunc
1663 1079 96 36 filij
1727 1079 75 36 Dei
1770 1079 107 36 sumus;
1845 1079 75 36 sed

1074 1113 110 36 nodum
1147 1113 171 36 patefactum
1282 1113 86 36 est
1331 1113 98 36 quod
1392 1113 135 36 erimus:
1490 1113 122 36 scimus
1576 1113 110 36 autem
1649 1113 110 36 fore,
1723 1113 73 36 ut
1759 1113 98 36 quum
1821 1113 98 36 ipso

1080 1143 162 42 patefactus
1208 1143 128 42 fuerit,
1301 1143 128 42 similes
1394 1143 70 42 ei
1428 1143 116 42 simus:
1510 1143 128 42 quoniam
1602 1143 151 42 videbimus
1718 1143 81 42 cum
1765 1143 116 42 sicuti
1834 1143 70 42 est.

1076 1180 87 43 Nec
1125 1180 125 43 obstat
1213 1180 100 43 quod
1275 1180 125 43 mundus
1362 1180 87 43 non
1412 1180 162 43 cognoscat
1537 1180 137 43 electos
1636 1180 100 43 Dei:
1699 1180 112 43 sicut
1773 1180 75 43 1.
1798 1180 100 43 Johan¬-

1080 1212 69 37 3.
1115 1212 69 37 v.
1150 1212 69 37 1.
1184 1212 139 37 dicitur,
1288 1212 116 37 mundus
1369 1212 81 37 non
1416 1212 104 37 novit
1485 1212 92 37 nos,
1543 1212 92 37 quia
1601 1212 81 37 non
1647 1212 104 37 novit
1716 1212 92 37 eum;
1774 1212 92 37 quia
1820 1212 81 37 satis

1076 1245 79 39 est
1121 1245 68 39 si
1155 1245 113 39 electi
1234 1245 90 39 vere
1291 1245 147 39 credentes
1404 1245 68 39 se
1437 1245 102 39 inter
1505 1245 68 39 se
1539 1245 158 39 agnoscant.
1664 1245 68 39 Ex
1698 1245 79 39 his
1743 1245 113 39 patet,
1811 1245 90 39 falsum

1075 1280 98 34 esse
1136 1280 98 34 quod
1197 1280 183 34 Bellarminus
1343 1280 98 34 ait,
1404 1280 134 34 Neminem
1502 1280 110 34 scire
1575 1280 85 34 qui
1624 1280 98 34 sint
1685 1280 219 34 praedestinati,
1855 1280 49 34 si

1072 1312 171 44 simpliciter
1209 1312 194 44 intelligatur:
1368 1312 80 44 nam
1414 1312 137 44 Christus
1517 1312 114 44 dicit,
1597 1312 160 44 cognoscent
1722 1312 80 44 vos
1768 1312 91 44 esse
1814 1312 91 44 disci¬-

1071 1346 99 40 pulos
1137 1346 99 40 meos.
1203 1346 132 40 Johannes
1302 1346 110 40 dicit,
1379 1346 77 40 per
1423 1346 77 40 hoc
1467 1346 143 40 manifesti
1577 1346 88 40 sunt
1632 1346 99 40 filij
1698 1346 88 40 Dei:
1753 1346 121 40 Paulus,
1830 1346 66 40 Sil¬-

1077 1379 113 39 vanus
1153 1379 63 39 &
1178 1379 164 39 Timotheus
1304 1379 138 39 dicunt,
1405 1379 126 39 scimus
1493 1379 138 39 fratres
1593 1379 138 39 dilecti
1694 1379 63 39 a
1719 1379 88 39 Deo
1757 1379 151 39 electionem

1066 1413 123 41 vestram.

1109 1443 133 45 Quartus
1206 1443 109 45 error
1279 1443 97 45 est,
1339 1443 97 45 quod
1400 1443 170 45 asseverat,
1533 1443 73 45 ex
1570 1443 170 45 testimonio
1703 1443 109 45 verae
1764 1443 133 45 Ecclesiae

1074 1483 136 44 pendere,
1176 1483 91 44 quae
1233 1483 91 44 sint
1290 1483 102 44 verae
1358 1483 170 44 Scripturae,
1494 1483 91 44 quae
1551 1483 91 44 vera
1608 1483 170 44 Sacramenta,
1744 1483 91 44 quae
1801 1483 91 44 vera
1846 1483 57 44 fi¬-

1071 1513 93 35 des.
1129 1513 70 35 Ex
1164 1513 104 35 istis
1234 1513 93 35 enim
1292 1513 93 35 vera
1350 1513 139 35 Ecclesia
1454 1513 128 35 pendet,
1547 1513 81 35 non
1593 1513 93 35 ista
1651 1513 70 35 ex
1686 1513 162 35 testimonio
1802 1513 93 35 Eccle¬-

1073 1547 108 38 siae.
1145 1547 108 38 Nullo
1217 1547 96 38 modo
1277 1547 180 38 cognoscitur
1421 1547 96 38 quae
1481 1547 84 38 sit
1528 1547 96 38 vera
1588 1547 156 38 Ecclesia,
1708 1547 96 38 nisi
1756 1547 144 38 tantummodo

1070 1581 91 42 per
1122 1581 195 42 Scripturas;
1278 1581 91 42 ait
1330 1581 169 42 Chrysost,
1460 1581 143 42 secundo
1564 1581 195 42 Commentario
1720 1581 78 42 in
1759 1581 130 42 Matth.
1837 1581 65 42 ho¬-

1077 1621 95 39 mil.
1136 1621 83 39 49.
1184 1621 95 39 pag.
1243 1621 95 39 722.
1302 1621 154 39 editionis
1421 1621 130 39 Froben.
1516 1621 95 39 Anni
1575 1621 107 39 1530.
1646 1621 71 39 In
1682 1621 166 39 Scripturis
1800 1621 107 39 didici¬-

1084 1651 85 43 mus
1132 1651 157 43 Christum,
1253 1651 73 43 in
1290 1651 169 43 Scripturis
1423 1651 157 43 didicimus
1544 1651 169 43 Ecclesiam,
1677 1651 133 43 scribir
1762 1651 145 43 Augustinus

1086 1682 143 42 epistolam
1196 1682 121 42 centes,
1284 1682 132 42 sexages.
1383 1682 110 42 sexta.
1460 1682 66 42 De
1493 1682 165 42 Sacramentis
1626 1682 77 42 ait
1670 1682 154 42 Augustinus
1791 1682 66 42 in
1813 1682 88 42 epist.

1081 1718 137 38 centes.
1180 1718 174 38 decimaoct.
1317 1718 100 38 quae
1380 1718 87 38 est
1429 1718 75 38 ad
1467 1718 174 38 Januarium:
1604 1718 187 38 Sacramentis
1753 1718 125 38 numero
1828 1718 75 38 pau¬-

1069 1749 142 42 cissimis,
1178 1749 175 42 observatione
1320 1749 164 42 facillimis,
1451 1749 196 42 significatione
1614 1749 218 42 praestantissimis
1789 1749 109 42 societa.

1081 1782 76 35 tem
1125 1782 87 35 novi
1179 1782 109 35 populi
1255 1782 131 35 Salvator
1353 1782 163 35 colligavit.
1484 1782 131 35 Ecclesia
1582 1782 76 35 ibi
1625 1782 87 35 est,
1679 1782 76 35 ubi
1723 1782 98 35 fides
1788 1782 87 35 vera
1832 1782 65 35 est.

1072 1816 142 38 Ecclesia
1179 1816 95 38 vera
1238 1816 107 38 illic
1309 1816 107 38 erat,
1380 1816 83 38 ubi
1427 1816 95 38 vera
1487 1816 107 38 fides
1558 1816 107 38 erat:
1629 1816 83 38 ait
1676 1816 166 38 Hieronymus
1794 1816 107 38 Romano.

1077 1846 150 37 Ecclesiae
1193 1846 150 37 presbyter
1309 1846 69 37 in
1343 1846 116 37 Psalm.
1424 1846 127 37 centes.
1517 1846 127 37 triges.
1609 1846 139 37 tertium.
1713 1846 81 37 Per
1759 1846 92 37 quod
1806 1846 92 37 Eccle¬-

1077 1877 81 38 sia
1124 1877 186 38 cognoscitur,
1275 1877 81 38 per
1321 1877 93 38 quod
1379 1877 151 38 Ecclesiae
1495 1877 139 38 societas
1599 1877 174 38 colligatur,
1738 1877 81 38 per
1785 1877 93 38 quod
1831 1877 58 38 co¬-

1068 1912 157 42 gnoscitur
1188 1912 84 42 ubi
1237 1912 84 42 sit
1285 1912 157 42 Ecclesia,
1405 1912 108 42 illud
1477 1912 157 42 nequaquam
1598 1912 120 42 pendet
1682 1912 72 42 ex
1718 1912 169 42 testimonio
1839 1912 60 42 Ec¬-

1070 1951 140 35 clesiae.
1176 1951 70 35 At
1211 1951 82 35 per
1258 1951 164 35 Scripturas
1386 1951 140 35 Ecclesia
1492 1951 187 35 cognoscitur,
1644 1951 82 35 per
1690 1951 164 35 Sacramenta
1807 1951 94 35 socie¬-

1072 1980 81 37 tas
1118 1980 150 37 Ecclesiae
1233 1980 173 37 colligatur,
1371 1980 81 37 per
1417 1980 104 37 veram
1486 1980 104 37 fidem
1555 1980 173 37 cognoscitur
1693 1980 81 37 ubi
1739 1980 81 37 sit
1785 1980 92 37 vera
1831 1980 58 37 Ec¬-

1075 2015 134 44 clesiat
1172 2015 97 44 Ergo
1233 2015 170 44 Scripturae
1366 2015 182 44 Sacramenta,
1512 2015 61 44 &
1537 2015 109 44 fides
1609 2015 97 44 vera
1670 2015 158 44 nequaquam
1780 2015 121 44 pendent.

1068 2045 73 39 ex
1104 2045 169 39 testimonio
1237 2045 169 39 Ecclesiae.
1370 2045 85 39 Sed
1418 2045 73 39 de
1455 2045 85 39 hoc
1503 2045 121 39 fusius
1588 2045 109 39 actum
1660 2045 109 39 primo
1720 2045 85 39 libro

1105 2071 72 54 Ex
1141 2071 84 54 his
1189 2071 96 54 quae
1249 2071 108 54 dicta
1321 2071 96 54 sunt
1381 2071 156 54 evidenter
1501 2071 120 54 patet,
1584 2071 180 54 probationes
1728 2071 120 54 qiibus
1800 2071 108 54 Bellar¬-

1064 2115 117 45 minus
1142 2115 183 45 confirmare
1286 2115 144 45 conatus
1390 2115 104 45 est,
1455 2115 117 45 etiam
1534 2115 157 45 reprobos
1651 2115 130 45 membra
1742 2115 104 45 esse
1795 2115 104 45 Eccle¬-

1066 2146 91 43 siae
1122 2146 159 43 Catholicae
1247 2146 91 43 quae
1304 2146 79 43 est
1349 2146 113 43 corpus
1428 2146 136 43 Christi,
1530 2146 102 43 vanas
1598 2146 57 43 &
1621 2146 113 43 nullas
1689 2146 68 43 esse

1106 2171 159 48 Videamus
1225 2171 106 48 nunc
1291 2171 106 48 quid
1358 2171 80 48 ad
1397 2171 133 48 nostra
1490 2171 146 48 quaedam
1596 2171 186 48 argumenta,
1742 2171 133 48 quibus
1821 2171 80 48 pro¬-

1071 2205 107 44 bamus
1142 2205 154 44 Ecclesiae
1261 2205 119 44 illius
1344 2205 166 44 Catholicae
1475 2205 119 44 membra
1558 2205 107 44 solos
1629 2205 131 44 electos
1724 2205 107 44 esse,
1783 2205 107 44 respon¬-

1066 2247 116 37 deat.
1143 2247 129 37 Primum
1234 2247 180 37 argumentum
1375 2247 142 37 nostrum
1479 2247 103 37 quod
1543 2247 180 37 Bellarmin,
1685 2247 168 37 refellere
1801 2247 90 37 niti¬-

1066 2279 94 33 tur,
1125 2279 82 33 est
1172 2279 153 33 depromtum
1290 2279 71 33 ex
1325 2279 94 33 cap.
1384 2279 71 33 4.
1419 2279 153 33 Canticor.
1537 2279 106 33 vers.
1607 2279 82 33 12.
1654 2279 71 33 Vt
1690 2279 118 33 hortus
1772 2279 129 33 clausus
1854 2279 59 33 es,

1066 2313 106 43 soror
1137 2313 82 43 mea
1184 2313 129 43 sponsa:
1277 2313 70 43 ut
1313 2313 153 43 scaturigo
1430 2313 129 43 clausa,
1524 2313 94 43 fons
1582 2313 176 43 obsignatus.
1723 2313 117 43 Sensus
1805 2313 94 43 est:
1852 2313 59 43 Ec¬-

197 2477 125 41 rores.
285 2477 125 41 Primus
373 2477 88 41 est
423 2477 100 41 παρα
486 2477 75 41 τό
523 2477 150 41 ἐπόμδνον
636 2477 75 41 in
674 2477 150 41 connexo:
786 2477 125 41 nullum
874 2477 100 41 enim
924 2477 113 41 istorum

1065 2353 128 36 clesia
1155 2353 166 36 Catholica
1283 2353 102 36 quae
1347 2353 90 36 per
1398 2353 128 36 hortum
1488 2353 179 36 conclusum,
1628 2353 205 36 scaturiginem
1782 2353 128 36 clausam?

1070 2381 63 34 &
1096 2381 125 34 fontem
1183 2381 175 34 obsignatum
1321 2381 213 34 intelligitur,
1497 2381 125 34 optima
1584 2381 100 34 fide
1647 2381 125 34 castam
1735 2381 75 34 se
1760 2381 150 34 conservat:

1081 2416 130 38 Christo
1176 2416 59 38 &
1199 2416 94 38 suos
1258 2416 130 38 fructus
1352 2416 153 38 integros;
1470 2416 118 38 estque
1553 2416 200 38 conceptaculum
1718 2416 153 38 salutaris
1824 2416 59 38 il¬-

1066 2448 90 43 lius
1122 2448 158 43 doctrinae,
1246 2448 90 43 quam
1303 2448 102 43 omnes
1371 2448 102 43 horti
1438 2448 124 43 Christi
1529 2448 124 43 partes,
1619 2448 124 43 areolae
1709 2448 56 43 &
1732 2448 124 43 plantae
1811 2448 79 43 irri¬-

1081 2480 124 44 antur:
1167 2480 87 44 est
1217 2480 211 44 conceptaculum
1391 2480 99 44 quod
1453 2480 124 44 nemini
1539 2480 124 44 extero
1626 2480 136 44 pervium
1725 2480 99 44 est,
1787 2480 99 44 quia
1837 2480 62 44 ne¬-

1071 2515 74 39 mo
1108 2515 173 39 ingreditur
1244 2515 111 39 illuc
1318 2515 99 39 nisi
1379 2515 86 39 per
1429 2515 161 39 Christum.
1552 2515 99 39 Hinc
1614 2515 111 39 talem
1676 2515 210 39 demonstrationem

1051 2548 163 40 exstruimus.

1096 2573 70 53 Si
1131 2573 139 53 Ecclesia
1235 2573 151 53 Catholica
1351 2573 116 53 clausa
1432 2573 58 53 &
1456 2573 151 53 obsignata
1572 2573 81 53 est
1618 2573 104 53 illis
1687 2573 81 53 qui
1734 2573 116 53 alieni
1815 2573 93 53 sunt
1861 2573 35 53 a

1077 2612 127 40 Christo
1170 2612 151 40 Ecclesiae
1286 2612 127 40 sponso:
1378 2612 81 40 tum
1425 2612 139 40 profecto
1529 2612 116 40 membra
1610 2612 116 40 illius
1691 2612 93 40 sunt
1749 2612 93 40 soli
1807 2612 104 40 elect

1077 2647 61 37 n
1101 2647 134 37 Christo
1199 2647 73 37 ad
1235 2647 110 37 vitam
1308 2647 158 37 aeternam.
1430 2647 110 37 Verum
1503 2647 85 37 est
1551 2647 170 37 antecedens
1685 2647 110 37 teste
1758 2647 97 37 ipso
1807 2647 85 37 Chri¬-

1065 2684 88 41 sto
1116 2684 76 41 in
1154 2684 101 41 loco
1217 2684 76 41 ex
1255 2684 152 41 Canticis
1369 2684 164 41 allegato.
1495 2684 114 41 Verum
1571 2684 126 41 igitur
1659 2684 63 41 &
1685 2684 190 41 consequens.
1824 2684 63 41 Hoc

1074 2717 186 41 argumentum
1220 2717 120 41 etiam
1300 2717 93 41 est
1353 2717 173 41 Cypriani,
1486 2717 186 41 Augustini,
1632 2717 160 41 Gregorij
1752 2717 133 41 Magni.
1832 2717 66 41 Cy¬-

1064 2751 131 43 prianus
1159 2751 95 43 enim
1219 2751 131 43 scribit
1314 2751 71 43 in
1350 2751 119 43 Epist.
1433 2751 143 43 septuag.
1541 2751 107 43 sexta
1612 2751 95 43 quae
1672 2751 83 43 est
1719 2751 71 43 ad
1755 2751 131 43 Magnum:
1838 2751 48 43 Si

1074 2779 109 38 hortus
1150 2779 142 38 conclusus
1259 2779 76 38 est
1303 2779 109 38 sponsa
1379 2779 131 38 Christi,
1478 2779 87 38 quae
1532 2779 76 38 est
1576 2779 142 38 Ecclesia,
1685 2779 109 38 patere
1761 2779 76 38 res
1794 2779 98 38 clausa¬-

1065 2814 129 37 alienis
1159 2814 59 37 &
1183 2814 141 37 profanis
1289 2814 82 37 non
1336 2814 129 37 potest.
1430 2814 165 37 Augustinus
1559 2814 94 37 vero
1618 2814 94 37 tomo
1676 2814 71 37 7.
1712 2814 94 37 lib.
1770 2814 71 37 5.
1806 2814 71 37 de
1829 2814 59 37 Ba¬-

1083 2848 111 34 tismo
1157 2848 123 34 contra
1243 2848 185 34 Donatistas,
1391 2848 99 34 cap.
1453 2848 86 34 27.
1502 2848 99 34 ait:
1564 2848 99 34 Quod
1626 2848 74 34 in
1663 2848 136 34 Cantico
1749 2848 148 34 Canticorum

1072 2879 135 36 Ecclesia
1173 2879 78 36 sic
1218 2879 179 36 describitur,
1363 2879 112 36 Hortus
1442 2879 146 36 conclusus
1554 2879 101 36 soror
1621 2879 78 36 mea
1666 2879 123 36 sponsa,
1756 2879 90 36 fons
1801 2879 78 36 signa

1073 2915 94 34 tus,
1132 2915 117 34 puteus
1214 2915 105 34 aquae
1284 2915 117 34 vivae,
1366 2915 152 34 paradisus
1484 2915 82 34 cum
1530 2915 117 34 fructu
1612 2915 141 34 pomorum,
1718 2915 82 34 hoc
1753 2915 129 34 intellige

1064 2945 70 44 re
1099 2945 82 44 non
1146 2945 105 44 audeo
1216 2945 94 44 nisi
1275 2945 70 44 in
1310 2945 129 44 sanctis
1404 2945 59 44 &
1427 2945 129 44 justis.
1521 2945 70 44 Et
1556 2945 94 44 mox:
1614 2945 70 44 In
1649 2945 129 44 quantum
1743 2945 94 44 ergo
1790 2945 105 44 lilium,

1074 2983 71 30 in
1110 2983 118 30 tantum
1192 2983 59 30 &
1216 2983 118 30 hortus
1299 2983 154 30 conclusus
1417 2983 59 30 &
1440 2983 94 30 fons
1499 2983 154 30 signatus,
1617 2983 71 30 in
1653 2983 106 30 illis
1724 2983 154 30 videlicet
1830 2983 59 30 ju¬-

1065 3013 101 44 stis,
1132 3013 78 44 qui
1177 3013 67 44 in
1211 3013 135 44 occculto
1311 3013 112 44 Iudaei
1390 3013 90 44 sunt
1446 3013 191 44 circumcisione
1603 3013 123 44 cordis.
1692 3013 101 44 Omnis
1760 3013 90 44 enim
1805 3013 78 44 filie

1073 3046 113 35 legum
1149 3046 188 35 pulchritudo
1299 3046 201 35 intrinsecus,
1462 3046 75 35 in
1500 3046 125 35 quibus
1588 3046 88 35 est
1638 3046 138 35 numerus
1738 3046 125 35 certus
1814 3046 75 35 san¬-

1070 3080 126 34 ctorum
1159 3080 228 34 praedestinatus
1348 3080 101 34 ante
1412 3080 114 34 mundi
1488 3080 240 34 constitutionem.
1690 3080 76 34 Et
1728 3080 101 34 mox:
1778 3080 114 34 Numerus

1072 3113 98 33 ergo
1133 3113 98 33 ille
1194 3113 159 33 justorum,
1317 3113 86 33 qui
1366 3113 147 33 secundum
1476 3113 172 33 propositum
1611 3113 123 33 vocati
1697 3113 110 33 sunt,
1770 3113 74 33 de
1795 3113 98 33 quibus

1078 3144 120 42 lictum
1162 3144 96 42 est,
1222 3144 108 42 Novit
1293 3144 132 42 Dominus
1389 3144 84 42 qui
1437 3144 96 42 sunt
1497 3144 108 42 ejus,
1569 3144 96 42 ipse
1629 3144 84 42 est
1677 3144 120 42 hortus
1748 3144 144 42 conclusus,

1065 3179 92 45 fons
1123 3179 150 45 signatus,
1238 3179 81 45 &c.
1285 3179 69 45 Et
1319 3179 104 45 paulo
1388 3179 104 45 post:
1457 3179 69 45 Ex
1492 3179 104 45 illis
1561 3179 92 45 ergo
1619 3179 127 45 omnibus
1711 3179 81 45 qui
1757 3179 69 45 ut
1792 3179 81 45 ita
1826 3179 58 45 di¬-

1065 3214 93 44 cam,
1124 3214 175 44 intrinsecus
1263 3214 58 44 &
1286 3214 70 44 in
1321 3214 128 44 occulto
1414 3214 105 44 intus
1484 3214 105 44 sunt,
1554 3214 128 44 constat
1647 3214 93 44 ille
1705 3214 116 44 hortus
1775 3214 105 44 conclu¬
