2063 3396
180 178 93 42 fari
239 178 128 42 milites
332 178 70 42 in
367 178 140 42 praelium
472 178 140 42 adversus
577 178 117 42 hostes
659 178 187 42 processuros,
811 178 58 42 &
834 178 140 42 clangere
939 178 82 42 cum
974 178 35 42 A

182 219 95 38 tubis
246 219 138 38 clangoris
352 219 106 38 contra
426 219 117 38 hostes,
511 219 117 38 Malach.
596 219 53 38 2
617 219 95 38 vers.
681 219 64 38 7.
713 219 53 38 &
734 219 64 38 1.
766 219 64 38 v.
797 219 64 38 7,
829 219 64 38 8.
861 219 64 38 2.
882 219 85 38 Chrone

178 249 71 49 13.
219 249 61 49 v.
249 249 71 49 10,
290 249 71 49 11,
330 249 51 49 &
351 249 81 49 cap.
402 249 71 49 19.
442 249 61 49 v.
473 249 61 49 8.
503 249 102 49 Numer.
574 249 61 49 6.
605 249 61 49 v.
635 249 71 49 23.
676 249 112 49 Deuter.
757 249 71 49 21.
798 249 61 49 v.
829 249 61 49 5.
859 249 51 49 &
879 249 81 49 cap.
920 249 51 49 20.

179 277 60 45 v.
209 277 60 45 2.
239 277 60 45 2.
269 277 100 45 Chron.
339 277 70 45 13.
379 277 60 45 v.
399 277 50 45 12.

219 306 154 41 Levitarum
338 306 142 41 officium
445 306 107 41 erat,
516 306 166 41 Sacerdotes
646 306 142 41 adjuvare
753 306 71 41 in
789 306 154 41 peragendo
896 306 71 41 cula

183 340 74 46 tu
220 340 98 46 Dei,
281 340 123 46 curare
367 340 196 46 tabernaculum
526 340 61 46 &
550 340 110 46 omnia
624 340 74 46 ad
661 340 74 46 id
697 340 196 46 pertinentia,
857 340 61 46 &
869 340 98 46 causa¬-

178 378 113 39 dubias
257 378 90 39 unam
313 378 79 39 cum
358 378 181 39 Sacerdotibus
505 378 169 39 dijudicare,
640 378 113 39 Numer.
719 378 68 39 1.
753 378 68 39 v.
787 378 79 39 50.
832 378 56 39 &
855 378 90 39 cap.
911 378 68 39 3.
934 378 45 39 v.

182 402 63 48 7.
213 402 52 48 &
234 402 63 48 4.
265 402 63 48 2.
297 402 105 48 Chron.
370 402 73 48 19.
412 402 63 48 v.
433 402 42 48 8.

275 444 150 50 Hactenus
388 444 75 50 de
426 444 163 50 ministris
551 444 163 50 Ecclesiae
676 444 75 50 in
714 444 125 50 Veteri
789 444 100 50 Testa¬

516 487 109 44 mento.

231 532 179 43 Ministerium
374 532 155 43 Evangelij
493 532 72 43 in
529 532 95 43 novo
589 532 179 43 Testamento,
732 532 83 43 est
779 532 119 43 gloria
863 532 95 43 illa
910 532 60 43 Je¬-

187 566 102 45 hovae
255 566 148 45 promissa,
369 566 91 45 Jes.
425 566 80 45 60.
471 566 68 45 v.
505 566 68 45 1.
539 566 114 45 Surge,
619 566 102 45 luce,
687 566 182 45 quandoquidem
835 566 125 45 advenit
914 566 57 45 lu¬-

192 603 87 36 tua,
246 603 54 36 &
268 603 108 36 gloria
344 603 119 36 Iehovae
430 603 97 36 super
495 603 65 36 te
528 603 87 36 orta
571 603 54 36 est

219 629 74 39 In
256 629 98 39 Novo
317 629 172 39 Testamento
452 629 221 39 extraordinarie
636 629 111 39 missi
710 629 135 39 fuerunt
808 629 147 39 Johannes
907 629 61 39 Ba¬-

191 666 111 40 ptista
269 666 156 40 praecursor
391 666 134 40 Christi,
491 666 134 40 CHRISTUS
592 666 89 40 ipse
647 666 67 40 in
681 666 100 40 statu
747 666 178 40 humilitatis,
892 666 56 40 &
903 666 67 40 dis¬-

190 694 118 43 cipuli
273 694 129 43 Christi
367 694 71 43 ab
402 694 129 43 ipsomet
496 694 153 43 immediate
614 694 71 43 ad
649 694 129 43 docendi
743 694 106 43 munus
802 694 94 43 electi

220 731 132 44 Iohannes
319 731 132 44 Baptista
418 731 154 44 praecursor
538 731 132 44 Christi,
637 731 88 44 fuit
692 731 132 44 Propheta
791 731 154 44 Altissimi,
900 731 77 44 prae¬-

186 763 120 33 cedens
270 763 132 33 Messiam
366 763 84 33 cum
415 763 132 33 spiritu
511 763 60 33 &
535 763 144 33 veritate
643 763 120 33 Eliae,
727 763 72 33 ut
763 763 180 33 converteret
896 763 84 33 corda

193 791 136 36 Patrum,
291 791 62 36 &
316 791 148 36 rebelles
427 791 74 36 ad
464 791 173 36 prudentiam
600 791 160 36 justorum,
723 791 62 36 &
748 791 136 36 pararet
847 791 136 36 Domino,
933 791 74 36 sta¬-

193 827 87 31 tim
242 827 175 31 sequuturo,
380 827 137 31 populum
480 827 187 31 instructum:
629 827 100 31 quin
692 827 112 31 etiam
767 827 137 31 Dominum
854 827 125 31 praesen¬-

184 860 76 30 tem
228 860 185 30 demonstraret,
380 860 87 30 Luc.
434 860 65 30 1.
466 860 65 30 v.
499 860 76 30 17.
542 860 109 30 Johan.
618 860 65 30 1.
651 860 65 30 v.
673 860 54 30 29.

246 884 149 46 Johannis
357 884 161 46 Baptistae
481 884 186 46 ministerium
629 884 149 46 pertinet
741 884 74 46 ad
778 884 111 46 novum
840 884 136 46 Testamen¬-

193 921 97 37 tum:
254 921 85 37 nam
302 921 73 37 i.
339 921 85 37 Jam
387 921 97 37 ante
448 921 146 37 Johannis
558 921 182 37 ministerium
704 921 170 37 Evangelium
837 921 73 37 de
862 921 109 37 Christa

191 958 91 38 nato
247 958 181 38 praedicatum,
394 958 68 38 ut
428 958 68 38 ex
462 958 91 38 Luc.
519 958 68 38 1.
553 958 57 38 &
576 958 68 38 2.
609 958 91 38 item
666 958 113 38 Matth.
745 958 68 38 1.
779 958 57 38 &
802 958 68 38 2.
836 958 136 38 constat.
926 958 57 38 II.

192 987 143 38 Johannes
300 987 119 38 quoque
383 987 167 38 Evangelium
514 987 72 38 de
550 987 131 38 Christo
646 987 191 38 annunciavit,
801 987 107 38 Marc.
873 987 72 38 1.
908 987 72 38 v.
932 987 48 38 1.

202 1021 67 46 2,
235 1021 67 46 3.
269 1021 90 46 III.
325 1021 112 46 Eundem
404 1021 191 46 administravit
561 1021 157 46 Baptismum,
685 1021 90 46 quia
741 1021 112 46 postea
820 1021 135 46 traditus
921 1021 90 46 fuit

195 1049 151 44 Apostolis
312 1049 58 44 a
323 1049 105 44 Christo

223 1081 140 41 CHRISTUS
328 1081 93 41 ipse
386 1081 70 41 in
421 1081 105 41 statu
491 1081 186 41 humilitatis,
642 1081 93 41 fuit
701 1081 140 41 minister
794 1081 186 41 circumcisionis

192 1109 83 52 pro
240 1109 83 52 Dei
287 1109 155 52 veritate,
406 1109 71 52 ut
442 1109 178 52 confirmaret
585 1109 190 52 promissiones
739 1109 131 52 Patrum,
835 1109 95 52 Rom.
894 1109 83 52 15.
942 1109 71 52 v.
965 1109 48 52 I.

197 1146 64 38 8.
229 1146 86 38 Hebr
283 1146 64 38 1.
315 1146 97 38 vers.
369 1146 43 38 1.

229 1179 157 37 Discipuli
350 1179 133 37 Christi
447 1179 73 37 ab
483 1179 133 37 ipsomet
580 1179 157 37 immediate
701 1179 73 37 ad
738 1179 133 37 docendi
835 1179 109 37 munus
895 1179 97 37 electi

196 1204 127 46 fuerunt
289 1204 81 46 tum
335 1204 138 46 Apostoli
439 1204 138 46 Christi,
542 1204 81 46 tum
588 1204 173 46 septuaginta
727 1204 92 46 alij
784 1204 138 46 adventus
877 1204 115 46 Christi¬

182 1248 131 43 praecones

222 1267 158 44 APOSTOLI
340 1267 158 44 CHRISTI,
459 1267 145 44 fuerunt
564 1267 145 44 Christi
669 1267 184 44 discipuli,
814 1267 171 44 immediate
932 1267 53 44 ab

215 1307 80 40 pso
260 1307 125 40 edocti,
351 1307 57 40 &
374 1307 102 40 missi
442 1307 68 40 ad
476 1307 159 40 Evangelium
602 1307 68 40 de
636 1307 114 40 Messia
715 1307 148 40 exhibito,
829 1307 91 40 ante
875 1307 102 40 adscer¬-

188 1340 117 38 sionem
270 1340 117 38 quidem
353 1340 129 38 Christi
446 1340 70 38 ad
482 1340 117 38 coelos
564 1340 117 38 tantum
646 1340 70 38 in
681 1340 129 38 Judaea,
775 1340 94 38 post
822 1340 176 38 adscensionem.

189 1374 112 40 autem
263 1374 137 40 Christi
363 1374 75 40 in
400 1374 149 40 universo
512 1374 149 40 terrarum
624 1374 100 40 orbe
686 1374 212 40 praedicandum,
861 1374 112 40 atque
923 1374 62 40 it;

192 1405 77 43 ad
231 1405 153 43 ponendum
345 1405 204 43 fundamentum,
511 1405 153 43 habentes
626 1405 64 43 a
651 1405 89 43 Deo
702 1405 89 43 hoc
753 1405 204 43 testimonium,
906 1405 77 43 quo-

193 1437 79 36 non
238 1437 135 36 erratent
339 1437 67 36 in
373 1437 146 36 doctrina,
485 1437 112 36 Matth.
564 1437 79 36 10.
609 1437 67 36 v.
642 1437 67 36 7.
676 1437 135 36 Profecti
777 1437 169 36 praedicate,
901 1437 90 36 dicen¬-

198 1469 93 38 tes,
256 1469 208 38 Appropinquavit
430 1469 116 38 regnum
511 1469 150 38 coelorum.
626 1469 69 38 Et
661 1469 81 38 28.
707 1469 69 38 v.
742 1469 81 38 19.
788 1469 150 38 Profecti,
892 1469 93 38 docet.

197 1500 109 38 omnes
270 1500 134 38 Gentes,
367 1500 182 38 baptizantes
512 1500 85 38 eos
561 1500 73 38 in
597 1500 121 38 nomine
682 1500 121 38 Patris
767 1500 61 38 &
792 1500 109 38 Filij
864 1500 61 38 &
877 1500 121 38 Spiritus

200 1531 117 45 Sancti.
286 1531 106 45 Actor.
360 1531 64 45 1.
392 1531 64 45 v.
424 1531 64 45 8.
456 1531 85 45 Gal.
509 1531 64 45 1.
541 1531 64 45 v.
573 1531 64 45 1.
605 1531 106 45 Paulus
679 1531 138 45 Apostolus
786 1531 85 45 (non
839 1531 64 45 ab
860 1531 128 45 hominibus.

199 1567 105 42 neque
269 1567 82 42 per
316 1567 140 42 hominem,
421 1567 82 42 sed
467 1567 82 42 per
514 1567 105 42 Iesum
584 1567 152 42 Christum,
701 1567 70 42 ac
736 1567 93 42 Deum
794 1567 128 42 Patrem,
887 1567 82 42 qui
922 1567 70 42 sus¬-

207 1603 124 38 citavit
297 1603 79 38 eum
342 1603 68 38 ex
376 1603 147 38 mortuis.)
489 1603 56 38 &
512 1603 68 38 v.
546 1603 79 38 12.
591 1603 102 38 Neque
658 1603 90 38 enim
715 1603 79 38 ego
760 1603 68 38 ab
794 1603 113 38 homine
873 1603 68 38 id
896 1603 90 38 accepi

199 1627 98 48 neque
264 1627 120 48 edoctus
351 1627 87 48 sum,
406 1627 76 48 sed
449 1627 174 48 patefaciente
591 1627 87 48 mihi
645 1627 87 48 Iesu
699 1627 131 48 Christo.
797 1627 65 48 1.
830 1627 131 48 Corinth.
928 1627 65 48 3.
950 1627 44 48 v.

191 1666 74 42 10.
234 1666 106 42 Ephes.
308 1666 64 42 2.
340 1666 64 42 v.
372 1666 74 42 20.
415 1666 117 42 Apocal.
500 1666 74 42 21.
543 1666 64 42 v.
564 1666 53 42 14.

224 1693 142 39 Duodecim
331 1693 189 39 tintinnabula
484 1693 59 39 e
508 1693 106 39 vesto
579 1693 165 39 Pontificis
709 1693 118 39 talari
791 1693 154 39 suspensa,
898 1693 95 39 duode¬-

193 1728 83 38 cim
241 1728 190 38 Apostolorum,
395 1728 59 38 a
419 1728 131 38 virtute
513 1728 131 38 aeterni
608 1728 166 38 Sacerdotis
739 1728 131 38 Christi
822 1728 166 38 dependentium

205 1757 112 45 quorum
283 1757 90 45 voce
340 1757 101 45 terra
407 1757 146 45 universa,
520 1757 112 45 gloria
598 1757 56 45 &
621 1757 112 45 gratia
700 1757 124 45 Christi
790 1757 124 45 repleta
880 1757 90 45 est,
925 1757 67 45 sym¬-

194 1795 119 38 bolum
273 1795 159 38 typusque
392 1795 159 38 fuerunt:
511 1795 159 38 Justinus
630 1795 132 38 Martyr
723 1795 146 38 Dialogo
829 1795 93 38 cum
869 1795 132 38 Tryphone

208 1824 119 34 udaeo,
291 1824 119 34 pagina
374 1824 273 34 ducentesimasecunda.
611 1824 142 34 Quocirca
718 1824 107 34 David
789 1824 107 34 etiam
861 1824 95 34 ait:
920 1824 71 34 In
944 1824 47 34 o¬-

189 1861 97 32 mnem
249 1861 121 32 terram
334 1861 121 32 exivit
418 1861 109 32 sonus
491 1861 121 32 eorum,
575 1861 60 32 &
599 1861 72 32 in
635 1861 109 32 fines
708 1861 109 32 orbis
780 1861 109 32 verba
840 1861 97 32 eorum.

239 1884 63 39 De
270 1884 73 39 iis
312 1884 147 39 praedictum
427 1884 94 39 erat,
490 1884 94 39 Jesa.
553 1884 73 39 66.
595 1884 63 39 v.
626 1884 73 39 19,
668 1884 73 39 20.
710 1884 73 39 Non
752 1884 84 39 erit
804 1884 84 39 tibi
857 1884 115 39 amplius
930 1884 63 39 Sol¬-

198 1915 72 38 in
234 1915 109 38 lucem
306 1915 145 38 diurnam,
415 1915 60 38 &
439 1915 96 38 quod
499 1915 72 38 ad
536 1915 169 38 splendorem
668 1915 133 38 noctis,
765 1915 96 38 Luna
825 1915 84 38 non
861 1915 133 38 illustra¬-

197 1946 76 43 bit
240 1946 76 43 te,
284 1946 76 43 sed
327 1946 87 43 erit
381 1946 87 43 tibi
436 1946 108 43 Iehova
511 1946 87 43 luci
566 1946 152 43 perpetuae,
685 1946 54 43 &
706 1946 87 43 Deus
761 1946 87 43 tuus
815 1946 141 43 ornamento
912 1946 76 43 tibi¬-

201 1977 85 45 Non
249 1977 133 45 occidet
346 1977 133 45 amplius
443 1977 85 45 Sol
491 1977 109 45 tuus,
564 1977 61 45 &
588 1977 97 45 Luna
649 1977 85 45 tua
697 1977 85 45 non
746 1977 157 45 recipiet:
867 1977 85 45 nam
903 1977 97 45 Iehova

207 2014 87 43 tibi
262 2014 87 43 erit
316 2014 87 43 luci
371 2014 153 43 perpetuae,
490 2014 54 43 &
512 2014 131 43 completi
610 2014 98 43 erunt
676 2014 87 43 dies
730 2014 109 43 luctus
796 2014 54 43 tui

229 2037 169 50 Docuerunt
359 2037 117 50 autem
438 2037 182 50 Evangelium
581 2037 91 50 tum
633 2037 169 50 veritatem
763 2037 209 50 confirmando,
920 2037 65 50 tum

205 2073 127 43 errores
298 2073 162 43 refutando,
425 2073 104 43 Actor
494 2073 69 43 9.
529 2073 69 43 v.
564 2073 81 43 22,
610 2073 81 43 29.
656 2073 69 43 Et
691 2073 92 43 quia
748 2073 185 43 annunciarunt
887 2073 104 43 Evange¬-

201 2111 97 41 lium
261 2111 97 41 quod
322 2111 85 41 est
370 2111 145 41 potentia
479 2111 85 41 Dei
527 2111 72 41 ad
563 2111 133 41 salutem
660 2111 121 41 cuivis
744 2111 157 41 credenti,
865 2111 60 41 &
877 2111 109 41 vocarum

204 2138 170 45 ministerio
337 2138 218 45 praedicationis
519 2138 158 45 Evangelij
640 2138 133 45 homines
737 2138 73 45 ad
774 2138 133 45 salutem
871 2138 85 45 per
907 2138 85 45 Chri¬-

204 2172 97 48 stum
265 2172 134 48 partam,
362 2172 170 48 nominantur
496 2172 170 48 servatores
630 2172 61 48 a
654 2172 146 48 Propheta
764 2172 122 48 Obadja
849 2172 110 48 versu
910 2172 85 48 ulti¬-

208 2213 77 36 mo,
252 2213 77 36 vel
296 2213 165 36 Salvatores,
428 2213 66 36 ut
461 2213 121 36 vulgata
548 2213 110 36 versio
625 2213 110 36 Latina
702 2213 99 36 habet

235 2225 182 52 Apostolorum
381 2225 134 52 Christi
478 2225 97 52 prae
539 2225 170 52 ordinariis
673 2225 97 52 novi
734 2225 170 52 Testamenti
855 2225 134 52 ministris

205 2275 159 48 privilegia
330 2275 80 48 seu
375 2275 193 48 praerogativae
523 2275 114 48 fuerunt:

240 2301 67 45 I.
273 2301 146 45 Immediata
385 2301 56 45 a
408 2301 123 45 Christo
497 2301 168 45 institutio¬

240 2333 77 46 2.
279 2333 166 46 Immediata
407 2333 77 46 ab
445 2333 115 46 eodem
522 2333 128 46 missio
612 2333 77 46 ad
637 2333 141 46 docendum.

243 2357 71 53 3.
279 2357 153 53 Ceneralis
396 2357 130 53 legatio
491 2357 71 53 in
526 2357 153 53 universum
644 2357 106 53 orbem
715 2357 153 53 terrarum,
833 2357 83 53 cum
868 2357 118 53 potesta¬-

212 2403 69 42 re
246 2403 148 42 plantandi
360 2403 57 42 &
383 2403 137 42 fundandi
486 2403 114 42 ubivis
566 2403 160 42 Ecclesias,
691 2403 80 42 non
737 2403 69 42 in
771 2403 80 42 uno
817 2403 137 42 duntaxat
908 2403 80 42 loco¬-

203 2435 67 40 2.
236 2435 133 40 Corinth.
336 2435 78 40 11.
381 2435 100 40 vers.
436 2435 56 40 28.

266 2456 69 52 4.
301 2456 104 52 Hujus
370 2456 150 52 generalis
486 2456 161 52 legationis
612 2456 58 52 &
636 2456 161 52 potestatis
762 2456 138 52 visibile
855 2456 138 52 symbolum,:

211 2497 110 46 nempe
284 2497 122 46 manuum
369 2497 171 46 impositio,
503 2497 85 46 per
552 2497 98 46 quam
613 2497 183 46 vilibiliter
759 2497 98 46 dona
820 2497 146 46 Spiritus
918 2497 73 46 San¬-

204 2534 82 43 cti
251 2534 200 43 conferebantur

247 2555 72 48 5.
283 2555 155 48 Immunitas
402 2555 72 48 ab
438 2555 96 48 omni
498 2555 120 48 errore
582 2555 155 48 doctrinae
701 2555 96 48 post
761 2555 143 48 acceptum
868 2555 84 48 die
904 2555 84 48 Pente

203 2597 127 45 costes
292 2597 152 45 Spiritum
394 2597 114 45 sanctum

236 2611 71 56 6.
272 2611 226 56 Extraordinarius
462 2611 143 56 Spiritus
569 2611 60 56 &
593 2611 214 56 extraordinaria
772 2611 155 56 autoritas
879 2611 119 56 adjuncto

209 2652 128 53 adversus
305 2652 128 53 rebelles
401 2652 160 53 spiritualis
529 2652 170 53 coercitionis
667 2652 96 53 jure,
731 2652 64 53 2.
763 2652 106 53 Chron.
837 2652 75 53 10.
880 2652 64 53 v.
912 2652 64 53 6,
933 2652 32 53 &

246 2687 67 45 7.
279 2687 100 45 Donum
346 2687 166 45 praedicendi
479 2687 122 45 futura:
568 2687 100 45 sicut
634 2687 111 45 Paulus
712 2687 144 45 praedixit
823 2687 67 45 de
856 2687 166 45 restitutio¬

202 2716 67 45 ne
235 2716 157 45 Judaeorum,
359 2716 90 45 Rom.
415 2716 78 45 11.
459 2716 67 45 v.
493 2716 78 45 25.
538 2716 56 45 &
560 2716 67 45 de
594 2716 179 45 Antichristo.
739 2716 67 45 2.
773 2716 134 45 Thessal.
873 2716 67 45 2.
907 2716 67 45 v.
941 2716 67 45 3.
963 2716 56 45 Jo¬-

206 2759 124 45 hannes
292 2759 74 45 in
330 2759 174 45 Apocalypsi
453 2759 112 45 plurima

231 2773 71 65 8.
267 2773 153 65 Autoritas
385 2773 83 65 qua
432 2773 118 65 nullus
514 2773 71 65 ex
550 2773 165 65 discipulis
680 2773 130 65 ipsorum
774 2773 153 65 comparari
892 2773 83 65 cum
927 2773 83 65 ipsis

216 2813 117 44 unquam
298 2813 128 44 potuit,
391 2813 82 44 aut
438 2813 128 44 potest:
531 2813 93 44 quam
589 2813 93 44 enim
647 2813 140 44 Apostoli
752 2813 128 44 Christi
846 2813 105 44 supra
904 2813 93 44 Eccle¬-

211 2853 104 40 siam
276 2853 156 40 reliquam
393 2853 208 40 exstiterunt.
562 2853 156 40 Secundum
680 2853 182 40 legationem
810 2853 182 40 Apostolicam;

222 2876 127 47 Christo
315 2876 104 47 ipsis
384 2876 162 47 commissam,
511 2876 104 47 supra
581 2876 150 47 Ecclesiam
696 2876 104 47 sunt:
766 2876 139 47 secundum
870 2876 69 47 se
905 2876 92 47 vero
951 2876 46 47 in

215 2909 139 44 Ecclesia
320 2909 93 44 sunt
377 2909 69 44 ut
412 2909 116 44 membra
493 2909 127 44 ipsius,
586 2909 174 44 autoritatem
724 2909 116 44 Domini
805 2909 81 44 sui
852 2909 58 44 &
863 2909 139 44 legationis

209 2952 82 42 suae
250 2952 163 42 testificantia.

247 2966 110 52 Omnes
320 2966 110 52 autem
394 2966 147 52 Apostoli
504 2966 135 52 Christi
602 2966 208 52 fueruntipares
774 2966 172 52 dignitate,
896 2966 98 52 autori

214 3005 102 48 tate,
282 3005 91 48 jure
338 3005 57 48 &
361 3005 159 48 potestate.
485 3005 102 48 Omnes
553 3005 136 48 Apostoli
655 3005 125 48 Christi
746 3005 125 48 fuerunt
836 3005 125 48 vicarij
916 3005 79 48 Chri¬-

210 3036 100 54 sti.
273 3036 100 54 Vide
336 3036 163 54 Ambrosium
461 3036 175 54 Commentar.
599 3036 75 54 in
637 3036 138 54 tertium
737 3036 113 54 caput
812 3036 75 54 ad
837 3036 163 54 Corinthios:

250 3068 85 47 Nec
299 3068 122 47 Petrus
384 3068 110 47 inter
457 3068 85 47 eos
506 3068 147 47 primatum
616 3068 85 47 aut
665 3068 171 47 Monarchiam
799 3068 134 47 gessit:
897 3068 85 47 nec
934 3068 73 47 uni¬-

211 3109 132 54 versalis
310 3109 142 54 Apostolus
408 3109 77 54 fuit.

1050 180 81 64 Sed
1097 180 128 64 omnibus
1190 180 58 64 &
1213 180 139 64 singulis
1317 180 151 64 Apostolis
1433 180 128 64 Christi
1526 180 116 64 totius
1607 180 151 64 Ecclesiae
1712 180 81 64 regi¬-

1007 213 76 62 men
1050 213 97 62 datum
1115 213 76 62 est
1158 213 86 62 pari
1213 213 86 62 jure
1267 213 54 62 &
1288 213 140 62 potestate
1396 213 108 62 Matth.
1472 213 76 62 28.
1515 213 65 62 v.
1547 213 76 62 19.
1591 213 86 62 Joh.
1645 213 76 62 20.
1688 213 65 62 v.
1720 213 76 62 21.
1753 213 43 62 2.

1029 251 112 36 Corinth.
1113 251 66 36 11.
1150 251 56 36 v.
1169 251 47 36 28.

1050 268 150 62 Apostolis
1166 268 127 62 Christi
1258 268 104 62 etiam
1328 268 92 62 post
1386 268 185 62 adscensionem
1536 268 127 62 Christi
1628 268 69 62 ad
1663 268 127 62 coelos,
1744 268 46 62 ad

1017 314 115 50 juncti
1098 314 104 50 fuere
1168 314 185 50 Evangelistae
1318 314 58 50 &
1341 314 150 50 Prophetae
1456 314 92 50 novi
1514 314 173 50 testamenti,
1652 314 115 50 quorum
1722 314 69 50 fun¬-

1014 353 94 47 ctio
1073 353 106 47 etiam
1144 353 71 47 ad
1179 353 118 47 tempus
1261 353 118 47 durare
1343 353 129 47 debuit,
1438 353 82 47 dum
1485 353 176 47 erigerentur
1626 353 153 47 Ecclesiae
1731 353 71 47 ubi¬-

1012 386 114 41 nullae
1091 386 91 41 ante
1149 386 137 41 fuerant,
1251 386 80 41 vel
1297 386 103 41 certe
1365 386 57 41 a
1388 386 91 41 Mose
1445 386 68 41 ad
1480 386 137 41 Christum
1571 386 171 41 traducerentur

1045 413 181 51 Distinguendi
1192 413 68 51 ab
1226 413 102 51 illis
1293 413 90 51 sunt
1350 413 136 51 Apostoli
1452 413 181 51 Ecclesiarum,
1599 413 79 51 hoc
1644 413 90 51 est,
1700 413 90 51 quos
1745 413 57 51 Ec¬-

1023 439 128 68 clesiae
1117 439 70 68 ad
1152 439 128 68 aliquod
1245 439 105 68 munus
1315 439 140 68 obeundum
1420 439 175 68 ablegarunt,
1560 439 70 68 de
1595 439 140 68 qualibus
1700 439 117 68 loqui¬

1019 473 75 39 tur
1062 473 106 39 Paulus
1136 473 64 39 2.
1168 473 128 39 Corinth.
1264 473 64 39 8.
1296 473 64 39 v.
1317 473 43 39 23

1038 509 86 45 Item
1092 509 130 45 Apostoli
1190 509 97 45 Illi,
1254 509 76 45 qui
1298 509 65 45 ab
1330 509 141 45 Apostolis
1438 509 119 45 Christi
1525 509 119 45 fuerant
1611 509 108 45 missi,
1687 509 65 45 ut
1709 509 86 45 passim

1017 532 159 55 Evangelio
1139 532 184 55 praedicando
1286 532 184 55 impenderent
1433 532 135 55 operam,
1531 532 61 55 &
1555 532 159 55 Ecclesias
1665 532 135 55 institue¬-

1020 576 109 51 rent,
1092 576 85 51 non
1141 576 157 51 adstricti
1261 576 72 51 ad
1298 576 97 51 unam
1358 576 121 51 certam
1443 576 169 51 Ecclesiam;
1576 576 121 51 quales
1660 576 133 51 fuerunt
1745 576 60 51 An¬-

1016 610 136 36 dronicus
1118 610 57 36 &
1140 610 125 36 Junias,
1231 610 113 36 Roman.
1311 610 79 36 16.
1356 610 68 36 v.
1379 610 45 36 7.

1075 635 156 55 Opponuntur
1197 635 100 55 autem
1264 635 100 55 illis
1331 635 212 55 Pseudoapostoli,
1509 635 78 55 qui
1554 635 89 55 sunt
1610 635 134 55 operarij
1699 635 100 55 dolosi¬-

1026 672 168 40 transformati
1162 672 63 40 in
1193 672 136 40 Apostolos
1298 672 126 40 Christi,
1393 672 63 40 2.
1424 672 84 40 Cor.
1477 672 73 40 11.
1519 672 63 40 v.
1540 672 52 40 13.

1073 702 202 44 EUANGELISTAE
1238 702 139 44 duplici
1339 702 139 44 fuerunt
1440 702 126 44 gradu:
1528 702 126 44 priore
1617 702 114 44 gradu
1693 702 101 44 sunt
1743 702 76 44 Apo¬-

1014 728 107 57 stoli
1085 728 107 57 ipsi,
1157 728 83 57 qui
1204 728 166 57 Evangelium
1335 728 71 57 de
1370 728 95 57 Jesu
1429 728 131 57 Christo
1524 728 83 57 non
1572 728 119 57 tantum
1643 728 178 57 praedicarunts

1021 770 87 36 vira
1075 770 98 36 voce,
1140 770 76 36 sed
1184 770 98 36 etiam
1249 770 152 36 inspirante
1368 770 130 36 Spiritus
1466 770 108 36 Sancto
1542 770 195 36 conscripserunt
1694 770 108 36 ipsimet:

1027 794 69 48 ut
1061 794 160 48 Matthaeus,
1187 794 149 48 Johannes,
1301 794 114 48 Paulus
1381 794 160 48 Apostolus,
1507 794 103 48 cujus
1576 794 149 48 epistolae
1691 794 80 48 non
1725 794 80 48 minus

1023 828 102 54 sunt
1087 828 179 54 Evangelium
1227 828 140 54 Christi
1329 828 115 54 atque
1406 828 179 54 Evangelium
1546 828 64 54 a
1572 828 153 54 Matthaeo
1686 828 64 54 &
1699 828 115 54 Johanne

1009 857 162 49 perscriptum

1054 885 177 51 Evangelistae
1198 885 155 51 posteriere
1319 885 110 51 gradu,
1396 885 121 51 fuerunt
1485 885 77 51 qui
1529 885 144 51 Apostolis
1639 885 121 51 officio
1717 885 88 51 proxi¬-

1023 925 72 45 mi
1059 925 119 45 erant,
1142 925 131 45 adeoque
1238 925 107 45 vices
1310 925 107 45 eorum
1381 925 155 45 gerebant,
1501 925 107 45 velut
1572 925 179 45 Apostolorum
1704 925 107 45 comites

1026 959 58 42 &
1050 959 150 42 συνεργοι,
1165 959 81 42 qui
1212 959 81 42 una
1258 959 81 42 cum
1304 959 150 42 Apostolis
1420 959 58 42 &
1443 959 104 42 jussu
1513 959 127 42 illorum
1605 959 162 42 Evangelium
1721 959 81 42 prae¬-

1017 996 147 42 dicabant
1127 996 98 42 apud
1189 996 147 42 quosvis:
1299 996 123 42 quales
1385 996 135 42 fuerunt
1484 996 135 42 Marcus,
1582 996 123 42 Lucas,
1656 996 147 42 Timotheus.

1029 1022 101 36 Titus,
1100 1022 141 36 Philippus,
1210 1022 81 36 Act.
1261 1022 61 36 8.
1291 1022 61 36 v.
1321 1022 61 36 5.
1352 1022 50 36 &
1372 1022 81 36 cap.
1422 1022 71 36 21.
1463 1022 61 36 v.
1483 1022 30 36 8

1083 1046 73 43 Ex
1119 1046 86 43 iis
1168 1046 122 43 Marcus
1254 1046 61 43 &
1278 1046 110 43 Lucas
1352 1046 110 43 etiam
1425 1046 171 43 Evangelium
1559 1046 73 43 de
1596 1046 98 43 Jesu
1657 1046 134 43 Christo
1743 1046 73 43 con¬-

1017 1079 188 58 scripserunt,
1170 1079 94 58 quod
1229 1079 141 58 Apostoli
1335 1079 82 58 per
1382 1079 141 58 Spiritum
1488 1079 129 58 Sanctum
1582 1079 106 58 illis
1652 1079 165 58 dictarunt,
1770 1079 35 58 &

1025 1122 151 42 exceptum
1139 1122 126 42 postea
1227 1122 88 42 per
1277 1122 126 42 eundem
1365 1122 151 42 Spiritum
1478 1122 138 42 Sanctum
1579 1122 189 42 approbarunt

1060 1149 147 49 Prophetae
1172 1149 90 49 novi
1229 1149 158 49 Testamenti
1353 1149 135 49 fuerunt,
1454 1149 79 49 qui
1499 1149 158 49 Scripturae
1623 1149 169 49 Propheticae
1747 1149 68 49 sen¬-

1028 1173 93 42 sum,
1087 1173 93 42 quem
1145 1173 70 42 ex
1180 1173 152 42 singulari
1297 1173 175 42 revelatione
1437 1173 140 42 Spiritus
1542 1173 117 42 Sancti
1623 1173 175 42 didicerant,
1752 1173 58 42 Ec¬-

1026 1214 123 42 clesiae
1115 1214 168 42 aperiebant,
1249 1214 112 42 quorum
1328 1214 112 42 aliqui
1406 1214 101 42 simul
1473 1214 78 42 res
1517 1214 123 42 futuras
1607 1214 190 42 praedicebant:
1752 1214 56 42 vel

1041 1246 63 53 it
1072 1246 115 53 Agabus,
1156 1246 105 53 Actor.
1229 1246 73 53 11.
1271 1246 63 53 v.
1302 1246 73 53 27.
1344 1246 52 53 &
1365 1246 84 53 cap.
1417 1246 73 53 21.
1459 1246 94 53 vers.
1522 1246 73 53 10.
1564 1246 105 53 Ephes.
1637 1246 63 53 3.
1668 1246 63 53 v.
1700 1246 63 53 5.
1731 1246 94 53 Iudas
1784 1246 31 53 &

1041 1272 83 41 Silas
1096 1272 92 41 Actor.
1160 1272 64 41 15.
1197 1272 55 41 v.
1215 1272 37 41 3:

1066 1306 80 47 His
1111 1306 160 47 adiungimus
1237 1306 194 47 Prophetissas,
1397 1306 91 47 quae
1454 1306 148 47 peculiari
1568 1306 91 47 dono
1625 1306 171 47 praedicendi
1751 1306 57 47 fu¬-

1031 1341 86 55 tura
1085 1341 151 55 instructae
1204 1341 108 55 erant,
1280 1341 108 55 quales
1355 1341 119 55 fuerunt
1442 1341 119 55 quatuor
1528 1341 108 55 filiae
1604 1341 130 55 Philippi
1690 1341 119 55 Evangelis

1039 1369 83 42 stae,
1094 1369 92 42 Actor.
1158 1369 64 42 21.
1195 1369 55 42 v.
1213 1369 37 42 9.

1059 1399 86 42 Tum
1108 1399 98 42 quia
1169 1399 147 42 Ecclesia
1280 1399 98 42 novi
1341 1399 172 42 Testamenti
1476 1399 74 42 ex
1513 1399 135 42 omnibus
1611 1399 147 42 Gentibus
1709 1399 98 42 collis

1041 1436 107 40 genda
1112 1436 107 40 erat,
1184 1436 95 40 ideo
1243 1436 154 40 praecipue
1362 1436 95 40 dono
1421 1436 154 40 linguarum
1540 1436 143 40 Apostoli
1647 1436 59 40 &
1659 1436 166 40 Evangelistae

1050 1465 92 41 rnati
1111 1465 123 41 fuerunt,
1203 1465 102 41 Actor.
1275 1465 61 41 2.
1306 1465 61 41 v.
1326 1465 41 41 4.

1073 1499 170 50 Septuaginta
1209 1499 147 50 discipuli
1322 1499 91 50 alj,
1378 1499 136 50 adventus
1480 1499 125 50 Christi
1571 1499 159 50 praenuncij
1695 1499 91 50 ante
1741 1499 79 50 Chri¬-

1045 1527 72 59 ti
1081 1527 157 59 passionem
1202 1527 109 59 missi
1274 1527 60 59 a
1299 1527 133 59 Christo
1395 1527 133 59 fuerant
1492 1527 72 59 in
1528 1527 109 59 omnem
1601 1527 109 59 urbem
1673 1527 60 59 &
1697 1527 121 59 locum,
1770 1527 60 59 quo

1031 1567 115 43 futurum
1114 1567 84 43 erat
1166 1567 63 43 ut
1198 1567 84 43 ipse
1250 1567 125 43 veniret,
1344 1567 84 43 Luc.
1396 1567 73 43 10.
1438 1567 63 43 v.
1459 1567 42 43 1,

1060 1599 140 51 Tantum
1158 1599 84 51 de
1200 1599 267 51 extraordinariis
1425 1599 112 51 Novi
1495 1599 197 51 Testamenti
1636 1599 168 51 ministris:

1281 1645 158 46 sequitur
1399 1645 79 46 de
1425 1645 145 46 ordinarus

1095 1686 150 45 Ordinarij
1211 1686 139 45 ministri
1315 1686 150 45 Ecclesiae
1431 1686 93 45 Novi
1489 1686 173 45 Testamenti,
1627 1686 93 45 sunt
1685 1686 116 45 quorum
1755 1686 69 45 fun¬-

1044 1717 92 47 stio
1102 1717 92 47 post
1160 1717 173 47 constitutum
1299 1717 104 47 semel
1368 1717 127 47 ordinem
1461 1717 208 47 Ecclesiasticum
1634 1717 81 47 est
1680 1717 150 47 perpetua,
1784 1717 35 47 &

1030 1754 108 41 usque
1102 1754 72 41 ad
1138 1754 108 41 finem
1209 1754 108 41 mundi
1281 1754 72 41 in
1317 1754 143 41 Ecclesia
1413 1754 131 41 duratura.

1090 1781 80 45 Non
1135 1781 103 45 autem
1204 1781 92 45 alij
1261 1781 137 45 ministri
1364 1781 149 45 Ecclesiae
1479 1781 92 45 sunt
1536 1781 183 45 constituendi
1685 1781 80 45 aut
1719 1781 92 45 human¬-

1042 1819 134 38 arbitrio
1142 1819 156 38 constituti
1265 1819 167 38 recipiendi,
1399 1819 89 38 quam
1455 1819 112 38 quales
1533 1819 134 38 Christus
1633 1819 89 38 ipse
1689 1819 78 38 per
1723 1819 100 38 Aposto¬-

1031 1850 79 40 los
1076 1850 158 40 instituit.
1200 1850 102 40 Nulla
1268 1850 90 40 enim
1325 1850 113 40 melior
1404 1850 113 40 potest
1483 1850 90 40 esse
1540 1850 79 40 jam
1585 1850 158 40 gubernatio
1698 1850 113 40 Ecclesia

1032 1883 174 35 Christianae,
1173 1883 87 35 quam
1227 1883 108 35 qualis
1303 1883 54 35 a
1325 1883 119 35 Christo
1412 1883 87 35 ipso
1466 1883 76 35 per
1509 1883 141 35 Apostolos
1618 1883 76 35 est
1661 1883 152 35 instituta:
1770 1883 43 35 a¬-

1030 1917 127 42 proinde
1123 1917 69 42 in
1157 1917 127 42 talibus
1249 1917 150 42 ministris
1365 1917 150 42 Ecclesiae
1480 1917 207 42 acquiescendum,
1653 1917 115 42 quales
1722 1917 92 42 Christ

1040 1949 147 32 voluntate
1153 1949 68 32 ab
1187 1949 147 32 Apostolis
1300 1949 147 32 praefecti
1402 1949 124 32 Ecclesis.

1065 1973 105 45 Eorum
1135 1973 105 45 aliis
1206 1973 105 45 rerum
1276 1973 187 45 spiritualium
1428 1973 164 45 procuratio
1557 1973 82 45 est
1603 1973 164 45 demandata,
1732 1973 105 45 aliis

1037 2005 182 42 corporalium.
1185 2005 80 42 Rom
1230 2005 80 42 12.
1276 2005 68 42 v.
1310 2005 68 42 6,
1344 2005 68 42 7.
1367 2005 46 42 8.

1073 2038 80 43 Qui
1118 2038 103 43 rerum
1187 2038 183 43 spiritualium
1335 2038 194 43 procurationem
1495 2038 125 43 habent,
1586 2038 80 43 aut
1632 2038 160 43 doctrinae:
1746 2038 68 43 prae

1037 2065 92 50 sunt,
1098 2065 72 50 aut
1129 2065 133 50 disciplinae

1060 2093 146 51 Doctrinae
1172 2093 134 51 praesunt
1273 2093 101 51 illi,
1340 2093 112 51 quibus
1418 2093 101 51 munus
1485 2093 123 51 docendi
1575 2093 56 51 &
1597 2093 190 51 interpretandi
1743 2093 56 51 ve¬-

1034 2127 89 45 bum
1085 2127 89 45 Dei
1136 2127 89 45 est
1186 2127 152 45 legitime
1300 2127 177 45 commissum.
1440 2127 152 45 Vocantur
1554 2127 203 45 Synecdochice
1706 2127 101 45 prophe

1029 2171 115 33 tantes
1110 2171 81 33 seu
1156 2171 161 33 Prophetae,
1283 2171 69 33 id
1318 2171 92 33 est,
1375 2171 161 33 Scripturae
1502 2171 115 33 sensum
1583 2171 58 33 &
1606 2171 92 33 usum
1663 2171 92 33 dono
1709 2171 104 33 Spiritu

1041 2201 118 34 Sancti
1124 2201 188 34 intellectum,
1276 2201 106 34 aliis
1347 2201 165 34 aperientes
1476 2201 59 34 &
1500 2201 165 34 exponentes
1629 2201 71 34 ad
1664 2201 141 34 communem
1758 2201 59 34 ae¬-

1034 2232 190 46 dificationem,
1191 2232 190 46 exhortationem
1347 2232 56 46 &
1370 2232 202 46 consolationem,
1538 2232 67 46 I.
1572 2232 134 46 Corinth.
1672 2232 78 46 14.
1717 2232 67 46 v.
1751 2232 67 46 1,
1773 2232 45 46 3.

1047 2262 50 42 &
1067 2262 91 42 aliis
1117 2262 111 42 pluribus.

1090 2291 78 42 Qui
1135 2291 145 42 doctrinae
1246 2291 145 42 praesunt,
1358 2291 101 42 eorum
1425 2291 134 42 officium
1526 2291 78 42 est
1571 2291 145 42 λειτρργία
1683 2291 101 42 ἵερα,
1739 2291 78 42 mini¬-

1036 2325 125 39 sterium
1126 2325 113 39 sacrum
1206 2325 68 39 in
1240 2325 147 39 praeconio
1353 2325 102 39 verbi
1421 2325 91 39 Dei,
1478 2325 79 39 sic
1523 2325 68 39 ut
1557 2325 181 39 declaratione
1693 2325 125 39 veritatis

1050 2359 170 44 ommendent
1180 2359 157 44 seipsos,
1298 2359 104 44 apud
1363 2359 117 44 omnem
1442 2359 209 44 conscientiam
1611 2359 144 44 hominum
1716 2359 78 44 in
1742 2359 78 44 con¬-

1006 2381 116 61 Hspectu
1091 2381 84 61 Dei,
1143 2381 105 61 Actor.
1217 2381 74 61 13.
1259 2381 53 61 v
1280 2381 63 61 2.
1311 2381 63 61 2.
1343 2381 84 61 Cor.
1395 2381 63 61 4.
1427 2381 63 61 v.
1448 2381 42 61 2.

1076 2413 101 43 Eorum
1143 2413 135 43 officium
1244 2413 90 43 est,
1300 2413 112 43 testes
1379 2413 90 43 esse
1435 2413 112 43 Domini
1502 2413 79 43 Jesu.

1071 2446 82 41 Non
1118 2446 152 41 possidere
1235 2446 93 41 opes
1293 2446 140 41 terrenas
1398 2446 175 41 superfluas:
1538 2446 117 41 Primo,
1620 2446 70 41 ne
1655 2446 187 41 abstrahantur

1039 2477 55 45 a
1061 2477 132 45 servitio
1160 2477 88 45 Dei.
1215 2477 132 45 Secundo,
1314 2477 66 45 ne
1347 2477 66 45 se
1380 2477 143 45 implicent
1489 2477 132 45 negotiis
1588 2477 176 45 secularibus,
1731 2477 66 45 2.
1753 2477 66 45 Tim.

1042 2512 81 44 ae.
1089 2512 127 44 Tertio,
1181 2512 69 44 ne
1216 2512 127 44 relicto
1308 2512 127 44 officio
1400 2512 81 44 suo
1446 2512 58 44 &
1469 2512 92 44 cura
1527 2512 138 44 animarum
1631 2512 92 44 sibi
1677 2512 150 44 commissarum

1037 2548 97 38 fiant
1102 2548 183 38 procuratores,
1253 2548 140 38 oeconomi,
1360 2548 162 38 quaestores,
1490 2548 140 38 facientes
1598 2548 65 38 ea
1630 2548 86 38 quae
1673 2548 140 38 ministerio.

1042 2580 94 38 sunt
1101 2580 141 38 indigna.
1207 2580 129 38 Quarto,
1301 2580 94 38 quia
1360 2580 153 38 coelestia
1478 2580 118 38 potius
1560 2580 141 38 meditati
1666 2580 129 38 debent,
1748 2580 71 38 quam

1024 2619 114 32 terrena.

1091 2629 79 50 Non
1136 2629 146 50 acceptare
1248 2629 113 50 legata
1327 2629 146 50 Ecclesiae
1440 2629 135 50 privatis
1541 2629 101 50 veris
1609 2629 169 50 haeredibus,
1744 2629 79 50 Auc
1778 2629 45 50 u¬-

1051 2676 107 37 TINUS
1123 2676 71 37 ad
1158 2676 119 37 fratr.
1242 2676 71 37 in
1277 2676 107 37 erem.
1349 2676 107 37 serm.
1420 2676 179 37 quinquages.
1563 2676 143 37 secundo.
1670 2676 107 37 Moses
1730 2676 83 37 Exoda

1048 2708 78 44 86.
1092 2708 89 44 quum
1148 2708 100 44 satis
1215 2708 100 44 esset
1282 2708 123 44 oblatum
1372 2708 56 44 a
1394 2708 112 44 populo
1472 2708 78 44 pro
1517 2708 179 44 tabernaculo,
1662 2708 123 44 curavit
1740 2708 67 44 pro¬-

1045 2741 121 44 clamari
1133 2741 66 44 in
1166 2741 132 44 castris,
1265 2741 66 44 ne
1298 2741 88 44 quis
1354 2741 121 44 amplius
1442 2741 132 44 quicquam
1530 2741 121 44 offerret.

1092 2763 234 50 Ecclesiasticorum
1292 2763 164 50 privilegia
1420 2763 59 50 &
1444 2763 164 50 exemtiones
1573 2763 70 50 ab
1608 2763 141 50 oneribus
1714 2763 129 50 quibus¬

1049 2800 90 42 dam,
1105 2800 79 42 non
1150 2800 101 42 eodem
1218 2800 124 42 tempore
1308 2800 101 42 illis
1375 2800 90 42 sunt
1431 2800 158 42 concessae,
1555 2800 79 42 sed
1600 2800 146 42 paulatim.
1701 2800 113 42 Constan¬-

1041 2842 104 31 tinus
1111 2842 116 31 Magnus
1192 2842 116 31 exemit
1273 2842 208 31 Ecclesiasticos
1446 2842 185 31 functionibus
1596 2842 150 31 publicis,
1700 2842 116 31 persona¬-

1046 2865 101 37 libus
1113 2865 56 37 &
1136 2865 157 37 curialibus
1259 2865 67 37 C.
1293 2865 112 37 Theod.
1372 2865 67 37 de
1405 2865 146 37 Episcopis
1518 2865 56 37 &
1540 2865 135 37 Clericis
1641 2865 67 37 I.
1675 2865 67 37 2.
1698 2865 112 37 Constan¬-

1048 2899 92 35 tius
1106 2899 58 35 &
1129 2899 139 35 Constans
1233 2899 173 35 adjunxerunt
1372 2899 162 35 exemtionem
1499 2899 69 35 ab
1534 2899 127 35 actibus
1626 2899 139 35 sordidis
1730 2899 58 35 &
1742 2899 69 35 cen¬-

1052 2930 80 37 su,
1097 2930 114 37 Ibidem
1177 2930 68 37 I.
1211 2930 68 37 10
1245 2930 57 37 &
1268 2930 182 37 concesserunt
1415 2930 102 37 solis
1483 2930 148 37 Episcopis
1597 2930 159 37 exemtionem
1722 2930 57 37 a
1733 2930 80 37 judi¬-

1044 2960 81 41 ciis
1095 2960 81 41 fori
1146 2960 143 41 secularis,
1258 2960 143 41 manentibus
1370 2960 92 41 aliis
1431 2960 183 41 Ecclesiasticis
1584 2960 132 41 subjectis
1686 2960 102 41 judici
1747 2960 71 41 secu¬-

1054 2996 96 36 ari,
1114 2996 72 36 in
1150 2996 120 36 causis
1234 2996 72 36 ut
1269 2996 203 36 criminalibus,
1437 2996 84 36 ita
1485 2996 168 36 civilibus.
1617 2996 108 36 Circa
1688 2996 108 36 annum
1748 2996 72 36 420.

1047 3029 154 36 Honorius
1163 3029 64 36 &
1189 3029 180 36 Theodosius
1330 3029 90 36 II.
1382 3029 64 36 &
1407 3029 129 36 postea
1497 3029 180 36 Theodosius
1639 3029 64 36 &
1652 3029 167 36 Valentinia¬-

1045 3060 84 37 nus
1093 3060 96 37 III.
1153 3060 191 37 concesserunt
1308 3060 144 37 judicium
1416 3060 168 37 Clericorum
1548 3060 168 37 Episcopis,
1679 3060 72 37 si
1703 3060 108 37 utraqui

1043 3093 103 46 pars
1107 3093 193 46 litigantium
1261 3093 218 46 acquiesceret:
1441 3093 180 46 remittendo
1582 3093 90 46 eas
1634 3093 77 46 ad
1659 3093 167 46 Magistratus
