2063 3432
245 159 160 67 seculares,
370 159 69 67 si
405 159 80 67 una
450 159 126 67 partium
542 159 114 67 nollet
622 159 149 67 acceptare
736 159 160 67 Episcopum.
862 159 103 67 Ibid.
930 159 69 67 I.
965 159 80 67 41.
1010 159 80 67 &l.
1045 159 34 67 A

250 207 90 61 77.
302 207 103 61 Idem
366 207 193 61 confirmavit
520 207 167 61 Martianus
648 207 116 61 cixca
725 207 116 61 annum
802 207 90 61 460
853 207 64 61 &
879 207 90 61 Leo
930 207 141 61 succes¬

244 241 77 48 sor
288 241 99 48 ejus.
354 241 166 48 Justinianus
487 241 99 48 circa
553 241 99 48 annum
619 241 88 48 560.
675 241 99 48 legem
741 241 110 48 tulit,
818 241 66 48 ut
851 241 188 48 Ecclesiastici
995 241 44 48 i1

257 273 108 45 causis
333 273 140 45 civilibus
440 273 129 45 subjecti
537 273 108 45 essent
613 273 140 45 Episcopo,
721 273 65 45 in
753 273 172 45 criminalibus
893 273 108 45 judici
958 273 75 45 secu¬-

250 306 101 49 lari;
317 306 68 49 C.
351 306 68 49 de
385 306 113 49 Episc.
464 306 56 49 &
487 306 101 49 Cler.
554 306 56 49 I
577 306 79 49 cum
622 306 135 49 clerici;
723 306 101 49 Cead.
791 306 68 49 I.
825 306 101 49 omnis
892 306 90 49 qui.
949 306 79 49 Hoc
983 306 56 49 du¬-

243 338 112 47 ravit
317 338 112 47 usque
392 338 75 47 ad
429 338 112 47 annum
504 338 100 47 630.
566 338 124 47 quando
653 338 162 47 Heraclius
777 338 124 47 exemit
852 338 199 47 Ecclesiasticos

252 370 175 46 Magistratui
392 370 140 46 seculari
497 370 82 46 tam
544 370 70 46 in
579 370 163 46 civilibus,
707 370 93 46 quam
765 370 70 46 in
800 370 187 46 criminalibus
940 370 105 46 causis,

256 404 109 44 salva
329 404 109 44 tamen
402 404 122 44 semper
487 404 170 44 autoritate
621 404 182 44 delegatorum
766 404 170 44 Principis.
900 404 134 44 Novell.
985 404 61 44 83.

246 436 90 49 Sub
298 436 232 49 Imperatoribus,
491 436 142 49 Francis
594 436 65 49 &
620 436 168 49 Saxonibus
749 436 116 49 varie
827 436 181 49 observatum
956 436 90 49 fuit.

259 468 109 47 prout
332 468 85 47 jam
380 468 194 47 Imperatores,
537 468 85 47 jam
586 468 170 47 Pontifices
719 468 218 47 praevaluerunt.
901 468 121 47 Tandem
973 468 73 47 Fri¬-

250 501 136 44 dericus
349 501 87 44 II.
398 501 112 44 circa
473 501 112 44 annum
547 501 112 44 1220.
622 501 112 44 fecit
696 501 186 44 authenticam
845 501 149 44 insertam
944 501 99 44 Codie¬-

249 534 184 49 Justinianco,
399 534 69 49 ne
434 534 92 49 quis
492 534 115 49 possit
572 534 127 49 trahere
665 534 69 49 in
699 534 138 49 judicium
803 534 150 49 seculare,
918 534 81 49 tam
953 534 92 49 civile

249 568 96 48 quam
309 568 169 48 criminale,
442 568 109 48 ullam
514 568 145 48 personam
623 568 229 48 Ecclesiasticam.
816 568 145 48 Legantur
924 568 121 48 tituli
997 568 48 48 de

243 600 146 52 Episcopis
355 600 56 52 &
377 600 146 52 clericis,
490 600 56 52 &
512 600 67 52 de
546 600 157 52 Episcopali
669 600 157 52 audientia,
792 600 56 52 &
815 600 67 52 de
848 600 157 52 Episcopali
961 600 79 52 judi¬-

250 634 98 40 cio,
311 634 73 40 in
347 634 122 40 Codice
433 634 183 40 Theodosiano
579 634 61 40 &
603 634 195 40 Justinianeo,
762 634 73 40 ex
798 634 122 40 quious
884 634 122 40 patet,
957 634 85 40 immu-

245 675 134 35 nitatem
342 675 61 35 &
366 675 170 35 exemtionem
500 675 243 35 Ecclesiasticorum
706 675 61 35 a
730 675 146 35 Judiciis
840 675 194 35 secularibus,
985 675 61 35 non

246 697 93 49 esse
304 697 104 49 juris
374 697 127 49 divini,
467 697 81 49 sed
513 697 127 49 humani,
606 697 104 49 nempe
675 697 70 49 ex
710 697 174 49 concessione
849 697 162 49 diversorum
965 697 81 49 Prin¬

236 740 99 46 cipum.

301 763 148 45 Doctrinae
414 763 137 45 praesunt
517 763 80 45 tum
562 763 137 45 Pastores
665 763 159 45 Ecclesiae,
790 763 80 45 tum
836 763 137 45 Doctores
927 763 125 45 Theologi,

253 796 101 49 Ephes.
323 796 60 49 4.
354 796 60 49 v.
384 796 70 49 11.
424 796 101 49 Actor.
494 796 70 49 13.
535 796 60 49 v.
555 796 40 49 1.

278 828 142 44 PASTORES
385 828 142 44 Eccesiae
491 828 95 44 sunt
550 828 83 44 qui
597 828 106 44 certo
668 828 118 44 alicui
751 828 118 44 gregi,
833 828 130 44 tanquam
928 828 106 44 parti
987 828 59 44 Ec¬-

243 864 134 40 clesiae
340 864 134 40 Christi
437 864 158 40 praesunt,
559 864 73 40 ad
595 864 85 40 eum
644 864 158 40 pascendum
765 864 109 40 verbo
838 864 61 40 &
863 864 194 40 Sacramentis,
1009 864 36 40 &

246 895 141 45 arcendum
352 895 71 45 ab
387 895 71 45 eo
423 895 118 45 lupos,
505 895 82 45 qui
552 895 82 45 eum
599 895 82 45 per
646 895 141 45 insidias
752 895 141 45 invadere
858 895 141 45 cupiunt,
964 895 118 45 Actor.

255 934 66 36 20.
292 934 57 36 v.
321 934 66 36 17,
358 934 66 36 28.
396 934 57 36 1.
425 934 85 36 Petr.
481 934 57 36 5.
510 934 57 36 v.
538 934 57 36 2.
566 934 94 36 Jerem.
633 934 66 36 23.
670 934 57 36 v.
689 934 38 36 4.

291 957 113 48 Iidem
367 957 113 48 etiam
442 957 150 48 Episcopi
555 957 188 48 nominantur.
705 957 88 48 Est
755 957 113 48 autem
830 957 163 48 Episcopus
943 957 100 48 offici

236 1000 121 40 nomen,
320 1000 97 40 quod
381 1000 145 40 officium
490 1000 85 40 est
538 1000 157 40 attendere
659 1000 145 40 sibiipsi
767 1000 60 40 &
791 1000 97 40 toti
852 1000 109 40 gregi
912 1000 133 40 commissos

247 1032 133 36 Spiritu
344 1032 121 36 Sancto
429 1032 73 36 ad
465 1032 170 36 pascendum,
598 1032 121 36 Actor.
683 1032 85 36 20.
731 1032 73 36 v.
768 1032 85 36 28.
816 1032 157 36 Cajetanus
937 1032 73 36 in
961 1032 85 36 locum

217 1063 101 41 hunc

297 1091 81 47 Tum
344 1091 139 47 Pastores
448 1091 93 47 sunt
506 1091 139 47 Episcopi
610 1091 197 47 particulares,
773 1091 151 47 Ecclesiae
877 1091 174 47 particularis,

250 1125 86 45 Nam
299 1125 185 45 Apostolorum
447 1125 185 45 Episcopatus
596 1125 86 45 est
645 1125 173 45 Catholicus
781 1125 86 45 seu
818 1125 173 45 universalis.

276 1158 104 39 Iidem
346 1158 138 39 Episcopi
449 1158 138 39 vocantur
553 1158 104 39 etiam
622 1158 173 39 Prestyteri,
760 1158 104 39 sicut
830 1158 115 39 Actor.
910 1158 81 39 20.
956 1158 69 39 v.
979 1158 58 39 15.

241 1191 180 45 accersivisse
387 1191 124 45 dicitur
477 1191 124 45 dicitur
567 1191 113 45 Paulus
646 1191 113 45 Epheso
725 1191 169 45 Presbyteros
860 1191 158 45 Ecclesiae:
983 1191 90 45 Eos¬

243 1226 88 42 dem
294 1226 114 42 versu
370 1226 88 42 28.
420 1226 152 42 appellat
534 1226 177 42 Episcopos:
673 1226 164 42 Attendite
799 1226 126 42 animum
888 1226 177 42 vobisipsis
1014 1226 38 42 &

250 1257 88 36 toti
305 1257 110 36 gregi,
382 1257 66 36 in
415 1257 77 36 quo
459 1257 77 36 vos
503 1257 132 36 Spiritus
602 1257 121 36 Sanctus
689 1257 154 36 constituit
810 1257 154 36 episcopos,
931 1257 66 36 ad
953 1257 99 36 pascen¬-

248 1293 78 37 dam
292 1293 145 37 Ecclesiam
404 1293 89 37 Dei,
459 1293 89 37 quam
515 1293 78 37 suo
559 1293 89 37 illo
615 1293 134 37 sanguine
715 1293 167 37 acquisivit.
849 1293 78 37 Sic
893 1293 89 37 Tit.
949 1293 67 37 1.
982 1293 67 37 v.
1004 1293 45 37 5.

246 1324 169 40 Presbyteri
379 1324 157 40 vocantur,
499 1324 84 40 qui
548 1324 84 40 mox
596 1324 109 40 versu
668 1324 133 40 septimo
765 1324 145 40 Episcopi
873 1324 145 40 dicuntur

298 1357 93 51 Ideo
357 1357 93 51 jure
415 1357 116 51 divino
496 1357 105 51 iidem
566 1357 93 51 sunt
624 1357 175 51 Presbyteri,
764 1357 81 51 qui
811 1357 151 51 episcopi:
927 1357 93 51 quod
974 1357 81 51 ipsum

243 1391 108 39 etiam
315 1391 84 39 Jus
363 1391 155 39 Canonicum
482 1391 120 39 docet,
566 1391 108 39 Dist.
638 1391 84 39 93.
686 1391 96 39 cap.
733 1391 120 39 Legimus.

300 1421 130 45 Proinde
394 1421 106 45 etiam
465 1421 165 45 Presbyteri
595 1421 59 45 &
618 1421 141 45 Episcopi
724 1421 94 45 sunt
783 1421 94 45 jure
842 1421 118 45 divino
924 1421 118 45 pares,
995 1421 47 45 id

245 1455 112 37 esti,
319 1455 199 37 administrant
481 1455 100 37 idem
543 1455 162 37 officium,
668 1455 112 37 eodem
743 1455 100 37 modo
805 1455 62 37 &
830 1455 112 37 eadem
892 1455 162 37 autoritate:

237 1486 84 34 Sic
285 1486 72 34 ut
321 1486 143 34 Ecclesia
428 1486 96 34 Dei,
488 1486 96 34 quae
548 1486 143 34 respectu
655 1486 143 34 Capitis,
762 1486 107 34 nempe
834 1486 119 34 Domini
918 1486 119 34 nostri
989 1486 60 34 Je¬-

237 1520 73 39 su
273 1520 134 39 Christi
371 1520 85 39 est
420 1520 171 39 Monarchia,
554 1520 122 39 debeat
639 1520 159 39 gubernati
761 1520 207 39 Aristocratice
932 1520 85 39 per
969 1520 73 39 Epi¬-

238 1552 114 41 scopos
317 1552 57 41 &
340 1552 148 41 Pastores,
454 1552 80 41 qui
499 1552 91 41 sunt
556 1552 136 41 aequales
658 1552 159 41 potestate,
783 1552 125 41 etiamsi
874 1552 148 41 differant
977 1552 68 41 fun¬-

242 1586 166 46 ctionibus
370 1586 179 46 distinctis
511 1586 64 46 &
536 1586 153 46 gradibus
652 1586 141 46 propter
754 1586 141 46 ordinem
856 1586 64 46 &
882 1586 153 46 politiam
984 1586 64 46 Ec¬

230 1621 95 44 clesiae

284 1644 101 53 Unde
348 1644 177 53 presbyteri
487 1644 202 53 impositionis
651 1644 126 53 manuum
739 1644 76 53 in
777 1644 177 53 Pastoribus
903 1644 152 53 ordinandis

245 1684 79 46 jus
290 1684 125 46 habent,
381 1684 68 46 I.
415 1684 125 46 Timoth.
506 1684 68 46 4.
540 1684 68 46 v.
574 1684 79 46 14.
619 1684 91 46 Can.
676 1684 159 46 Presbyter.
801 1684 102 46 Dist.
857 1684 57 46 23.

278 1718 104 36 Post
343 1718 194 36 Apostolorum
498 1718 117 36 demum
576 1718 142 36 aetatem
679 1718 78 36 in
718 1718 155 36 remedium
835 1718 181 36 schismatis
964 1718 91 36 inter

253 1752 171 34 presbyteros
390 1752 91 34 unus
447 1752 80 34 est
492 1752 137 34 caeteris
595 1752 183 34 praepositus,
744 1752 80 34 qui
789 1752 148 34 Episcopus
904 1752 137 34 deinceps
995 1752 57 34 κατ

245 1783 111 43 εζοχιω
323 1783 78 43 est
367 1783 111 43 dictus
445 1783 78 43 seu
479 1783 122 43 Antistes.

303 1820 150 31 Caeterum
416 1820 150 31 Episcopi
529 1820 113 31 omnes
604 1820 188 31 Apostolorum
754 1820 188 31 successores
905 1820 100 31 sunt
967 1820 75 31 in
992 1820 63 31 mu¬-

251 1848 89 45 nere
306 1848 144 45 Ecclesiam
418 1848 144 45 pascendi,
529 1848 67 45 ut
562 1848 122 45 scribit
651 1848 144 45 Anacletus
762 1848 100 45 Dist.
829 1848 100 45 21.c.
895 1848 67 45 In
929 1848 100 45 novo.
984 1848 67 45 Ipsi

252 1881 107 32 nempe
323 1881 166 32 Apostolis)
453 1881 189 32 decedentibus
607 1881 71 32 in
643 1881 107 32 locum
714 1881 107 32 corum
785 1881 189 32 successerunt
927 1881 130 32 Episcopi.

253 1914 65 36 Et
286 1914 119 36 Hieron.
372 1914 65 36 ut
405 1914 119 36 citatur
492 1914 98 36 Dist.
556 1914 76 36 35.
600 1914 65 36 c.
632 1914 152 36 Ecclesiae.
752 1914 65 36 Si
784 1914 65 36 in
817 1914 163 36 Apostolorum
947 1914 87 36 loco
990 1914 54 36 sui

240 1951 101 37 mus,
303 1951 88 37 non
354 1951 113 37 solum
429 1951 151 37 sermonem
542 1951 113 37 eorum
618 1951 163 37 imitemur,
743 1951 88 37 sed
794 1951 226 37 conversationem
970 1951 75 37 quo-

251 1979 91 44 que
303 1979 65 44 &
329 1979 207 44 abstinentiam
497 1979 207 44 amplectamur.
665 1979 78 44 Et
704 1979 142 44 Urbanus
807 1979 155 44 secundus
924 1979 78 44 ex
949 1979 91 44 Augu¬-

249 2012 108 37 stino
321 2012 108 37 Dist.
393 2012 252 37 sexagesimaoctava.
609 2012 72 37 c.
645 2012 120 37 Quorum
728 2012 120 37 vices,
812 2012 72 37 in
848 2012 96 37 hunc
908 2012 108 37 modum
968 2012 72 37 pro¬-

251 2046 131 36 hunciat:
349 2046 76 36 Pro
393 2046 141 36 Apostolis
501 2046 98 36 filij
567 2046 87 36 nati
621 2046 87 36 sunt
676 2046 98 36 tibi:
741 2046 152 36 constituti
861 2046 87 36 sunt
904 2046 109 36 Episcopi

279 2078 172 36 Distinctio
414 2078 110 36 autem
487 2078 86 36 hoc
536 2078 98 36 loco
598 2078 135 36 notanda
696 2078 98 36 est.
757 2078 135 36 Petrus,
855 2078 147 36 Andreas,
953 2078 86 36 Joham

245 2114 80 31 nes
290 2114 57 31 &
313 2114 126 31 caeteri
405 2114 126 31 illorum
496 2114 69 31 in
531 2114 160 31 Apostolatu
657 2114 137 31 collegae
760 2114 195 31 considerantur
920 2114 80 31 vel
966 2114 69 31 ut
989 2114 57 31 pa¬-

253 2143 123 46 stores,
342 2143 78 46 vel
387 2143 67 46 ut
420 2143 145 46 Apostoli.
532 2143 67 46 Ut
565 2143 145 46 pastores,
677 2143 112 46 habent
755 2143 179 46 successores:
900 2143 67 46 ut
922 2143 123 46 Apostolis

244 2174 178 37 successores
387 2174 83 37 non
434 2174 119 37 habent

285 2193 82 55 Tum
332 2193 106 55 omnis
403 2193 94 55 ille
461 2193 153 55 Episcopus
579 2193 153 55 successor
696 2193 82 55 est
743 2193 117 55 Petri,
826 2193 82 55 qui
873 2193 153 55 doctrinam
978 2193 59 55 eam

239 2237 90 43 dem
291 2237 103 43 quam
355 2237 129 43 Petrus
445 2237 180 43 annunciat:
586 2237 90 43 Non
638 2237 129 43 habent
728 2237 103 43 enim
792 2237 116 43 Petri
856 2237 193 43 haereditatem,

247 2275 82 36 qui
294 2275 105 36 Petri
364 2275 105 36 fidem
434 2275 82 36 non
480 2275 128 36 habent,
573 2275 93 36 quam
632 2275 105 36 impia
702 2275 151 36 divisione
818 2275 175 36 discerpunt,
958 2275 82 36 ait
993 2275 58 36 Am¬-

244 2308 100 38 bros.
311 2308 67 38 de
344 2308 122 38 Poenit.
433 2308 100 38 libro
499 2308 111 38 primo.
577 2308 89 38 cap.
633 2308 111 38 sexto.
711 2308 56 38 &
733 2308 122 38 citatur
822 2308 67 38 in
855 2308 89 38 Jure
911 2308 133 38 Canonico
1000 2308 44 38 de

244 2336 124 42 Poenit.
334 2336 102 42 Dist.
402 2336 113 42 prima,
481 2336 90 42 cap.
526 2336 102 42 Potest.

302 2365 158 52 Quisquis
420 2365 118 52 autem
499 2365 92 52 non
552 2365 132 52 eandem
644 2365 184 52 doctrinam,
789 2365 105 52 quam
855 2365 132 52 Petrus
934 2365 118 52 praedi¬-

250 2405 109 37 cavit,
326 2405 98 37 docet
392 2405 76 37 vel
435 2405 142 37 sequitur,
544 2405 98 37 Petri
609 2405 142 37 successor
718 2405 76 37 non
762 2405 87 37 est;
816 2405 98 37 velut
882 2405 142 37 hodiernus
980 2405 65 37 Pona

247 2438 101 38 tifex
314 2438 134 38 Romanus,
415 2438 78 38 qui
459 2438 101 38 falso
526 2438 101 38 Petri
594 2438 67 38 se
627 2438 89 38 esse
683 2438 168 38 successorem
817 2438 123 38 jactat.

297 2467 116 42 Adhaec
379 2467 104 42 omnes
448 2467 139 42 Episcopi
552 2467 93 42 sunt
610 2467 104 42 inter
680 2467 70 42 se
715 2467 104 42 pares
784 2467 93 42 quod
842 2467 70 42 ad
877 2467 139 42 officium
970 2467 81 42 atti¬-

238 2511 83 31 net
286 2511 155 31 pascendi,
405 2511 83 31 hoc
452 2511 95 31 est,
512 2511 143 31 docendi,
619 2511 167 31 Sacramenta
750 2511 214 31 administrandi,
916 2511 131 31 absolven¬-

244 2534 72 45 di
280 2534 60 45 &
304 2534 145 45 ligandi.
413 2534 96 45 Quod
473 2534 60 45 &
497 2534 109 45 ipsum
570 2534 109 45 docet
642 2534 84 45 Jus
690 2534 157 45 Canonicum
811 2534 109 45 Dist.
883 2534 84 45 93.
931 2534 96 45 cap.
980 2534 60 45 Le.

244 2577 118 32 gimus.
327 2577 83 32 Sic
374 2577 94 32 enim
433 2577 83 32 ibi
480 2577 142 32 legitur:
587 2577 153 32 Ubicunque
705 2577 118 32 fuerit
787 2577 165 32 Episcopus,
917 2577 94 32 sive
964 2577 83 32 Romae

245 2603 91 37 sive
302 2603 137 37 Eugubij,
404 2603 91 37 sive
461 2603 228 37 Constantinopoli,
655 2603 91 37 sive
712 2603 114 37 Regij,
791 2603 91 37 sive
848 2603 182 37 Alexandriae,
985 2603 57 37 siv

243 2637 117 36 Tanis,
325 2637 129 36 ejusdem
419 2637 129 36 meriti,
513 2637 129 36 ejusdem
606 2637 82 36 est
653 2637 59 36 &
676 2637 176 36 sacerdotij.
817 2637 140 36 Potentia
911 2637 140 36 divitiarum

253 2663 61 54 &
277 2663 183 54 paupertatis
424 2663 159 54 humilitas
546 2663 85 54 vel
594 2663 183 54 sublimiorem
741 2663 85 54 vel
790 2663 171 54 inferiorem
912 2663 134 54 Episcopum

251 2700 79 40 non
296 2700 113 40 facit:
375 2700 136 40 caeterum
477 2700 102 40 omnes
545 2700 170 40 Apostolorum
681 2700 170 40 successores
817 2700 102 40 sunt.

298 2731 131 35 Ordinis
393 2731 107 35 tamen
464 2731 59 35 &
488 2731 154 35 regiminis
607 2731 202 35 Ecclesiastici
773 2731 178 35 conservandi
915 2731 107 35 causa
975 2731 71 35 plu¬-

253 2754 99 56 ribus
319 2754 88 56 unus
374 2754 121 56 aliquis
461 2754 66 56 ex
494 2754 110 56 veteri
571 2754 143 56 instituto
681 2754 132 56 praeest,
780 2754 77 56 qui
824 2754 132 56 caeteros
922 2754 66 56 in
944 2754 99 56 officie

251 2794 152 34 contineat,
371 2794 54 34 &
392 2794 228 34 ἐτεζοδιδεισηναλῆς
588 2794 141 34 coerceat.

303 2827 59 44 c
327 2827 106 44 licet
397 2827 106 44 omnes
468 2827 141 44 Pastores
574 2827 153 44 Ecclesiae
691 2827 94 44 sint
750 2827 141 44 Episcopi
856 2827 118 44 gregis
927 2827 129 44 Dominici,

245 2854 64 47 &
271 2854 178 47 communiter
411 2854 115 47 omnes
487 2854 153 47 Episcopi
602 2854 216 47 nominabantur,
780 2854 127 47 Actor.
869 2854 89 47 10.
920 2854 115 47 vers.
983 2854 64 47 28.

250 2888 127 45 Philipp.
346 2888 64 45 1.
378 2888 64 45 v.
410 2888 64 45 1.
441 2888 95 45 tamen
505 2888 127 45 successu
600 2888 127 45 temporis
696 2888 106 45 tantum
770 2888 64 45 is
802 2888 74 45 qui
844 2888 127 45 collegis
940 2888 85 45 suis
982 2888 64 45 cae¬-

250 2930 102 40 teris
318 2930 125 40 ordinis
409 2930 102 40 causa
477 2930 148 40 praeerat,
591 2930 148 40 Episcopus
705 2930 80 40 καγ
750 2930 102 40 iζεχυ
818 2930 125 40 vocatus
909 2930 102 40 fuit,
966 2930 80 40 reli¬-

262 2960 95 43 quis
322 2960 167 43 pastoribus
453 2960 119 43 nomine
537 2960 203 43 presbyterorum
704 2960 143 43 relicto,
811 2960 72 43 ut
847 2960 107 43 autea
907 2960 95 43 dictum

296 2996 115 45 Nullus
376 2996 103 45 tamen
445 2996 149 45 Episcopus
559 2996 80 45 est
605 2996 103 45 caput
674 2996 149 45 Ecclesiae
788 2996 183 45 universalis:
937 2996 103 45 multo
995 2996 57 45 mi¬-

251 3027 88 45 nus
302 3027 138 45 Romanus
402 3027 113 45 Papa,
477 3027 88 45 qui
527 3027 88 45 jam
578 3027 75 45 no
615 3027 163 45 Episcopus
741 3027 125 45 quidem
816 3027 75 45 est.

287 3054 128 75 Nullus
377 3054 103 75 homo
441 3054 90 75 est
493 3054 193 75 universalis
647 3054 154 75 vicarius
762 3054 154 75 Christi:
878 3054 64 75 &
903 3054 128 75 omnium
980 3054 103 75 minime

260 3084 144 41 Romanus
352 3084 144 41 Pontifex¬-

313 3122 141 50 Episcopi
419 3122 94 50 enim
478 3122 83 50 non
525 3122 106 50 sunt,
596 3122 94 50 nisi
655 3122 106 50 donis
726 3122 71 50 ad
761 3122 177 50 Episcopatum
891 3122 153 50 necessariis

264 3142 90 71 sint
320 3142 157 71 instructi,
443 3142 145 71 vocatione
555 3142 90 71 item
611 3142 56 71 &
633 3142 101 71 opere
700 3142 168 71 vocationis.
834 3142 123 71 Vocatio
924 3142 90 71 sine
969 3142 78 71 dono¬

1091 158 183 50 simulacrum
1234 158 104 50 est,
1300 158 91 50 imo
1352 158 65 50 &
1378 158 170 50 ludibrium
1509 158 91 50 DEI
1561 158 117 50 atque
1639 158 157 50 hominum:
1756 158 144 50 vocatio
1848 158 65 50 si¬-

1089 199 75 55 ne
1126 199 112 55 opere
1201 199 162 55 vocationi
1326 199 200 55 consentaneo,
1488 199 87 55 est
1538 199 125 55 vocati
1625 199 200 55 condemnatio,
1775 199 137 55 perniciei

1086 232 153 44 communi
1184 232 111 44 juncta

1122 248 128 60 Partes
1212 248 140 60 officij
1314 248 89 60 sui
1365 248 179 60 quodammodo
1505 248 153 60 Christus
1620 248 89 60 cum
1671 248 128 60 servis
1761 248 102 60 suis
1812 248 102 60 commu¬-

1096 297 137 43 nicavit;
1198 297 80 43 sed
1244 297 103 43 totam
1312 297 80 43 seu
1358 297 171 43 universalem
1495 297 194 43 procurationem
1655 297 103 43 (quae
1723 297 80 43 est
1769 297 114 43 ipssus
1838 297 68 43 pro¬-

1082 336 115 48 pria,
1159 336 64 48 &
1184 336 89 48 cui
1235 336 102 48 nemo
1299 336 102 48 homo
1363 336 89 48 par
1414 336 115 48 est,)
1490 336 77 48 in
1529 336 153 48 quemquam
1643 336 89 48 non
1682 336 140 48 contulit:

1124 364 154 35 Pastorem
1240 364 154 35 officium
1355 364 128 35 duplex
1445 364 103 35 est,
1509 364 154 35 publicum
1625 364 64 35 &
1638 364 128 35 privatum

1133 398 148 44 Publicum
1244 398 99 44 est,
1305 398 160 44 orationem
1429 398 74 44 ad
1466 398 99 44 Deum
1528 398 74 44 in
1565 398 136 44 publico
1663 398 160 44 Ecclesiae
1774 398 136 44 conventu¬-

1094 432 179 41 concipere:
1235 432 192 41 concipionem
1388 432 128 41 habere
1478 432 90 41 seu
1529 432 128 41 verbum
1619 432 90 41 Dei
1670 432 166 41 fideliter
1798 432 128 41 docere
1875 432 38 41 &

1062 454 61 49 B
1086 454 170 49 explicare,
1220 454 61 49 &
1244 454 73 49 ad
1280 454 97 49 usum
1341 454 121 49 plebis
1426 454 158 49 applicare
1547 454 85 49 cum
1596 454 133 49 decente
1693 454 158 49 affectuum
1802 454 97 49 motio¬-

1092 496 85 37 ne:
1140 496 169 37 Sacramenta
1273 496 206 37 administrare:
1443 496 133 37 exemplo
1540 496 145 37 pietatis
1649 496 61 37 &
1673 496 145 37 virtutis
1782 496 97 37 omni
1830 496 73 37 gre¬-

1086 528 64 43 gi
1118 528 128 43 praeire.
1215 528 64 43 2.
1247 528 150 43 Thessalon.
1364 528 64 43 3.
1396 528 96 43 vers.
1460 528 64 43 9.
1492 528 64 43 1.
1524 528 118 43 Timoth.
1610 528 64 43 4.
1642 528 96 43 vers.
1706 528 75 43 12.
1749 528 85 43 Tit.
1802 528 64 43 2.
1834 528 96 43 vers.

1089 567 71 40 7.
1125 567 71 40 1.
1160 567 106 40 Petr.
1230 567 71 40 5.
1266 567 106 40 vers.
1336 567 71 40 3.
1372 567 129 40 paterno
1466 567 129 40 affectu
1560 567 118 40 gregem
1642 567 94 40 sibi
1701 567 153 40 commissum
1807 567 94 40 ample¬-

1105 594 89 35 sti,
1160 594 67 35 ac
1194 594 122 35 proinde
1282 594 78 35 eum
1327 594 111 35 amare,
1405 594 100 35 orare
1471 594 78 35 pro
1516 594 89 35 ejus
1571 594 133 35 profectu
1671 594 67 35 in
1704 594 89 35 vera
1760 594 67 35 ac
1782 594 133 35 salvifica.

1102 627 155 40 ignitione
1221 627 95 40 Dei,
1281 627 71 40 ut
1316 627 107 40 fecit
1388 627 107 40 Moses
1459 627 155 40 Deuteron.
1579 627 83 40 32.
1626 627 107 40 vers.
1698 627 71 40 2.
1733 627 119 40 Paulus
1805 627 107 40 Aposto¬-

1099 663 76 41 lus
1143 663 109 41 Ephes.
1219 663 65 41 1.
1251 663 98 41 vers.
1317 663 76 41 16,
1360 663 76 41 17,
1404 663 76 41 18,
1447 663 76 41 19.
1491 663 54 41 &
1513 663 87 41 cap.
1567 663 65 41 3.
1600 663 98 41 vers.
1665 663 76 41 14.
1708 663 54 41 &
1730 663 174 41 sequentibus,
1861 663 54 41 cum

1092 691 150 38 lenitate
1204 691 112 38 agere
1279 691 87 38 cum
1329 691 150 38 omnibus,
1441 691 200 38 dubitantibus
1603 691 150 38 rationem
1716 691 162 38 doctrinae
1841 691 62 38 &
1853 691 50 38 a¬-

1093 730 130 37 ctionum
1188 730 118 37 suarum
1270 730 142 37 reddere,
1376 730 94 37 Act.
1435 730 83 37 11.
1482 730 71 37 v.
1518 730 71 37 2.
1553 730 59 37 &
1565 730 165 37 sequentibus.

1134 756 124 36 Oratio
1220 756 74 36 ad
1257 756 99 36 Deum
1319 756 87 36 tum
1369 756 161 36 confessio
1492 756 173 36 peccatorum
1628 756 99 36 est,
1690 756 87 36 tum
1740 756 161 36 precatio,
1851 756 62 36 tum

1102 795 157 36 gratiarum
1223 795 121 36 actio.
1307 795 157 36 Confessio
1428 795 169 36 peccatorum
1560 795 72 36 in
1596 795 157 36 principio
1717 795 157 36 concionis
1826 795 84 36 adhi¬-

1098 825 123 36 betur.
1184 825 185 36 Confessioni
1332 825 173 36 peccatorum
1467 825 148 36 precatio
1578 825 185 36 subjungitur
1726 825 86 36 pro
1763 825 148 36 remissione

1096 861 172 44 peccatorum,
1233 861 80 44 pro
1279 861 115 44 fructu
1360 861 161 44 concionis,
1486 861 126 44 Deuter.
1578 861 80 44 32.
1624 861 69 44 v.
1647 861 46 44 2.

1131 885 117 44 Concio
1213 885 70 44 in
1248 885 105 44 coetu
1318 885 152 44 Ecclesiae
1435 885 129 44 vocatur
1529 885 117 44 verbum
1611 885 199 44 exhortationis
1774 885 117 44 Actor.
1845 885 58 44 13.

1098 922 105 34 vers.
1169 922 82 34 15.
1215 922 105 34 Eaque
1286 922 82 34 non
1332 922 82 34 sit
1379 922 94 34 sine
1438 922 187 34 scripturarum
1590 922 141 34 sacrarum
1696 922 141 34 lectione
1801 922 82 34 seu
1836 922 82 34 reci¬-

1099 956 142 32 tatione:
1205 956 59 32 &
1229 956 83 32 est
1276 956 142 32 officium
1382 956 142 32 divinum:
1488 956 59 32 &
1512 956 130 32 differt
1606 956 59 32 a
1630 956 165 32 collatione
1760 956 83 32 seu
1795 956 118 32 disputa¬-

1098 989 119 45 tione.
1182 989 72 45 I.
1217 989 143 45 Corinth.
1325 989 84 45 14.
1373 989 72 45 in
1409 989 84 45 quo
1456 989 119 45 capite
1540 989 119 45 agitur
1623 989 119 45 primum
1707 989 72 45 de
1731 989 179 45 exhortatione,

1095 1019 81 40 sub
1142 1019 104 40 finem
1211 1019 69 40 de
1234 1019 138 40 collatione

1131 1046 124 52 Concio
1217 1046 87 52 seu
1267 1046 173 52 exhortatio
1403 1046 74 52 ab
1440 1046 87 52 uno
1489 1046 136 52 habetur
1588 1046 124 52 solums
1675 1046 148 52 collatio
1786 1046 99 52 vero
1836 1046 74 52 pro¬-

1107 1080 124 49 phetica
1197 1080 79 49 est
1231 1080 113 49 plurium.

1158 1116 87 40 Tum
1207 1116 124 40 concio
1294 1116 87 40 seu
1343 1116 173 40 explicatio
1480 1116 173 40 Scripturae
1616 1116 87 40 non
1665 1116 87 40 est
1715 1116 186 40 instituenda
1851 1116 62 40 cum

1102 1157 152 34 verborum
1216 1157 114 34 pompa
1292 1157 63 34 &
1318 1157 165 34 orationis
1444 1157 177 34 pigmentis,
1584 1157 89 34 cum
1634 1157 165 34 splendida
1761 1157 63 34 &
1786 1157 152 34 ambitio¬

1091 1187 70 38 sa
1126 1187 152 38 facundia,
1243 1187 117 38 qualis
1325 1187 70 38 ab
1360 1187 140 38 Oratoria
1465 1187 152 38 facultate
1582 1187 210 38 proficiscitur:
1757 1187 82 38 sed
1804 1187 82 38 cum
1839 1187 70 38 sim¬-

1114 1220 138 38 licitate
1217 1220 127 38 divinis
1309 1220 138 38 eloquiis
1413 1220 173 38 consentanea
1551 1220 81 38 tum
1597 1220 69 38 in
1631 1220 173 38 sententiis,
1769 1220 81 38 tum
1815 1220 69 38 in
1838 1220 69 38 ver¬-

1102 1256 73 36 bis.
1147 1256 55 36 1.
1175 1256 73 36 Cor.
1220 1256 55 36 1.
1247 1256 55 36 v.
1275 1256 64 36 17.
1311 1256 45 36 &
1329 1256 73 36 cap.
1375 1256 55 36 2.
1402 1256 55 36 v.
1429 1256 55 36 1,
1456 1256 55 36 4,
1475 1256 36 36 5.

1150 1276 148 51 Privatum
1261 1276 99 51 vero
1323 1276 148 51 officium
1434 1276 148 51 pastorum
1545 1276 99 51 est,
1607 1276 99 51 quod
1669 1276 161 51 speciatim
1792 1276 87 51 tum
1829 1276 87 51 erga¬-

1089 1311 85 43 se,
1138 1311 85 43 tum
1186 1311 97 43 erga
1247 1311 158 43 quemlibet
1369 1311 146 43 exercere
1466 1311 134 43 tenentur.

1150 1345 139 42 Officium
1255 1345 139 42 Pastorum
1359 1345 93 42 erga
1417 1345 81 42 se,
1463 1345 81 42 est
1510 1345 151 42 attendere
1625 1345 139 42 sibiipsi
1730 1345 58 42 &
1753 1345 162 42 doctrinae,
1869 1345 46 42 1.

1107 1375 93 46 Tim.
1166 1375 70 46 4.
1201 1375 105 46 v.16.
1271 1375 82 46 non
1318 1375 140 46 laborare
1423 1375 140 46 solicite
1528 1375 70 46 de
1563 1375 105 46 victu
1633 1375 58 46 &
1656 1375 128 46 amictu,
1750 1375 93 46 quia
1796 1375 117 46 Christus

1098 1414 103 42 servis
1170 1414 82 42 suis
1221 1414 93 42 nihil
1283 1414 103 42 deesse
1355 1414 124 42 patitur,
1448 1414 82 42 Luc.
1500 1414 72 42 22.
1541 1414 62 42 v.
1561 1414 52 42 35.

1127 1444 149 42 Officium
1238 1444 149 42 privatum
1350 1444 149 42 pastorum
1462 1444 99 42 erga
1525 1444 112 42 alios
1599 1444 87 42 est
1649 1444 174 42 multiplex:
1786 1444 112 42 nempe
1848 1444 62 42 co¬-

1094 1479 121 45 ercere
1179 1479 109 45 alios
1251 1479 158 45 ministros
1373 1479 97 45 suae
1433 1479 182 45 inspectioni
1579 1479 170 45 commissos,
1712 1479 73 45 ne
1748 1479 145 45 diversam
1845 1479 61 45 do¬-

1105 1515 124 39 ctrinam
1195 1515 56 39 a
1217 1515 158 39 Prophetica
1341 1515 56 39 &
1364 1515 158 39 Apostolica
1487 1515 135 39 doceant.
1589 1515 68 39 1.
1622 1515 124 39 Timoth.
1712 1515 68 39 1.
1746 1515 101 39 vers.
1814 1515 68 39 3.
1836 1515 79 39 oves.

1095 1550 136 37 Christi
1193 1550 198 37 exorbitantes
1354 1550 74 37 in
1391 1550 99 37 viam
1453 1550 161 37 reducere,
1576 1550 161 37 peccantes
1700 1550 161 37 admonere.
1823 1550 123 37 Actor.

1105 1582 76 36 20.
1149 1582 65 36 v.
1181 1582 76 36 24.
1225 1582 131 36 visitare
1323 1582 142 36 aegrotos,
1432 1582 98 36 curis
1498 1582 153 36 afflictos,
1618 1582 87 36 casu
1672 1582 109 36 aliquo
1748 1582 142 36 insperato
1847 1582 65 36 con¬-

1095 1611 163 42 turbatos,
1221 1611 213 42 tentationibus
1396 1611 138 42 Satanae
1496 1611 88 42 vel
1546 1611 113 42 aliis
1621 1611 213 42 calamitatibus
1784 1611 138 42 obnoxios,

1105 1647 109 45 eosque
1181 1647 152 45 consolari,
1301 1647 98 45 Jesa.
1366 1647 76 45 40.
1410 1647 65 45 v.
1442 1647 65 45 1.
1475 1647 109 45 Ezech.
1551 1647 76 45 34.
1595 1647 98 45 vers.
1660 1647 65 45 4.
1692 1647 174 45 Consolatores
1823 1647 87 45 potiu¬-

1101 1679 159 39 ministros
1223 1679 110 39 verbi
1296 1679 73 39 in
1333 1679 171 39 moeroribus
1467 1679 110 39 suis,
1540 1679 98 39 quam
1601 1679 146 39 convivas
1711 1679 73 39 in
1747 1679 159 39 prosperis
1857 1679 61 39 no¬-

1111 1713 113 48 perint
1190 1713 159 48 auditores.
1315 1713 113 48 Facile
1394 1713 170 48 contemnitur
1530 1713 113 48 divini
1609 1713 102 48 verbi
1677 1713 147 48 minister,
1790 1713 79 48 qui
1824 1713 91 48 saepe¬-

1095 1747 133 36 vocatus
1192 1747 73 36 ad
1228 1747 170 36 convivium,
1362 1747 85 36 ire
1410 1747 85 36 non
1447 1747 109 36 recusat

1141 1772 74 45 De
1178 1772 98 45 modo
1239 1772 160 45 visitandi
1362 1772 147 45 aegrotos
1472 1772 61 45 &
1497 1772 86 45 cum
1546 1772 110 45 illis
1619 1772 123 45 agendi
1705 1772 86 45 sic
1742 1772 135 45 habendum:

1131 1811 145 47 Postquam
1240 1811 145 47 minister
1349 1811 109 47 verbi
1422 1811 145 47 testatus
1531 1811 85 47 est
1579 1811 170 47 συμπαθειαν
1712 1811 97 47 suam
1773 1811 97 47 erga
1821 1811 97 47 aegro¬-

1099 1845 146 38 tantem,
1205 1845 160 38 revocare
1325 1845 93 38 eum
1378 1845 120 38 primo
1458 1845 120 38 debet
1538 1845 80 38 eo
1578 1845 80 38 ut
1617 1845 160 38 agnoscat
1737 1845 133 38 causam
1817 1845 93 38 morbi

1107 1877 82 37 quo
1154 1877 176 37 affligitur,
1295 1877 94 37 esse
1353 1877 152 37 peccatum.
1470 1877 82 37 Nam
1517 1877 105 37 sicut
1587 1877 117 37 David,
1669 1877 82 37 qui
1716 1877 94 37 fuit
1774 1877 82 37 vir
1809 1877 94 37 secun¬-

1096 1912 81 36 dum
1143 1912 81 36 cor
1189 1912 93 36 Dei,
1247 1912 151 36 aegrotans
1364 1912 70 36 se
1399 1912 128 36 gessit:
1492 1912 81 36 ita
1538 1912 58 36 &
1561 1912 93 36 alij
1619 1912 139 36 fideles,
1724 1912 93 36 quum
1771 1912 139 36 aegrotant,

1089 1942 105 38 sese
1155 1942 131 38 gerere
1246 1942 144 38 debent.
1351 1942 79 38 At
1391 1942 118 38 David
1470 1942 171 38 aegrotans
1601 1942 144 38 agnovit
1706 1942 131 38 causam
1785 1942 131 38 morborum

1089 1976 117 46 suorum
1171 1976 94 46 esse
1230 1976 152 46 peccatum,
1347 1976 117 46 Psalm.
1429 1976 82 46 38.
1475 1976 105 46 vers.
1546 1976 70 46 4,
1581 1976 70 46 5.
1616 1976 94 46 Ergo
1674 1976 94 46 idem
1733 1976 105 46 aliis
1791 1976 129 46 aegrotan¬-

1091 2008 114 32 tibus
1167 2008 177 32 faciendum.
1306 2008 101 32 Quum
1369 2008 101 32 vero
1432 2008 152 32 aegrotus
1546 2008 139 32 peccata
1647 2008 88 32 sua
1697 2008 164 32 agnoscit,
1811 2008 101 32 conso¬-

1089 2040 124 42 landus
1176 2040 62 42 &
1201 2040 162 42 erigendus
1325 2040 87 42 est
1375 2040 224 42 promissionibus
1562 2040 199 42 Evangelicis,
1723 2040 62 42 &
1748 2040 75 42 ea
1773 2040 137 42 adhibenda

1101 2077 206 42 consolationum
1271 2077 170 42 argumenta,
1404 2077 97 42 quae
1465 2077 145 42 praesens
1574 2077 145 42 conditio
1683 2077 182 42 aegrotantis
1816 2077 97 42 requi¬-

1089 2107 98 39 rit:
1150 2107 135 39 legenda
1248 2107 123 39 capita
1334 2107 159 39 Bibliorum
1456 2107 86 39 vel
1506 2107 123 39 Psalmi
1591 2107 86 39 qui
1640 2107 74 39 in
1677 2107 86 39 tem
1726 2107 172 39 praesentem
1849 2107 61 39 fa¬-

1091 2139 121 39 ciunt:
1176 2139 194 39 concipiendae
1334 2139 121 39 preces
1419 2139 73 39 ad
1455 2139 97 39 Deum
1516 2139 158 39 praesenti
1637 2139 182 39 necessitati
1771 2139 134 39 consenta.

1099 2172 107 39 neae,
1171 2172 83 39 &c.
1218 2172 83 39 Sed
1266 2172 71 39 de
1302 2172 131 39 officio
1397 2172 143 39 Pastoris
1504 2172 71 39 ab
1540 2172 107 39 aliis
1611 2172 71 39 ex
1647 2172 143 39 professo
1754 2172 131 39 copiose
1838 2172 71 39 tra¬

1080 2206 125 43 ctatum.

1125 2238 170 43 Pastoralis
1259 2238 134 43 muneris
1356 2238 134 43 neminem
1453 2238 122 43 pudere
1538 2238 122 43 debet,
1623 2238 122 43 Roman.
1708 2238 73 43 1.
1745 2238 109 43 vers.
1818 2238 85 43 15,
1854 2238 61 43 16.

1087 2272 70 37 ne
1122 2272 116 37 quidem
1204 2272 70 37 in
1239 2272 93 37 vico
1297 2272 81 37 aut
1343 2272 105 37 pago:
1413 2272 93 37 quia
1471 2272 93 37 ipse
1529 2272 140 37 Christus
1634 2272 70 37 in
1669 2272 105 37 vicis
1739 2272 81 37 seu
1785 2272 105 37 pagis
1843 2272 70 37 quo-

1092 2304 82 42 que
1139 2304 129 42 docuit,
1233 2304 94 42 Luc.
1292 2304 82 42 13.
1339 2304 106 42 vers.
1409 2304 82 42 22.
1456 2304 153 42 Transibat
1574 2304 117 42 igitur
1656 2304 141 42 singulas
1761 2304 106 42 urbes
1832 2304 59 42 &
1855 2304 82 42 vi¬

1095 2340 76 40 cos
1128 2340 98 40 docens.

1127 2365 132 45 Pastores
1226 2365 77 45 vel
1270 2365 88 45 boni
1324 2365 99 45 sunt,
1390 2365 77 45 vel
1423 2365 77 45 malis

1125 2397 173 45 Utrorumque
1261 2397 99 45 sunt
1323 2397 111 45 certa
1397 2397 111 45 signa
1471 2397 62 45 &
1496 2397 124 45 notae,
1583 2397 124 45 quibus
1657 2397 186 45 cognoscuntur.

1129 2438 90 38 Boni
1185 2438 145 38 pastores,
1297 2438 90 38 sunt
1353 2438 78 38 qui
1397 2438 90 38 bona
1453 2438 90 38 fide
1509 2438 123 38 pascunt
1599 2438 90 38 oves
1655 2438 123 38 Christi
1744 2438 67 38 ex
1778 2438 101 38 Sacra
1834 2438 78 38 Scri¬-

1091 2474 108 37 ptura
1163 2474 157 37 veritatem
1284 2474 157 37 coelestem
1404 2474 145 37 docendo,
1513 2474 132 37 errores
1609 2474 181 37 refellendo,
1753 2474 132 37 peccata
1838 2474 72 37 red¬-

1095 2505 157 35 arguendo,
1216 2505 72 35 in
1252 2505 109 35 bonis
1324 2505 145 35 operibus
1433 2505 193 35 instituendo,
1589 2505 157 35 afflictos
1710 2505 181 35 consolando,
1843 2505 60 35 Sa¬-

1089 2536 148 38 cramenta
1200 2536 111 38 juxta
1274 2536 210 38 institutionem
1446 2536 136 38 Christi
1545 2536 222 38 administrando,
1730 2536 148 38 precibus
1841 2536 62 38 &
1854 2536 49 38 ex

1096 2569 104 34 emplo
1166 2569 104 34 verae
1235 2569 196 34 constantisque
1396 2569 138 34 pietatis
1500 2569 58 34 &
1523 2569 173 34 sanctitatis
1662 2569 92 34 toti
1719 2569 104 34 gregi
1777 2569 127 34 praecundo

1096 2601 117 39 Jerem.
1178 2601 70 39 3.
1213 2601 94 39 vers
1272 2601 82 39 10.
1318 2601 129 39 Daturus
1412 2601 82 39 sum
1459 2601 105 39 vobis
1529 2601 140 39 pastores
1634 2601 70 39 ex
1669 2601 152 39 sententia
1786 2601 105 39 animi
1845 2601 58 39 mei

1088 2639 82 44 qui
1135 2639 129 44 pascent
1229 2639 82 44 vos
1276 2639 141 44 scientia
1382 2639 59 44 &
1394 2639 176 44 intelligentia

1153 2666 111 41 lique
1227 2666 62 41 a
1251 2666 123 41 mundo,
1337 2666 86 41 hoc
1386 2666 98 41 est,
1448 2666 148 41 improbis
1559 2666 160 41 hominibus
1682 2666 98 41 odio
1743 2666 160 41 habentur,
1854 2666 49 41 eo

1092 2699 92 42 quod
1150 2699 150 42 testantur
1266 2699 104 42 opera
1335 2699 127 42 illorum
1427 2699 92 42 mala
1485 2699 104 42 esse,
1554 2699 115 42 Johan.
1635 2699 69 42 7.
1669 2699 104 42 vers.
1738 2699 69 42 7.
1773 2699 81 42 Non
1808 2699 92 42 potes.

1093 2737 115 46 mundus
1173 2737 81 46 vos
1219 2737 127 46 odisse:
1311 2737 69 46 me
1346 2737 104 46 autem
1415 2737 104 46 odit,
1484 2737 127 46 quoniam
1576 2737 81 46 ego
1622 2737 115 46 testor
1702 2737 69 46 de
1737 2737 81 46 eo,
1783 2737 104 46 opera
1840 2737 69 46 ejus

1097 2764 82 45 mala
1138 2764 71 45 esse.

1137 2796 95 40 Mali
1196 2796 154 40 pastores,
1315 2796 95 40 sunt
1374 2796 83 40 qui
1421 2796 95 40 mala
1480 2796 95 40 fide
1539 2796 118 40 gregem
1622 2796 130 40 Christi
1717 2796 142 40 pascunt,
1811 2796 95 40 nocen¬-

1088 2830 89 37 tes
1139 2830 77 37 ei
1178 2830 192 37 corruptelis
1331 2830 179 37 doctrinae,
1472 2830 217 37 Sacramentorum
1650 2830 64 37 &
1676 2830 128 37 morum,
1765 2830 128 37 Ezech.
1842 2830 64 37 34.

1102 2864 99 34 jers.
1168 2864 77 34 4,.
1212 2864 66 34 5.
1246 2864 99 34 Morbo
1312 2864 133 34 affectas
1411 2864 77 34 non
1455 2864 177 34 confirmatis,
1599 2864 166 34 aegrotamque
1731 2864 110 34 (ovem)
1809 2864 77 34 non
1842 2864 55 34 cu¬-

1088 2897 116 33 ratis,
1170 2897 58 33 &
1193 2897 163 33 confractam
1321 2897 81 33 non
1367 2897 163 33 obligatis,
1495 2897 70 33 ac
1530 2897 139 33 depulsam
1634 2897 81 33 non
1680 2897 163 33 reducitis,
1797 2897 104 33 pereun¬-

1092 2931 119 41 temque
1175 2931 83 41 non
1223 2931 179 41 requiritis:
1366 2931 83 41 sed
1414 2931 71 41 vi
1449 2931 167 41 dominamini
1580 2931 71 41 in
1616 2931 95 41 eas,
1676 2931 60 41 &
1700 2931 83 41 per
1747 2931 155 41 savitiam:
1854 2931 48 41 Ad

1093 2969 78 34 deo
1137 2969 67 34 ut
1171 2969 177 34 dispergantur
1315 2969 155 34 destitutae
1437 2969 133 34 pastore,
1536 2969 55 34 &
1558 2969 89 34 sint
1614 2969 89 34 cibo
1669 2969 122 34 omnibus
1758 2969 122 34 bestiis
1836 2969 67 34 agre

1093 2993 114 49 dispersae.

1262 3015 104 62 Haec
1327 3015 117 62 pauca
1405 3015 78 62 de
1444 3015 182 62 Pastoribus
1573 3015 156 62 Ecclesiae;

1148 3060 170 40 DOCTORES
1275 3060 198 40 THEOLOGIA,
1431 3060 113 40 sunt
1502 3060 99 40 qui
1558 3060 85 40 in
1601 3060 85 40 id
1643 3060 142 40 tantum
1728 3060 170 40 incumbunt,

1085 3097 73 38 ut
1121 3097 133 38 sincera
1218 3097 145 38 doctrina
1327 3097 109 38 inter
1399 3097 133 38 fideles
1496 3097 181 38 retineatur.
1641 3097 97 38 Ergo
1701 3097 85 38 non
1750 3097 133 38 amplius
1834 3097 73 38 quam

1096 3133 137 38 docent:
1195 3133 87 38 nec
1245 3133 112 38 tamen
1320 3133 100 38 alia
1383 3133 137 38 docent,
1483 3133 100 38 quam
1545 3133 162 38 Pastores,
1670 3133 87 38 sed
1720 3133 125 38 tantum
1795 3133 112 38 aliter;

1090 3163 98 49 quia
1151 3163 86 49 non
1200 3163 135 49 student
1298 3163 147 49 movendis
1396 3163 160 49 affectibus.
