2063 3413
219 198 118 67 Claves
302 198 106 67 regni
372 198 141 67 caelorum
478 198 94 67 sunt
537 198 106 67 duae:
607 198 176 67 praedicatio
748 198 153 67 Evangelii
866 198 59 67 &
878 198 141 67 disciplina

185 236 197 44 Ecclesiastica;
349 236 76 44 seu
393 236 131 44 doctrina
491 236 55 44 &
502 236 142 44 disciplina.

219 270 115 48 Claves
300 270 104 48 illae
369 270 115 48 manent
450 270 161 48 formaliter
577 270 69 48 in
611 270 127 48 manibus
703 270 127 48 Christi
796 270 58 48 &
819 270 150 48 Ecclesiae
922 270 58 48 si¬-

181 310 92 40 mul;
239 310 127 40 Christi
332 310 208 40 principaliter,
505 310 58 40 &
528 310 150 40 Ecclesiae
644 310 173 40 secundario;
783 310 69 40 at
817 310 116 40 omnium
898 310 69 40 ex
921 310 58 40 ae¬-

190 343 85 42 quo
238 343 182 42 ministrorum
384 343 121 42 Verbi,
469 343 255 42 instrumentaliter.
688 343 97 42 Ergo
748 343 73 42 in
785 343 146 42 Ecclesia
882 343 97 42 sempe¬-

186 380 119 38 manent
269 380 59 38 &
293 380 119 38 illius
376 380 178 38 ministerio.
518 380 95 38 Unde
578 380 142 38 Ecclesia
684 380 131 38 illarum
779 380 95 38 usum
839 380 131 38 exercet
922 380 59 38 per

179 409 168 37 ministros
309 409 117 37 Verbi
386 409 65 37 &
412 409 207 37 presbyteros.
581 409 181 37 Quapropter
723 409 117 37 omnes
801 409 104 37 fidi
852 409 130 37 ministr.

197 437 117 47 Christi
282 437 64 47 in
314 437 127 47 Ecclesia
409 437 95 47 verbo
473 437 53 47 &
494 437 159 47 disciplinae
622 437 180 47 invigilantes,
770 437 85 47 sunt
823 437 138 47 janitores
918 437 64 47 cae¬-

194 471 68 35 i,
228 471 113 35 claves
307 471 102 35 regni
375 471 136 35 caelorum
476 471 158 35 obtinentes
601 471 57 35 &
623 471 158 35 aperientes
748 471 79 35 vel
793 471 158 35 claudentes
906 471 79 35 fores

197 505 111 33 llius.
275 505 100 33 Hujus
342 505 201 33 jurisdictionis
509 505 201 33 Ecclesiasticae
676 505 134 33 respectu
776 505 134 33 Episcopi
877 505 78 33 seu
910 505 78 33 mini¬-

186 535 95 51 stri
245 535 154 51 Ecclesiae
364 535 166 51 nominantur
494 535 107 51 etiam
565 535 130 51 iudices
660 535 59 51 a
684 535 142 51 Patribus
791 535 178 51 orthodoxis,
933 535 71 51 ut
956 535 36 51 a

217 571 137 47 ypriano
316 571 162 47 epistolam
440 571 224 47 sexagesimanona
627 571 75 47 ad
664 571 174 47 Florentium
788 571 137 47 Pupianum.

223 604 112 33 Partes
301 604 156 33 potestatis
424 604 123 33 clavium
513 604 89 33 duae
569 604 100 33 sunt:
636 604 123 33 Ligatio
725 604 56 33 &
736 604 112 33 Solutio¬-

216 630 141 41 Ligatio,
322 630 82 41 est
369 630 94 41 pars
428 630 164 41 potestatis
557 630 141 41 clavium,
662 630 82 41 cum
709 630 176 41 peccantibus
850 630 82 41 ira
897 630 82 41 Dei
932 630 59 41 de¬-

185 675 89 41 nunc
240 675 100 41 atur,
307 675 78 41 sub
351 675 78 41 qua
396 675 155 41 constricti
517 675 89 41 sunt
573 675 133 41 mansuri,
673 675 100 41 donec
739 675 177 41 resipiscant,
872 675 111 41 Appella¬-

197 698 80 43 tur
242 698 103 43 etiam
299 698 114 43 censura.

226 728 135 42 Ligatur
324 728 184 42 retinendum,
471 728 159 42 retinetur
593 728 147 42 ligatum:
703 728 147 42 utrumque
814 728 110 42 eodum
875 728 110 42 spectat

193 765 84 37 Nec
241 765 144 37 peccatum
349 765 120 37 tantum
433 765 132 37 ligatur
529 765 60 37 &
553 765 168 37 retinetur,
686 765 84 37 sed
734 765 108 37 etiam
806 765 144 37 peccator
914 765 96 37 ipse

197 802 135 33 Peccator
298 802 113 33 quidem
377 802 56 33 a
399 802 124 33 peccato
490 802 191 33 distinguitur,
647 802 79 33 sed
692 802 68 33 in
726 802 79 33 hac
771 802 101 33 causa
839 802 135 33 separari
929 802 56 33 ne¬-

204 839 104 38 quit:
274 839 81 38 nam
320 839 138 38 peccatum
424 839 150 38 subsistit
539 839 69 38 in
574 839 162 38 peccatore,
701 839 58 38 &
724 839 81 38 hic
770 839 138 38 vicissim
874 839 81 38 est
908 839 81 38 subje

189 870 97 36 ctum
249 870 145 36 peccati.
358 870 73 36 Si
395 870 133 36 ligatur
492 870 85 36 aut
540 870 145 36 solvitur
649 870 157 36 peccatum,
770 870 133 36 ligatur
867 870 121 36 quoque
939 870 61 36 aut

199 899 134 39 solvitur
300 899 146 39 peccator:
411 899 56 39 &
434 899 123 39 contra;
523 899 67 39 si
557 899 146 39 peccator,
669 899 101 39 etiam
725 899 123 39 peccatum.

226 930 111 45 Estque
304 930 78 45 vel
348 930 134 45 privata,
448 930 78 45 vel
482 930 111 45 publica.

230 957 133 45 Privata,
330 957 89 45 quae
385 957 78 45 sit
429 957 133 45 privatim
529 957 55 45 a
540 957 155 45 presbyteris.

229 996 113 37 Estque
308 996 79 37 vel
353 996 158 37 admonitio,
476 996 79 37 vel
510 996 124 37 abstentio

239 1029 158 50 Admonitio,
363 1029 79 50 est
408 1029 169 50 reprehensio
543 1029 79 50 seu
589 1029 158 50 objurgatio
713 1029 113 50 severa
792 1029 79 50 cum
837 1029 135 50 lenitate
927 1029 68 50 spi¬-

186 1060 113 45 ritus
249 1060 151 45 temperata.

223 1095 108 39 Estque
299 1095 75 39 vel
342 1095 151 39 domestica,
460 1095 75 39 vel
503 1095 194 39 presbyterialis
664 1095 75 39 seu
696 1095 151 39 capitularis.

234 1125 151 42 Domestica
350 1125 162 42 admonitio,
478 1125 81 42 est
524 1125 93 42 quum
582 1125 93 42 quis
640 1125 70 42 ab
675 1125 81 42 uno
721 1125 116 42 aliquo
803 1125 81 42 vel
849 1125 116 42 altero
918 1125 70 42 pres

197 1158 124 49 bytero,
287 1158 102 49 intra
355 1158 136 49 privatos
456 1158 136 49 parietes
558 1158 68 49 de
592 1158 124 49 peccato
682 1158 79 49 suo
727 1158 158 49 admonetur.

225 1189 159 46 Pastorum
344 1189 106 46 enim
410 1189 133 46 partes
503 1189 119 46 sunt,
583 1189 93 46 non
636 1189 106 46 modo
702 1189 186 46 concionati
848 1189 80 46 ad
875 1189 119 46 populum

196 1225 82 40 sed
243 1225 106 40 etiam
314 1225 82 40 per
361 1225 141 40 singulas
467 1225 106 40 domos
538 1225 118 40 monere
620 1225 59 40 &
643 1225 165 40 exhortari,
773 1225 94 40 Act.
832 1225 82 40 20.
879 1225 82 40 20,
914 1225 59 40 26.

226 1259 104 54 Istas
296 1259 139 54 privatas
400 1259 186 54 admonitiones
551 1259 104 54 etiam
621 1259 162 54 exercebunt
749 1259 93 54 alii
807 1259 174 54 presbyteri,
946 1259 81 54 qui

194 1294 88 40 non
245 1294 151 40 laborant
358 1294 76 40 in
396 1294 138 40 sermone
497 1294 63 40 &
509 1294 126 40 doctrina

229 1324 153 43 Admonitio
347 1324 188 43 capitularis,
499 1324 82 43 est
546 1324 94 43 quum
605 1324 70 43 is
640 1324 82 43 qui
687 1324 153 43 peccavit,
804 1324 70 43 ad
840 1324 153 43 Capitulum
945 1324 59 43 (ut

195 1360 132 40 vocant)
291 1360 84 40 seu
339 1360 203 40 presbyterorum
506 1360 156 40 collegium
626 1360 144 40 vocatur,
734 1360 60 40 &
758 1360 84 40 ibi
805 1360 108 40 coram
877 1360 96 40 toto
925 1360 72 40 col¬-

188 1392 114 43 legio
264 1392 76 43 de
303 1392 140 43 peccato
404 1392 89 43 suo
455 1392 63 43 a
480 1392 140 43 Pastore
582 1392 165 43 admonetur
709 1392 63 43 &
734 1392 165 43 arguitur,
861 1392 89 43 quo
899 1392 102 43 acrius

189 1423 155 44 pungatur.
309 1423 155 44 Nominatur
428 1423 72 44 ab
464 1423 108 44 aliis
536 1423 155 44 admonitio
655 1423 227 44 consistorialis:
847 1423 96 44 quia
894 1423 108 44 conven¬-

195 1453 81 47 tus
242 1453 197 47 presbyterorum
404 1453 69 47 ab
438 1453 116 47 iisdem
519 1453 185 47 consistorium
670 1453 173 47 appellatur.

229 1488 165 42 Abstentio,
359 1488 83 42 est
406 1488 95 42 quum
465 1488 118 42 pastor
548 1488 154 42 Ecclesiae
666 1488 71 42 in
702 1488 142 42 Capitulo
808 1488 83 42 seu
843 1488 154 42 consistorio

201 1525 203 37 presbyterorum
368 1525 167 37 interdicit
499 1525 179 37 delinquenti
642 1525 95 37 usum
702 1525 119 37 Sacrae
785 1525 131 37 Coenae,
881 1525 107 37 donec
940 1525 60 37 re¬-

196 1564 171 36 sipiscentiam
336 1564 139 36 testetur.
443 1564 150 36 Appellatur
561 1564 96 36 etiam
625 1564 139 36 suspensio
732 1564 64 36 ab
764 1564 75 36 usu
807 1564 64 36 S.
829 1564 96 36 Coenae¬-

418 1604 108 58 Haec
486 1604 81 58 de
527 1604 149 58 privata
621 1604 149 58 ligatione

229 1659 119 47 Publica
316 1659 130 47 ligatio,
414 1659 76 47 est
457 1659 87 47 quae
511 1659 119 47 publice
598 1659 65 47 in
631 1659 141 47 universae
739 1659 141 47 Ecclesiae
848 1659 98 47 coetu
902 1659 87 47 usurpa

192 1698 81 39 tur
239 1698 58 39 a
262 1698 128 39 Pastore
355 1698 140 39 adversus
460 1698 81 39 eum
506 1698 81 39 qui
553 1698 128 39 publico
646 1698 116 39 aliquo
727 1698 140 39 flagitio
832 1698 116 39 enormi
902 1698 93 39 offen¬-

190 1732 135 41 diculum
276 1732 98 41 dedit.

229 1764 113 35 Estque
308 1764 79 35 vel
353 1764 158 35 admonitio,
477 1764 79 35 vel
522 1764 158 35 abstentio,
646 1764 79 35 vel
680 1764 180 35 excommunicatis

233 1790 125 51 Pubiica
323 1790 147 51 admonitio
437 1790 159 51 adhibetur,
561 1790 79 51 ubi
607 1790 125 51 privata
697 1790 57 51 &
720 1790 204 51 consistorialis
890 1790 102 51 nihil
947 1790 45 51 a¬-

204 1826 83 49 pud
251 1826 154 49 peccantem
358 1826 130 49 profecit.

235 1860 151 37 Abstentio
352 1860 128 37 publica
445 1860 163 37 usurpatui,
573 1860 82 37 cum
620 1860 105 37 coram
690 1860 140 37 Ecclesia
794 1860 128 37 jubetur
876 1860 128 37 abstinere

190 1892 114 36 Sacrae
269 1892 114 36 Coenae
349 1892 91 36 usu,
406 1892 68 36 is
440 1892 80 36 qui
485 1892 114 36 contra
565 1892 137 36 privatum
667 1892 171 36 interdictum
804 1892 102 36 aliis
872 1892 68 36 ad
895 1892 91 36 mensam

197 1923 114 44 Domini
276 1923 182 44 accedentibus
425 1923 68 44 se
459 1923 137 44 ingerit,
562 1923 80 44 vel
607 1923 103 44 cujus
676 1923 80 44 tam
721 1923 137 44 notorium
824 1923 80 44 est
858 1923 137 44 flagitium,

198 1963 72 34 ut
234 1963 120 34 Pastor
318 1963 156 34 Ecclesiae
439 1963 72 34 ei
475 1963 108 34 panem
547 1963 60 34 &
571 1963 132 34 poculum
667 1963 120 34 Domini
751 1963 156 34 porrigere
872 1963 144 34 nequeat,

195 1995 119 33 citra
274 1995 145 33 aliorum
379 1995 158 33 fidelium
498 1995 211 33 offensionem.
669 1995 92 33 Sic
722 1995 171 33 Ambrosius
840 1995 158 33 Theodosium

189 2024 131 34 Magnum
280 2024 196 34 Imperatorem
437 2024 78 34 ab
477 2024 92 34 usu
529 2024 131 34 coenae
621 2024 170 34 Dominicae
738 2024 118 34 arcuit.

231 2049 231 42 Excommunicatio
424 2049 167 42 adhibetur
552 2049 90 42 vel
603 2049 154 42 adversus
719 2049 180 42 manifestos
847 2049 141 42 adulteros

190 2088 166 38 scortatores
323 2088 111 38 fures,
400 2088 155 38 praedones,
522 2088 166 38 seditiosos,
655 2088 133 38 perjuros
754 2088 111 38 falsos
832 2088 122 38 testes,
921 2088 55 38 &
932 2088 66 38 ejus

200 2117 125 39 generis
290 2117 147 39 reliquos,
404 2117 79 39 qui
449 2117 113 39 enormi
528 2117 113 39 aliquo
608 2117 136 39 flagitio
710 2117 147 39 Ecclesiae
823 2117 147 39 scandalum
925 2117 57 39 de¬-

194 2149 132 42 derunt
286 2149 66 42 &
313 2149 158 42 dedecori
431 2149 119 42 sunt:
511 2149 198 42 quemadmodum
669 2149 132 42 Paulus
762 2149 185 42 Corinthium
894 2149 92 42 ince¬-

201 2185 95 49 stum
260 2185 236 49 excommunicatione
461 2185 118 49 ligari
544 2185 118 49 volut.
638 2185 142 49 Corinth.
745 2185 71 49 5.
780 2185 71 49 v.
804 2185 47 49 4.

226 2212 85 41 Vel
274 2212 146 41 adversus
384 2212 182 41 contumaces,
530 2212 85 41 qui
579 2212 182 41 perniciosos
724 2212 73 41 in
761 2212 170 41 fundamento
883 2212 109 41 errores

198 2254 191 43 pertinaciter
353 2254 167 43 defendunt,
485 2254 60 43 &
508 2254 155 43 Ecclesiam
628 2254 191 43 schismatibus
783 2254 203 43 haeresibusque
938 2254 60 43 di¬-

205 2283 127 39 vidunt,
298 2283 58 39 &
321 2283 162 39 praefracte
448 2283 174 39 factioseque
587 2283 150 39 Ecclesiae
703 2283 104 39 pacem
772 2283 174 39 perturbant:
911 2283 81 39 aut
946 2283 46 39 de

195 2315 172 39 levioribus
330 2315 110 39 etiam
403 2315 123 39 vitiis
489 2315 98 39 rite
550 2315 135 39 saepius
648 2315 147 39 admoniti
759 2315 61 39 &
783 2315 184 39 reprehensi,
918 2315 86 39 Deum.

202 2348 124 41 ejusque
292 2348 135 41 judicium
393 2348 135 41 ludibrio
494 2348 124 41 habent,
584 2348 67 41 1.
618 2348 124 41 Timoth.
708 2348 67 41 1.
742 2348 146 41 versicul.
854 2348 79 41 20.
899 2348 90 41 Tit.
944 2348 45 41 3.

207 2386 97 39 versi.
266 2386 49 39 10.

237 2411 81 51 Est
284 2411 104 51 autem
353 2411 220 51 excommunicatio,
539 2411 127 51 censura
631 2411 197 51 Ecclesiastica
794 2411 81 51 qua
828 2411 151 51 praecuntel¬-

201 2454 123 50 gitima
287 2454 172 50 cognitione
421 2454 147 50 quispiam
532 2454 135 50 propter
630 2454 184 50 enormitatem
777 2454 147 50 scandali
887 2454 98 50 quod
936 2454 61 50 de¬-

207 2494 87 36 dit
256 2494 87 36 aut
306 2494 137 36 propter
406 2494 174 36 malitiosam
543 2494 187 36 contumaciam
692 2494 174 36 excluditur
829 2494 62 36 a
842 2494 149 36 communion¬-

202 2521 134 44 totoque
299 2521 158 44 consortio
421 2521 158 44 fidelium,
542 2521 109 44 inter
615 2521 97 44 quos
676 2521 85 44 est
724 2521 134 44 Christi
822 2521 158 44 communio:
931 2521 73 44 quam

202 2557 164 41 exclusione
331 2557 176 41 declaratur,
471 2557 105 41 etiam
542 2557 105 41 regno
612 2557 82 41 Dei
659 2557 140 41 exclusum
764 2557 70 41 ac
799 2557 129 41 Satanae
881 2557 117 41 traditum

206 2587 90 41 esse
262 2587 203 41 excommunicatum
431 2587 101 41 donec
499 2587 169 41 resipuerit.
634 2587 101 41 Matt.
702 2587 68 41 5.
736 2587 79 41 18.
781 2587 68 41 v.
815 2587 79 41 17.
860 2587 68 41 1.
882 2587 113 41 Corinth.

216 2625 53 49 5.
243 2625 53 49 v.
269 2625 44 49 3
287 2625 53 49 1.
313 2625 71 49 Tim.
358 2625 53 49 1.
384 2625 53 49 v.
402 2625 44 49 20.

245 2646 97 42 Tradi
310 2646 119 42 Satana,
396 2646 76 42 est
440 2646 76 42 jus
483 2646 140 42 civitatis
591 2646 162 42 Christianae
720 2646 140 42 amittere,
828 2646 108 42 haberi
904 2646 97 42 sicut
958 2646 43 42 E¬-

202 2683 134 44 thnicum
299 2683 61 44 &
324 2683 183 44 publicanum,
470 2683 183 44 exterminati
617 2683 110 44 coetu
690 2683 159 44 Ecclesiae
812 2683 110 44 extra
885 2683 98 44 quam
934 2683 61 44 Sa¬-

209 2728 99 44 tanas
275 2728 121 44 regnat.

233 2749 221 47 Excommunicatio
417 2749 86 47 est
466 2749 86 47 vel
515 2749 135 47 simplex
613 2749 86 47 vel
650 2749 135 47 anathema.

237 2793 156 37 Anathema
354 2793 91 37 est
406 2793 143 37 gravior
511 2793 78 37 ex
537 2793 169 37 ommunicatio

240 2819 116 45 Estque
321 2819 104 45 etiam
391 2819 127 45 duplex:
483 2819 104 45 nempe
553 2819 81 45 vel
599 2819 127 45 simplex
691 2819 150 45 anathema.
807 2819 116 45 Galat.
888 2819 69 45 1.
911 2819 81 45 vers.

205 2860 58 39 8
229 2860 116 39 Roman.
310 2860 69 39 9.
344 2860 104 39 vers.
414 2860 69 39 3.
448 2860 81 39 vel
495 2860 139 39 anathema
599 2860 162 39 maranatha,
726 2860 93 39 quae
784 2860 81 39 est
830 2860 127 39 species
911 2860 81 39 extre

205 2890 71 38 mi
241 2890 189 38 anathematis.
394 2890 71 38 I.
430 2890 142 38 Corinth.
536 2890 83 38 16.
583 2890 154 38 versicul.
702 2890 83 38 22.
749 2890 83 38 quo
796 2890 142 38 extremae
891 2890 106 38 Christ.

209 2927 103 34 mundi
277 2927 80 34 jud
323 2927 80 34 cis
369 2927 207 34 condemnationi,
542 2927 115 34 absque
622 2927 80 34 spe
668 2927 126 34 veniae,
760 2927 138 34 peccator
863 2927 161 34 addicitur.

201 2958 86 36 Hac
250 2958 99 36 enim
312 2958 135 36 solemni
410 2958 135 36 formula
509 2958 111 36 Maran
582 2958 111 36 atha,
656 2958 74 36 id
693 2958 99 36 est,
755 2958 135 36 Dominus
853 2958 123 36 venit,
927 2958 74 36 pri¬-

207 2984 79 42 sca
252 2984 135 42 Ecclesia
353 2984 124 42 docuit,
443 2984 68 42 se
477 2984 124 42 omnibus
567 2984 79 42 sui
613 2984 124 42 officii
703 2984 135 42 partibus
804 2984 90 42 erga
860 2984 101 42 virum
928 2984 101 42 ejus¬

204 3026 96 33 modi
264 3026 168 33 perfunctam
396 3026 108 33 esse:
468 3026 144 33 deinceps
576 3026 72 33 ab
613 3026 72 33 eo
649 3026 72 33 de
685 3026 132 33 communi
781 3026 144 33 consilio
877 3026 108 33 abstine

208 3049 81 43 re,
255 3049 116 43 eumque
336 3049 81 43 Dei
383 3049 128 43 judicio
476 3049 58 43 &
499 3049 151 43 adventui,
615 3049 70 43 ut
650 3049 163 43 deploratae
778 3049 105 43 inter
847 3049 128 43 homines
929 3049 81 43 spei,

195 3092 146 46 permittero

238 3117 97 43 Tres
298 3117 97 43 sunt
359 3117 145 43 ejusmodi
467 3117 242 43 Ecclesiasticarum
673 3117 169 43 censurarum
793 3117 85 43 fines

240 3148 70 46 1.
275 3148 70 46 Ne
311 3148 105 46 nomen
381 3148 82 46 Dei
428 3148 129 46 propter
521 3148 176 46 flagitiosos
662 3148 82 46 pro
708 3148 176 46 Christianis
849 3148 70 46 se
872 3148 129 46 gerentes.

212 3191 154 36 contumelia
333 3191 165 36 afficiatur.
464 3191 88 36 Rom.
519 3191 66 36 7.
552 3191 66 36 v.
574 3191 55 36 14.

1051 222 74 58 2.
1088 222 74 58 Ne
1125 222 148 58 contagio
1236 222 74 58 ad
1273 222 148 58 reliquos
1384 222 148 58 pervadat
1494 222 123 58 eosque
1581 222 173 58 corrumpat.
1716 222 74 58 1.
1741 222 74 58 Cor¬-

1040 245 49 45 5.
1064 245 74 45 vers.
1114 245 49 45 6.
1130 245 33 45 7.

1059 286 72 49 3.
1095 286 72 49 Ut
1131 286 215 49 excommunicatos
1310 286 120 49 pudore
1394 286 120 49 victos
1477 286 96 49 suae
1537 286 191 49 turpitudinis
1681 286 131 49 poeniter.

1034 309 137 56 incipiat,
1140 309 53 56 &
1161 309 63 56 ad
1192 309 190 56 resipiscentiam
1350 309 169 56 impellantur.
1487 309 63 56 1.
1519 309 126 56 Corinth.
1614 309 63 56 5.
1645 309 137 56 versicul.
1751 309 63 56 5.
1772 309 42 56 2.

1041 361 114 38 orinth.
1124 361 62 38 2.
1155 361 135 38 versicul.
1259 361 62 38 7.
1290 361 62 38 2.
1321 361 135 38 Thessal.3
1425 361 104 38 versi.
1498 361 73 38 14.
1539 361 62 38 1.
1570 361 104 38 Timot.
1643 361 62 38 1.
1674 361 104 38 versi.
1747 361 73 38 20.
1778 361 52 38 Est

1023 386 93 55 ergo
1081 386 81 55 non
1128 386 209 55 desperationis,
1302 386 81 55 sed
1349 386 209 55 resipiscentiae
1523 386 58 55 &
1546 386 128 55 salutis
1639 386 139 55 medicina
1732 386 93 55 Excom¬

1010 412 151 42 municatio¬-

1063 445 255 58 Excommunicatio
1276 445 113 58 quam
1347 445 113 58 Papa
1417 445 156 58 Romanus
1531 445 85 58 in
1573 445 128 58 Reges
1659 445 71 58 &
1673 445 170 58 Principes:

1033 477 181 53 Evangelicos
1178 477 85 53 seu
1226 477 181 53 reformatos,
1371 477 97 53 item
1432 477 73 53 in
1468 477 181 53 Evangelicas
1613 477 85 53 seu
1662 477 169 53 reformatas
1783 477 60 53 Ec¬-

1033 509 128 60 clesias
1126 509 139 60 vibravit
1231 509 104 60 atque
1300 509 139 60 etiamnum
1404 509 151 60 quotannis
1520 509 128 60 vibrat,
1613 509 81 60 est
1659 509 162 60 illegitima
1787 509 58 60 &
1799 509 46 60 i¬-

1044 541 81 67 pso
1091 541 93 67 jure
1149 541 116 67 nulla;
1230 541 93 67 sive
1288 541 139 67 personam
1392 541 220 67 excommunicantis
1577 541 139 67 spectes,
1682 541 93 67 sive
1728 541 116 67 excommu¬-

1025 581 155 36 nicationem
1147 581 100 36 ipsam
1213 581 77 36 per
1257 581 77 36 se,
1301 581 88 36 sive
1357 581 199 36 excommunicatos
1522 581 66 36 ab
1556 581 88 36 ipso

1064 607 88 56 Nam
1115 607 75 56 si
1152 607 151 56 personam
1266 607 239 56 excommunicantis
1467 607 189 56 consideres,
1618 607 101 56 Papa
1681 607 88 56 non
1718 607 101 56 potes.

1038 639 99 57 jure
1099 639 185 57 Evangelicos
1248 639 86 57 seu
1297 639 198 57 Protestantes
1458 639 222 57 excommunicare:
1643 639 86 57 est
1692 639 99 57 enim
1742 639 86 57 judex

1036 673 164 65 suspectus
1162 673 63 65 &
1187 673 189 65 incompetens
1338 673 75 65 in
1376 673 113 65 causa
1452 673 201 65 Reformatorum
1615 673 75 65 ob
1653 673 164 65 sequentes
1766 673 63 65 ra¬

1026 704 98 39 tiones:

1069 741 104 48 Prima
1139 741 116 48 ratio,
1220 741 93 48 quia
1278 741 81 48 est
1324 741 116 48 hostis
1406 741 151 48 capitalis
1521 741 139 48 publicus
1614 741 174 48 Reformatorum.

1067 773 113 52 Papam
1143 773 101 52 esse
1206 773 164 52 capitalem
1332 773 201 52 reformatorum
1495 773 138 52 hostem,
1596 773 88 52 non
1646 773 101 52 eget
1697 773 138 52 juramenti

1035 806 188 44 probatione,
1186 806 88 44 cum
1236 806 113 44 rerum
1311 806 163 44 documenta
1424 806 113 44 adsint.

1066 838 88 44 Nam
1116 838 75 44 id
1153 838 75 44 I.
1191 838 150 44 testatur
1303 838 125 44 abunde
1391 838 175 44 Inquisitio
1528 838 175 44 Hispanica,
1666 838 113 44 Papae
1728 838 100 44 manda.

1041 870 75 53 to
1079 870 63 53 &
1104 870 176 53 autoritate
1243 870 176 53 introducta
1381 870 113 53 atque
1457 870 151 53 hactenus
1570 870 164 53 usurpata.
1696 870 75 53 2.
1721 870 113 53 Clamant

1036 906 74 45 tot
1079 906 128 45 lanienae
1175 906 64 45 in
1207 906 106 45 Gallia
1281 906 53 45 &
1302 906 96 45 alibi
1366 906 64 45 ab
1398 906 85 45 ipso
1451 906 53 45 &
1472 906 128 45 asseclis
1568 906 85 45 ejus
1621 906 149 45 exercitae.
1738 906 64 45 3.
1760 906 74 45 Evin¬-

1035 939 93 41 cunt
1093 939 81 41 tot
1140 939 104 41 bella
1209 939 69 41 ao
1244 939 93 41 ipso
1301 939 139 41 adversus
1406 939 174 41 Evangelicos
1544 939 69 41 in
1579 939 116 41 multis
1660 939 116 41 Regnis
1741 939 58 41 &
1753 939 69 41 pro¬-

1029 973 129 39 vinciis
1123 973 141 39 accensa.
1229 973 70 39 4.
1264 973 164 39 confirmant
1393 973 82 39 tot
1440 973 211 39 machinationes,
1617 973 82 39 tot
1664 973 94 39 acta
1711 973 117 39 hostilia

1046 999 105 50 ejus
1111 999 65 50 &
1138 999 157 50 consilia
1255 999 236 50 Imperatoribus,
1452 999 157 50 Regibus,
1569 999 196 50 Principibus
1726 999 65 50 &
1739 999 92 50 Magi¬-

1036 1029 158 61 stratibus
1158 1029 110 61 aliis
1231 1029 97 61 data
1292 1029 122 61 contra
1377 1029 183 61 Evangelicos
1523 1029 97 61 inde
1584 1029 61 61 a
1608 1029 158 61 primordio
1718 1029 122 61 reforma¬

1018 1064 105 41 tionis.

1098 1101 166 48 Ostendunt
1226 1101 90 48 tot
1277 1101 154 48 crudelia
1393 1101 166 48 supplicia
1521 1101 128 48 quibus
1610 1101 115 48 Romae
1687 1101 64 48 &
1713 1101 128 48 passim
1790 1101 51 48 in

1034 1103 115 69 Italia
1114 1103 103 69 etque
1183 1103 103 69 alibi
1252 1103 149 69 reformati
1367 1103 69 69 ob
1401 1103 161 69 religionem
1528 1103 172 69 Evangelicam
1654 1103 115 69 affecti¬-

1069 1170 73 40 6.
1105 1170 183 40 Demonstrant
1252 1170 232 40 deliberationes,
1447 1170 220 40 consultationes
1631 1170 61 40 &
1643 1170 183 40 confederatio¬-

1034 1198 87 45 nes
1083 1198 100 45 ejus
1146 1198 87 45 cum
1196 1198 150 45 hostibus
1308 1198 212 45 reformatorum.
1483 1198 75 45 7.
1521 1198 125 45 Planum
1608 1198 137 45 faciunt
1696 1198 137 45 condemna¬-

1052 1228 103 54 iones
1120 1228 69 54 ab
1154 1228 91 54 ipso
1212 1228 160 54 publicatae
1337 1228 137 54 adversus
1440 1228 160 54 reformatos
1566 1228 80 54 non
1611 1228 137 54 auditos,
1714 1228 80 54 nec
1749 1228 91 54 ullius

1042 1258 151 42 haereseos
1147 1258 127 42 convictos

1071 1296 130 58 Secunda
1166 1296 118 58 ratio,
1249 1296 95 58 quia
1308 1296 83 58 est
1355 1296 130 58 infamis
1450 1296 71 58 ob
1486 1296 142 58 haereses
1592 1296 142 58 plurimas
1699 1296 59 58 &
1711 1296 130 58 multipli¬-

1047 1323 84 46 cem
1083 1323 167 46 idololatriam

1071 1357 115 51 Tertia
1152 1357 115 51 ratio,
1233 1357 92 51 quia
1290 1357 81 51 est
1336 1357 173 51 Simoniacus,
1474 1357 150 51 cauponans
1589 1357 115 51 verbum
1670 1357 92 51 Dei,
1716 1357 115 51 religio¬-

1048 1391 86 41 nes,
1102 1391 118 41 officia
1188 1391 193 41 Ecclesiastica,
1349 1391 97 41 sacra
1414 1391 118 41 denique
1489 1391 75 41 omnia

1080 1428 117 47 Quarta
1162 1428 117 47 ratio,
1245 1428 94 47 quia
1303 1428 94 47 ipse
1362 1428 199 47 principaliter
1526 1428 70 47 in
1561 1428 106 47 causa
1632 1428 59 47 &
1655 1428 117 47 lucrum
1737 1428 117 47 sperat
1808 1428 35 47 &

1032 1454 147 43 damnum
1120 1454 118 43 metui.

1079 1485 112 46 Quinta
1157 1485 112 46 ratio,
1236 1485 90 46 quia
1292 1485 90 46 ipse
1348 1485 202 46 jurisdictionem
1515 1485 67 46 in
1549 1485 157 46 reformatos
1672 1485 112 46 nullam
1751 1485 101 46 habet

1054 1517 121 44 plures
1139 1517 146 44 rationes
1248 1517 85 44 jam
1296 1517 85 44 non
1333 1517 121 44 addemus.

1073 1554 68 52 Si
1107 1554 239 52 excommunicationem
1312 1554 103 52 ipsam
1380 1554 80 52 per
1426 1554 68 52 se
1460 1554 171 52 consideres,
1597 1554 91 52 vana
1654 1554 80 52 est
1699 1554 57 52 &
1722 1554 114 52 inanis
1790 1554 46 52 ob

1042 1585 139 47 rationes
1135 1585 127 47 subjectas

1075 1621 72 42 I.
1111 1621 96 42 quia
1171 1621 168 42 adversatur
1303 1621 96 42 Juri
1363 1621 132 42 divino:
1460 1621 144 42 excludit
1568 1621 96 42 enim
1628 1621 180 42 Evangelicos
1760 1621 72 42 com¬-

1048 1654 130 43 munione
1143 1654 142 43 fidelium
1249 1654 130 43 propter
1344 1654 71 43 id
1380 1654 107 43 ipsum
1451 1654 95 43 quod
1510 1654 95 43 Deus
1569 1654 59 43 a
1593 1654 154 43 fidelibus
1711 1654 154 43 requirit,

1052 1689 113 41 nempe
1128 1689 138 41 propter
1228 1689 113 41 veram
1303 1689 125 41 fidem,
1390 1689 138 41 propter
1491 1689 150 41 sincerum
1603 1689 125 41 cultum
1691 1689 88 41 Dei
1741 1689 63 41 &
1753 1689 88 41 opera

1045 1715 87 47 bona
1100 1715 87 47 quae
1154 1715 87 47 Deus
1208 1715 54 47 a
1230 1715 142 47 fidelibus
1339 1715 142 47 requirit.

1070 1753 84 41 II.
1118 1753 96 41 quia
1178 1753 108 41 falsa
1249 1753 108 41 causa
1321 1753 143 41 nititur:
1429 1753 143 41 impingit
1536 1753 96 41 enim
1596 1753 143 41 plurimas
1704 1753 143 41 haereses
1799 1753 36 41 &

1050 1780 132 47 plurima
1146 1780 132 47 crimina
1242 1780 180 47 Evangelicis
1387 1780 120 47 falso,
1471 1780 168 47 calumniose
1603 1780 60 47 &
1627 1780 120 47 contra
1712 1780 108 47 omnem
1772 1780 60 47 ve¬-

1065 1849 98 43 TII.
1126 1849 98 43 quia
1187 1849 135 43 laborat
1286 1849 135 43 defectu
1384 1849 135 43 ordinis
1482 1849 184 43 judicialis:
1629 1849 184 43 pronunciata
1764 1849 74 43 enim

1043 1885 79 41 non
1088 1885 146 41 praemissa
1200 1885 157 41 citatione,
1324 1885 112 41 causae
1402 1885 168 41 cognitione,
1537 1885 191 41 examinatione,
1683 1885 56 41 &c.

1070 1915 79 34 IV.
1115 1915 91 34 quia
1172 1915 125 34 formula
1263 1915 91 34 ejus
1319 1915 79 34 est
1365 1915 125 34 stulta,
1455 1915 113 34 inepta
1535 1915 102 34 atque
1592 1915 113 34 absurda.

1065 1949 72 40 Si
1101 1949 131 40 denique
1196 1949 215 40 excommunicatos
1375 1949 107 40 ipsos
1447 1949 143 40 spectes,
1554 1949 215 40 excommunicatio
1733 1949 95 40 ipso
1780 1949 60 40 ju¬-

1037 1974 62 44 re
1068 1974 93 44 nulla
1119 1974 62 44 est:

1065 2002 71 55 I.
1101 2002 95 55 quia
1160 2002 166 55 Evangelici
1291 2002 83 55 non
1338 2002 95 55 sunt
1398 2002 202 55 jurisdictioni
1564 2002 166 55 Pontificis
1694 2002 119 55 Romani
1766 2002 59 55 sub

1055 2038 42 35 ct.

1074 2072 90 51 II.
1126 2072 103 51 quia
1190 2072 180 51 Evangelici
1332 2072 90 51 non
1383 2072 193 51 profitentur
1538 2072 193 51 communionem
1692 2072 90 51 cum
1731 2072 103 51 Eccle¬-

1038 2101 85 45 sia
1087 2101 134 45 Romano.
1184 2101 134 45 Papana:
1282 2101 134 45 frustra
1379 2101 122 45 igitur
1452 2101 220 45 excommunicantur.

1172 2150 88 52 Hec
1223 2150 76 52 de
1261 2150 177 52 ligatione:
1400 2150 152 52 sequitur
1514 2150 76 52 de
1539 2150 139 52 Solutione

1060 2218 134 46 Solutio,
1160 2218 78 46 est
1205 2218 112 46 altera
1283 2218 89 46 pars
1339 2218 156 46 potestatis
1462 2218 123 46 clavium
1552 2218 89 46 quam
1607 2218 134 46 Ecclesia
1697 2218 134 46 peccatorem

1033 2257 135 41 censurae
1134 2257 90 41 nodo
1190 2257 135 41 legitime
1291 2257 157 41 illigatum,
1415 2257 90 41 post
1471 2257 135 41 testatam
1573 2257 101 41 satis
1640 2257 67 41 ab
1674 2257 90 41 ipso
1719 2257 101 41 resipi¬-

1038 2283 154 40 scentiam,
1156 2283 130 40 vinculo
1251 2283 142 40 censurae
1358 2283 130 40 eximit,
1452 2283 59 40 &
1476 2283 71 40 ad
1512 2283 178 40 communionem
1654 2283 154 40 fidelium,
1760 2283 71 40 rur¬-

1035 2315 77 39 sus
1079 2315 143 39 admittit.
1189 2315 121 39 Vocatur
1277 2315 99 39 etiam
1343 2315 143 39 absolutio
1442 2315 176 39 Ecclesiastica.

1074 2343 109 46 Estque
1150 2343 76 46 vel
1194 2343 120 46 privata
1281 2343 76 46 vel
1314 2343 98 46 publica

1076 2380 132 46 Privata,
1175 2380 88 46 quam
1230 2380 77 46 vel
1274 2380 143 46 objurgati
1384 2380 77 46 vel
1428 2380 143 46 abstenti,
1537 2380 132 46 censurae
1636 2380 121 46 vinculo
1713 2380 110 46 liberati

1039 2410 132 48 privatim
1138 2410 176 48 declarantur.

1069 2444 142 40 Publica,
1175 2444 83 40 qua
1223 2444 118 40 maxime
1305 2444 212 40 excommunicati,
1482 2444 94 40 post
1541 2444 212 40 resipiscentiam
1706 2444 118 40 suffici¬-

1045 2479 98 44 enter
1110 2479 65 44 ab
1143 2479 98 44 ipsis
1208 2479 130 44 testatam
1306 2479 120 44 publice
1393 2479 185 44 reconcihantur
1545 2479 152 44 Ecclesiae,
1665 2479 54 44 &
1687 2479 65 44 in
1719 2479 87 44 ejus
1763 2479 54 44 so¬-

1043 2510 132 44 cietatem
1142 2510 110 44 iterum
1219 2510 176 44 recipiuntur.
1362 2510 66 44 2.
1395 2510 77 44 Cor
1440 2510 66 44 2.
1473 2510 66 44 v.
1506 2510 66 44 6,
1539 2510 77 44 10.
1583 2510 132 44 Exemplum
1682 2510 77 44 est
1726 2510 99 44 etiam
1781 2510 44 44 a¬-

1044 2540 88 45 pud
1095 2540 177 45 Augustinum
1234 2540 101 45 tomo
1297 2540 126 45 octavo
1385 2540 101 45 post
1448 2540 202 45 Enarrationem
1612 2540 126 45 Psalm.
1688 2540 63 45 61.

1117 2588 156 53 Hactenus
1234 2588 130 53 partes
1325 2588 182 53 potestatis
1468 2588 156 53 clavium:
1585 2588 156 53 sequitur
1689 2588 52 53 de

1343 2629 90 56 eius
1388 2629 123 56 subiecto.

1072 2677 151 49 Potestati
1188 2677 127 49 clavium
1281 2677 139 49 subjecti
1385 2677 93 49 sunt
1443 2677 104 49 omnes
1513 2677 104 49 fidem
1582 2677 127 49 Christi
1663 2677 151 49 profitentes

1042 2719 164 39 cujuscunque
1173 2719 87 39 sint
1227 2719 131 39 ordinis:
1326 2719 76 39 non
1369 2719 109 39 tantum
1445 2719 98 39 laici
1511 2719 76 39 sed
1554 2719 98 39 etiam
1620 2719 87 39 ipsi
1674 2719 131 39 ministri
1762 2719 65 39 ver¬-

1046 2751 66 40 bi
1079 2751 77 40 seu
1123 2751 144 40 Episcopi,
1234 2751 55 40 &
1256 2751 122 40 Diaconi
1345 2751 177 40 Ecclesiarum:
1488 2751 77 40 nec
1532 2751 111 40 tantum
1610 2751 133 40 subditi,
1709 2751 77 40 sed
1743 2751 77 40 etiam

1048 2784 172 46 Magistratus
1185 2784 149 46 politici,
1300 2784 103 46 etiam
1369 2784 149 46 Magnates,
1483 2784 103 46 etiam
1552 2784 161 46 Principes,
1678 2784 103 46 Reges
1747 2784 57 46 &
1759 2784 57 46 Im¬-

1052 2826 150 28 peratores.
1170 2826 64 28 I.
1202 2826 86 28 quia
1256 2826 75 28 sic
1298 2826 128 28 mandavit
1395 2826 96 28 Deus,
1459 2826 107 28 Psalm.
1534 2826 64 28 2.
1566 2826 64 28 v.
1598 2826 75 28 10,
1641 2826 75 28 11,
1684 2826 75 28 12.
1727 2826 86 28 Nunc
1769 2826 54 28 er¬-

1055 2852 59 38 to
1085 2852 98 38 Reges,
1154 2852 177 38 animadvertite,
1301 2852 148 38 eruditionem
1419 2852 138 38 percipite,
1528 2852 49 38 o
1547 2852 108 38 tudices
1626 2852 108 38 terrae.
1705 2852 98 38 Colite
1764 2852 49 38 Ie¬-

1044 2886 107 37 hovam
1116 2886 83 37 cum
1163 2886 179 37 reverentia,
1306 2886 60 37 &
1330 2886 155 37 exsultate
1449 2886 83 37 cum
1497 2886 143 37 tremore.
1604 2886 167 37 Osculamini
1724 2886 95 37 Filium

1045 2917 64 44 ut
1077 2917 74 44 non
1120 2917 138 44 irascatur
1226 2917 53 44 &
1247 2917 127 44 pereatis
1342 2917 64 44 in
1363 2917 64 44 via¬-

1076 2942 81 43 II.
1123 2942 92 43 quia
1180 2942 81 43 sic
1226 2942 150 43 instituit
1341 2942 138 43 Christus
1445 2942 115 43 Matth.
1525 2942 81 43 16.
1571 2942 127 43 versic.
1663 2942 81 43 19.
1709 2942 92 43 QUIC
1755 2942 58 43 Qu1

1053 2976 128 50 ligaveris
1152 2976 59 50 in
1181 2976 99 50 terra,
1251 2976 69 50 &c.
1290 2976 49 50 &
1310 2976 79 50 cap.
1359 2976 69 50 18.
1399 2976 89 50 vers.
1458 2976 69 50 18.
1497 2976 138 50 Quaecunque
1606 2976 148 50 ligaveritis
1724 2976 59 50 in
1744 2976 79 50 terra;

1049 3014 87 44 erunt
1107 3014 96 44 ligata
1174 3014 58 44 in
1203 3014 96 44 caelo,
1261 3014 48 44 &c.

1087 3042 97 47 III.
1147 3042 97 47 quia
1208 3042 133 47 exempla
1304 3042 133 47 probata
1401 3042 72 47 id
1437 3042 169 47 testantur.
1570 3042 109 47 David
1642 3042 169 47 objurgatus
1763 3042 60 47 est

1043 3071 66 45 a
1069 3071 145 45 Nathanc
1175 3071 79 45 2.
1214 3071 105 45 Sam.
1280 3071 92 45 12.
1333 3071 171 45 Rechabeam
1464 3071 66 45 a
1491 3071 158 45 Schemaja
1609 3071 79 45 2.
1649 3071 119 45 Chron
1728 3071 92 45 12.
1767 3071 53 45 5.

1056 3110 133 39 arobeam
1153 3110 60 39 a
1177 3110 121 39 quodam
1261 3110 97 39 viro
1322 3110 85 39 Dei
1370 3110 72 39 1.
1406 3110 97 39 Reg.
1467 3110 72 39 3.
1503 3110 72 39 1.
1539 3110 85 39 Aha
1587 3110 60 39 a
1612 3110 133 39 Chanani
1708 3110 72 39 2.
1732 3110 97 39 Chron.

1046 3149 79 35 16.
1091 3149 68 35 7.
1125 3149 158 35 Josaphatus
1249 3149 56 35 a
1272 3149 136 35 Propheta
1373 3149 102 35 Jehu.
1441 3149 68 35 2.
1475 3149 113 35 Chron.
1554 3149 79 35 19.
1599 3149 68 35 2.
1633 3149 68 35 ac
1667 3149 113 35 rursus
1746 3149 56 35 a
1757 3149 68 35 Pso¬-

1060 3174 90 49 heta
1116 3174 147 49 Elihezare
1229 3174 68 49 2.
1263 3174 113 49 Chron.
1342 3174 79 49 20.
1387 3174 90 49 ver.
1444 3174 79 49 37.
1489 3174 136 49 Ezechias
1591 3174 56 49 a
1613 3174 124 49 Jesaia,
1703 3174 124 49 Achabus
1783 3174 56 49 ab¬
