2063 3416
1042 149 78 49 Ano
1086 149 156 49 Pontifice,
1209 149 89 49 cap.
1265 149 122 49 2.)quae
1354 149 78 49 est
1398 149 167 49 spiritualis
1532 149 89 49 illa
1587 149 134 49 Babylon,
1688 149 100 49 mater
1755 149 89 49 illa
1799 149 78 49 scor¬-

220 196 74 45 2.
257 196 98 45 Tim.
318 196 74 45 3.
355 196 61 45 v
379 196 74 45 6.
416 196 110 45 Simon
489 196 110 45 Magus
563 196 147 45 Haeresin
673 196 159 45 condidit,
796 196 135 45 Helenae
882 196 147 45 meretricis

231 230 139 44 adiutus
333 230 152 44 auxilio.
447 230 152 44 Nicolaus
561 230 190 44 Antiochenus
713 230 127 44 omnium
802 230 216 44 immundiciarum
967 230 63 44 re¬-

224 263 143 50 pertor,
328 263 130 50 choros
419 263 117 50 duxit
497 263 169 50 femineos.
627 263 143 50 Marcion
730 263 117 50 Romam
808 263 169 50 praemisit
925 263 91 50 mulit

226 295 98 43 rem,
287 295 98 43 quae
348 295 184 43 decipiendos
495 295 98 43 sibi
557 295 123 43 animos
643 295 196 43 praepatatet:
802 295 135 43 Apelles
888 295 147 43 Philomenem

230 326 135 43 suarum
325 326 149 43 comitem
433 326 135 43 habuit
528 326 216 43 doctrinarum.
704 326 162 43 Montanus
825 326 149 43 immundi
920 326 108 43 spiri¬-

237 358 84 50 tus
285 358 192 50 praedicator,
441 358 120 50 multas
526 358 156 50 Ecclesias
646 358 84 50 per
694 358 132 50 Priscam
790 358 60 50 &
814 358 180 50 Maximillam,
947 358 84 50 nobi¬-

234 393 83 42 les
282 393 59 42 &
305 393 155 42 opulentas
424 393 143 42 feminas,
531 393 119 42 primum
615 393 95 42 auto
674 393 155 42 corrupit,
793 393 119 42 deinde
876 393 131 42 haeresi
960 393 59 42 pos

222 430 104 36 luit.
292 430 116 36 Arius,
373 430 70 36 ut
408 430 104 36 orbem
477 430 162 36 deciperet,
605 430 127 36 sororem
698 430 151 36 Principis
813 430 93 36 ante
871 430 139 36 decepit.
964 430 58 36 Do¬-

232 461 108 41 natus
304 461 84 41 per
352 461 155 41 Aphiricam
471 461 72 41 ut
507 461 155 41 infelices
627 461 131 41 quosque
722 461 179 41 faetentibus
866 461 155 41 pollueret
973 461 48 41 a¬-

238 499 106 44 quis,
309 499 141 44 Lucillae
415 499 118 44 opibus
498 499 130 44 adjutus
592 499 94 44 est.
651 499 71 44 In
686 499 141 44 Hispania
792 499 106 44 Agape
863 499 153 44 Elpidium,
969 499 59 44 mu¬-

235 525 96 46 lier
295 525 120 46 virum,
379 525 120 46 caecum
463 525 108 46 caeca
535 525 108 46 duxit
607 525 72 46 in
643 525 132 46 foveam,
739 525 216 46 successoremque
919 525 84 46 sui
955 525 72 46 Pri¬-

232 559 176 43 scillianum
371 559 138 43 habuit,
471 559 176 43 Zoroastris
609 559 101 43 magi
672 559 239 43 studiosissimum,
873 559 63 43 &
898 559 75 43 ex
936 559 101 43 mago
986 559 38 43 E

227 597 165 43 piscopum,
354 597 89 43 cui
405 597 127 43 juncta
494 597 127 43 Galla,
582 597 89 43 non
633 597 127 43 gente,
722 597 89 43 sed
773 597 140 43 nomine,
874 597 152 43 germanam
976 597 63 43 huc

231 628 155 47 illucque
348 628 168 47 currentem
477 628 155 47 alterius
594 628 65 47 &
620 628 142 47 vicinae
723 628 168 47 haereseos
853 628 155 47 reliquit
956 628 78 47 hae¬

213 662 119 44 redem.

366 693 91 69 Sic
418 693 104 69 fuit
483 693 78 69 de
522 693 208 69 eAntichristo
690 693 143 69 prioris
781 693 130 69 generis:

566 742 157 53 sequitur.

449 816 233 43 CAPUT
579 816 207 43 XXIII.

384 861 90 65 In
429 861 105 65 quo
489 861 90 65 de
534 861 225 65 Antichristo
713 861 120 65 illo
773 861 120 65 magno¬-

318 916 246 42 NTICHRISTUS
515 916 131 42 ille
597 916 181 42 magnus,
728 916 115 42 est
794 916 181 42 eximius
909 916 131 42 quidam

318 957 131 36 Christi
413 957 59 36 &
437 957 154 36 Ecclesiae
556 957 95 36 ejus
615 957 190 36 adversarius,
770 957 83 36 qui
817 957 83 36 κατ
865 957 119 36 iξεχιι
948 957 59 36 &
960 957 83 36 prin¬-

246 965 178 59 AEcipaliter
389 965 167 59 appellatur
520 965 202 59 Antichristus,
686 965 83 59 qui
734 965 95 59 sibi
793 965 131 59 arrogat
888 965 71 59 ea
924 965 71 59 in
948 965 95 59 Eccle¬-

245 1018 74 40 sia
288 1018 138 40 universa,
394 1018 85 40 quae
446 1018 85 40 soli
499 1018 116 40 Christo
584 1018 148 40 competunt,
700 1018 63 40 2.
732 1018 127 40 Thessal.
827 1018 63 40 2.
859 1018 63 40 v.
891 1018 63 40 7.
923 1018 63 40 1.
954 1018 85 40 Joh.
997 1018 42 40 2.

248 1056 67 40 18.
287 1056 48 40 &
306 1056 76 40 cap.
353 1056 57 40 4.
382 1056 57 40 v.
401 1056 38 40 3.

275 1089 201 34 Quemadmodum
435 1089 107 34 olim
502 1089 147 34 Christo
610 1089 107 34 nato
677 1089 67 34 &
704 1089 161 34 revelato
824 1089 147 34 Herodes
918 1089 134 34 turbatus

244 1115 96 41 fuit
304 1115 60 41 &
328 1115 96 41 urbs
389 1115 169 41 Jerosolyma
521 1115 84 41 cum
570 1115 84 41 eo,
618 1115 60 41 &
642 1115 72 41 in
678 1115 72 41 ea
714 1115 109 41 summi
787 1115 181 41 Pontifices,
919 1115 121 41 Phatisae

240 1157 62 35 &
264 1157 150 35 Scribae:
377 1157 87 35 ita
427 1157 100 35 nunc
489 1157 100 35 quum
552 1157 200 35 Antichristus
714 1157 87 35 qui
764 1157 87 35 jam
814 1157 125 35 venit,
901 1157 112 35 magis
964 1157 87 35 atque

249 1187 107 38 magis
320 1187 167 38 reregitur,
451 1187 155 38 turbantur
570 1187 131 38 plurimi
665 1187 83 38 tum
713 1187 155 38 Politici,
832 1187 83 38 tum
868 1187 178 38 Ecclesiastici

237 1216 106 41 atque
308 1216 106 41 aegre
378 1216 118 41 ferunt
461 1216 71 41 de
496 1216 176 41 Antichristo
637 1216 129 41 doceri,
731 1216 71 41 de
767 1216 82 41 quo
814 1216 129 41 mallent
908 1216 106 41 altum
967 1216 82 41 esse.

248 1251 159 39 silentium,
372 1251 102 39 pacis
441 1251 57 39 &
463 1251 216 39 tranquillitatis
645 1251 136 39 mundanae
747 1251 113 39 causa.
826 1251 102 39 Atqui
894 1251 68 39 de
917 1251 125 39 Antichri¬-

247 1285 82 37 sto
294 1285 94 37 illo
353 1285 117 37 eximio
435 1285 82 37 est
470 1285 129 37 docendum:

276 1313 72 49 I.
312 1313 96 49 Quia
372 1313 156 49 Scriptura
492 1313 108 49 Sacra
563 1313 72 49 de
599 1313 72 49 eo
623 1313 96 49 docet¬-

273 1345 87 43 II.
322 1345 100 43 Quia
385 1345 75 43 de
422 1345 237 43 pseudoprophetis
622 1345 150 43 cavendis
734 1345 150 43 ministri
846 1345 112 43 verbi
921 1345 87 43 Dei
959 1345 87 43 audi¬-

246 1382 105 44 tores
317 1382 94 44 suos
375 1382 140 44 admonere
480 1382 152 44 tenentur,
597 1382 129 44 exemplo
691 1382 129 44 Christi
785 1382 117 44 Matth.
867 1382 70 44 7.
902 1382 70 44 v.
937 1382 82 44 15.
972 1382 82 44 Anti¬-

250 1418 136 37 christus
352 1418 102 37 autem
420 1418 80 37 est
466 1418 159 37 praecipuus
591 1418 216 37 Pseudopropheta,
772 1418 102 37 Apoc.
840 1418 80 37 16.
886 1418 68 37 v.
920 1418 80 37 13.
965 1418 57 37 &
977 1418 68 37 cap.

246 1484 88 39 Dei
297 1484 164 39 auditores
423 1484 101 39 suos
486 1484 152 39 admonere
587 1484 114 39 debent.

277 1509 98 46 III.
338 1509 98 46 Quia
399 1509 135 46 omnibus
498 1509 160 46 fidelibus
620 1509 86 46 est
669 1509 209 46 cognoscendus,
841 1509 74 46 ut
878 1509 98 46 sibi
939 1509 74 46 ab
976 1509 74 46 eo
1001 1509 61 46 ca¬-

256 1553 89 34 vere
311 1553 133 34 possint,
412 1553 67 34 ne
445 1553 78 34 cum
489 1553 100 34 aliis
556 1553 56 34 a
578 1553 122 34 Christo
667 1553 56 34 &
690 1553 89 34 vera
745 1553 89 34 fide
790 1553 122 34 deficiani

275 1585 84 47 IV.
323 1585 96 47 Quia
383 1585 167 47 retegendus
514 1585 84 47 est
562 1585 72 47 2.
598 1585 120 47 Thess.
681 1585 72 47 2.
717 1585 72 47 v.
753 1585 72 47 2.
789 1585 60 47 &
813 1585 72 47 8.
849 1585 179 47 Ministrorum
980 1585 72 47 ergo

243 1610 158 51 Evangelii
364 1610 146 51 officium
473 1610 85 51 est
522 1610 85 51 eum
558 1610 134 51 retegere.

277 1651 80 39 V.
317 1651 107 39 Quia
384 1651 94 39 qui
437 1651 214 39 Antichristum
611 1651 160 39 retegere
731 1651 187 39 formidant,
878 1651 160 39 Christum
985 1651 67 39 quo

253 1678 135 38 dammodo
351 1678 159 38 abnegant,
473 1678 86 38 dum
522 1678 73 38 ae
559 1678 86 38 quo
608 1678 110 38 anima
681 1678 171 38 patiuntur,
816 1678 110 38 alium
890 1678 135 38 praeter
975 1678 86 38 Chri¬-

245 1717 91 33 stum
301 1717 68 33 se
335 1717 79 33 pro
381 1717 113 33 capite
460 1717 147 33 universae
573 1717 147 33 Ecclesiae
687 1717 170 33 Christianae
823 1717 113 33 gerere
902 1717 57 33 &
925 1717 136 33 jactare.
1016 1717 45 33 Vt

245 1747 146 48 infidelis
357 1747 79 48 est
402 1747 90 48 Regi
459 1747 56 48 &
481 1747 124 48 Magist:
571 1747 90 48 atui
627 1747 90 48 suo,
684 1747 79 48 qui
729 1747 101 48 ferre
796 1747 113 48 potest
875 1747 68 48 ut
909 1747 101 48 alius
976 1747 68 48 se
999 1747 56 48 pro

256 1777 91 41 Rege
313 1777 57 41 &
335 1777 159 41 Magistratu
460 1777 102 41 gerat
529 1777 57 41 &
551 1777 148 41 factiones
665 1777 205 41 defectionesque
836 1777 137 41 excitet:
938 1777 80 41 ita
972 1777 80 41 infi¬-

250 1819 98 37 delis
316 1819 76 37 est
359 1819 131 37 Christo,
458 1819 142 37 quicunque
567 1819 98 37 ferre
632 1819 120 37 potest,
720 1819 66 37 ut
752 1819 98 37 alius
818 1819 87 37 quam
872 1819 131 37 Christus
971 1819 66 37 se
992 1819 66 37 pro¬-

253 1849 109 37 capite
329 1849 141 37 Ecclesiae
438 1849 109 37 gerat.
514 1849 65 37 Et
546 1849 65 37 si
579 1849 130 37 ministr.
677 1849 98 37 verbi
742 1849 130 37 graviter
840 1849 152 37 peccarent,
959 1849 65 37 si
981 1849 76 37 audi¬-

253 1882 106 38 tores
324 1882 94 38 suos
383 1882 82 38 non
430 1882 165 38 admonerent
559 1882 71 38 de
595 1882 130 38 fugseda
689 1882 177 38 factiosorum
830 1882 71 38 in
866 1882 118 38 civili
936 1882 118 38 republi:

242 1912 75 43 ca
280 1912 63 43 &
305 1912 163 43 rebellium
430 1912 150 43 adversus
543 1912 163 43 legitimum
669 1912 188 43 Magistratum
819 1912 175 43 societate:
957 1912 113 43 quant
1019 1912 38 43 o

249 1947 110 38 magis
322 1947 171 38 peccarent,
456 1947 73 38 si
493 1947 86 38 non
542 1947 171 38 admonerent
676 1947 159 38 auditores
798 1947 98 38 suos
860 1947 73 38 de
896 1947 147 38 fugiendo
994 1947 61 38 An¬

244 1978 124 40 tichristo¬-

286 2005 87 47 VI.
335 2005 99 47 Quia
397 2005 186 47 Antichristi
546 2005 124 47 factio
633 2005 223 47 abominabilibus
819 2005 149 47 peccatis
931 2005 87 47 est
968 2005 87 47 dedi¬-

253 2047 82 40 ta,
300 2047 58 40 &
323 2047 105 40 certo
393 2047 163 40 horribiles
521 2047 117 40 plagas
603 2047 152 40 expertura
720 2047 70 40 De
755 2047 93 40 illa
813 2047 128 40 cavenda
906 2047 117 40 igitur
976 2047 70 40 mone

257 2078 65 47 di
290 2078 131 47 fideles,
388 2078 65 47 ne
421 2078 153 47 participes
541 2078 98 47 fiant
606 2078 153 47 peccatorum
726 2078 87 47 ejus
780 2078 55 47 &
802 2078 65 47 de
835 2078 109 47 plagis
911 2078 87 47 ejus
955 2078 98 47 accipi¬-

252 2110 89 43 ant,
307 2110 122 43 Apocal.
396 2110 78 43 18.
430 2110 44 43 4.

291 2135 95 43 VII.
351 2135 95 43 Quia
410 2135 191 43 Antichristus
565 2135 83 43 est
613 2135 119 43 hostis
696 2135 155 43 Ecclesiae
816 2135 131 43 Christi
911 2135 72 43 Ab
935 2135 119 43 hostibus

256 2179 105 34 autem
326 2179 151 34 Ecclesiae
443 2179 128 34 Christi
536 2179 70 34 ut
571 2179 93 34 sibi
629 2179 128 34 fideles
722 2179 140 34 caveant,
827 2179 116 34 monere
908 2179 116 34 debent
978 2179 70 34 mini

260 2209 90 38 stri
316 2209 101 38 verbi
383 2209 90 38 Dei,
439 2209 112 38 utpote
518 2209 78 38 qui
562 2209 179 38 speculatores
708 2209 90 38 dati
764 2209 90 38 sunt
820 2209 56 38 a
843 2209 78 38 Deo
888 2209 146 38 Ecclesiae
989 2209 78 38 Chri¬-

259 2242 76 46 sti,
306 2242 95 46 Ezech.
363 2242 38 46 3.

292 2269 95 44 Quid
352 2269 83 44 sit
399 2269 191 44 Antichristus
554 2269 107 44 ille,
626 2269 131 44 ambigue
721 2269 167 44 quaeritur:
852 2269 83 44 Nam
900 2269 143 44 interdum
995 2269 60 44 An¬-

249 2307 151 39 tichristi
366 2307 116 39 nomine
447 2307 186 39 intelligitur
598 2307 151 39 multitudo
714 2307 81 39 seu
761 2307 116 39 factio
842 2307 128 39 quaedam
935 2307 116 39 habens
1005 2307 46 39 u¬-

248 2344 94 42 num
301 2344 187 42 monarcham,
448 2344 174 42 oppugnans
582 2344 174 42 Christum,
716 2344 147 42 quamvis
823 2344 120 42 ipsum
903 2344 134 42 verbis
984 2344 80 42 con¬-

249 2373 148 38 fiteatur;
362 2373 102 38 sicut
430 2373 125 38 Christi
521 2373 114 38 nomine
601 2373 136 38 interdum
703 2373 182 38 intelligitur
851 2373 91 38 tota
907 2373 136 38 Ecclesia
998 2373 57 38 cum

262 2405 119 45 Capite
334 2405 119 45 Christo¬-

291 2419 151 57 Interdum
405 2419 189 57 Antichristi
556 2419 126 57 nomine
644 2419 202 57 intelligitur
808 2419 113 57 solum
883 2419 113 57 caput
959 2419 88 57 seu
997 2419 88 57 solus

261 2472 145 51 monarcha
370 2472 193 51 multitudinis
527 2472 121 51 illius
611 2472 181 51 adverfantis
756 2472 145 51 Christo,
865 2472 97 51 etsi
925 2472 85 51 cum
961 2472 97 51 verbis

256 2510 198 34 confiteatur;
417 2510 62 34 &
441 2510 186 34 describitur
590 2510 74 34 in
627 2510 99 34 hunc
677 2510 99 34 modum:

295 2533 188 47 Antichristus
448 2533 94 47 ille
507 2533 129 47 magnus,
601 2533 82 47 est
648 2533 94 47 homo
707 2533 141 47 peccati,
812 2533 129 47 Christo
906 2533 82 47 sub
942 2533 118 47 Christi¬-

252 2573 122 37 nomine
337 2573 170 37 adversans,
471 2573 146 37 Christum
580 2573 122 37 verbis
665 2573 170 37 profitens,
799 2573 85 37 sed
847 2573 109 37 facto
920 2573 146 37 personam
1018 2573 36 37 &

261 2605 150 36 officium,
377 2605 92 36 quod
434 2605 115 36 solius
515 2605 127 36 Christi
607 2605 92 36 est,
664 2605 92 36 sibi
722 2605 150 36 usurpans,
837 2605 81 36 pro
883 2605 104 36 summo
940 2605 127 36 propheta¬-

260 2638 63 33 &
286 2638 152 33 doctore,
400 2638 89 33 pro
451 2638 114 33 summo
527 2638 165 33 Pontifice
654 2638 63 33 &
679 2638 152 33 Monarcha
793 2638 165 33 Ecclesiae
908 2638 152 33 universae¬-

262 2669 93 39 sese
320 2669 116 39 gerens
402 2669 58 39 &
425 2669 116 39 haberi
506 2669 128 39 volens,
599 2669 93 39 quum
657 2669 81 39 non
704 2669 93 39 sit.
762 2669 81 39 Hoc
808 2669 93 39 est,
866 2669 70 39 ut
901 2669 105 39 paulo
959 2669 93 39 pleni¬-

256 2709 66 31 us
289 2709 177 31 describatur:
433 2709 77 31 Est
477 2709 166 31 universalis
610 2709 155 31 apostasiae
731 2709 77 31 seu
776 2709 166 31 defectionis
908 2709 55 31 a
930 2709 88 31 fide
986 2709 55 31 &
997 2709 55 31 do¬-

264 2739 124 41 ctrina
350 2739 137 41 Christi
450 2739 124 41 caput,
537 2739 62 41 &
561 2739 186 41 Christianum
710 2739 124 41 quidem
797 2739 112 41 nomen
872 2739 174 41 profitens,
996 2739 62 41 sed

258 2772 107 43 tamen
329 2772 131 43 Chiisto
424 2772 59 43 &
448 2772 154 43 doctrinae
567 2772 131 43 Christi
662 2772 95 43 sese
721 2772 142 43 oppones:
828 2772 131 43 usurpas
923 2772 95 43 sibi
970 2772 95 43 regnum

252 2803 83 39 seu
300 2803 167 39 Monarchiam
431 2803 71 39 in
466 2803 143 39 Ecclesia
574 2803 143 39 Christi;
681 2803 83 39 tum
728 2803 143 39 duplici,
836 2803 107 39 eaque
907 2803 131 39 suprema
990 2803 60 39 po¬-

259 2835 128 36 testate,
356 2835 150 36 spirituali
473 2835 53 36 &
494 2835 139 36 seculari,
601 2835 53 36 &
623 2835 75 36 cum
666 2835 150 36 fallacibus
783 2835 107 36 signis
858 2835 64 36 ac
890 2835 139 36 miraculis
997 2835 64 36 se
1018 2835 43 36 o¬-

262 2866 142 40 stentans
369 2866 119 40 magus,
452 2866 83 40 cum
499 2866 130 40 Diabolo
594 2866 166 40 paciscens:
725 2866 178 40 Idolosatra,
867 2866 166 40 hypocrita,
986 2866 59 40 bla

274 2896 125 44 phemus,
365 2896 159 44 ambitiosus
490 2896 57 44 &
512 2896 148 44 superbus,
626 2896 114 44 exlex,
706 2896 136 44 caelebs,
808 2896 57 44 &
831 2896 148 44 conjugium
933 2896 125 44 prohibes.

266 2929 86 48 sed
315 2929 110 48 tamen
388 2929 135 48 impurus
487 2929 172 48 scortator,
622 2929 135 48 adulter
720 2929 61 48 &
744 2929 147 48 Sodomita
855 2929 61 48 &
879 2929 147 48 meretrix
977 2929 74 48 Baby

267 2958 134 47 lonica:
364 2958 146 47 certorum
474 2958 134 47 ciborum
572 2958 171 47 abstinens,
706 2958 85 47 sed
754 2958 110 47 tamen
827 2958 183 47 luxuriosus:
962 2958 98 47 avarus

267 2996 137 39 emunctor
369 2996 137 39 pecuniae
471 2996 114 39 vafer,
551 2996 114 39 vanus,
631 2996 125 39 mendax,
722 2996 148 39 crudelis,
835 2996 137 39 tyranus,
938 2996 148 39 persequu¬

280 3028 82 42 tor
327 3028 59 42 &
351 3028 152 42 parricida
468 3028 164 42 sauctorum:
597 3028 152 42 setanquam
714 3028 94 42 Deum
773 3028 164 42 venditans,
902 3028 59 42 &
925 3028 117 42 contra
995 3028 59 42 po¬-

283 3063 134 42 testates
383 3063 56 42 &
406 3063 156 42 majestates
529 3063 112 42 omnes,
607 3063 78 42 tum
652 3063 134 42 terrenas
752 3063 78 42 tum
797 3063 156 42 caelestes,
920 3063 67 42 se
942 3063 123 42 efferens;

269 3086 135 47 divinam
367 3086 147 47 potentia
477 3086 61 47 &
501 3086 135 47 Christi
599 3086 159 47 absolutum
721 3086 147 47 dominium
832 3086 98 47 sibi
893 3086 159 47 arrogans:
1003 3086 61 47 di¬-

283 3123 90 51 visa
339 3123 56 51 &
361 3123 124 51 dilapsa
451 3123 112 51 Romana
530 3123 157 51 Monarchia,
654 3123 56 51 &
676 3123 90 51 ejus
732 3123 157 51 ruderibus,
856 3123 67 51 in
889 3123 157 51 septicolli
1002 3123 56 51 ci¬-

272 3154 121 48 vitate,
360 3154 77 48 hoc
404 3154 88 48 est,
459 3154 99 48 Romae
525 3154 77 48 (ut
569 3154 187 48 interpretatur
723 3154 121 48 Bellar,
811 3154 99 48 libro
877 3154 121 48 secundo
965 3154 66 48 de
987 3154 77 48 Roma¬

258 157 159 49 Decipiunt
380 157 146 49 libenter
490 157 159 49 muliebrem
612 157 110 49 sexum
685 157 73 49 ut
721 157 85 49 per
770 157 110 49 illum
843 157 110 49 alios
917 157 159 49 seducant,
1026 157 37 49 n

1075 197 147 36 tationum
1185 197 61 36 &
1209 197 208 36 abominationum
1381 197 135 36 terrae,
1479 197 98 36 illa
1540 197 159 36 corrupta,
1662 197 98 36 illa
1724 197 147 36 nefanda,
1822 197 73 36 illa

1077 229 132 40 pudoris
1173 229 84 40 sui
1221 229 168 40 nominisque
1353 229 168 40 decoctrix,
1485 229 60 40 &
1508 229 96 40 quae
1568 229 144 40 cruribus
1676 229 96 40 hinc
1736 229 96 40 inde
1784 229 108 40 disten¬-

1081 259 77 46 cis
1125 259 77 46 per
1169 259 110 46 secula
1246 259 176 46 aliquammulta
1389 259 143 46 libidines
1499 259 88 46 suas
1554 259 132 46 obtrusit
1653 259 88 46 orbi
1708 259 143 46 terrarum,
1807 259 77 46 atque

1081 297 67 36 in
1114 297 111 36 templo
1192 297 89 36 Dei,
1247 297 78 36 hoc
1292 297 89 36 est,
1347 297 67 36 in
1381 297 144 36 Ecclesia,
1492 297 67 36 vi
1525 297 55 36 &
1547 297 144 36 efficacia
1658 297 122 36 Satanae
1747 297 133 36 paulatim
1836 297 55 36 ex¬-

1067 328 133 39 sistens
1164 328 60 39 &
1188 328 157 39 crescens,
1308 328 169 39 retegendus
1441 328 157 39 postremis
1562 328 109 39 mundi
1634 328 181 39 temporibus,
1779 328 72 39 ac
1803 328 85 39 tande

1082 359 134 44 glorioso
1182 359 89 44 illo
1238 359 123 44 Christi
1327 359 123 44 adventu
1416 359 123 44 penitus
1506 359 156 44 abolendus.
1628 359 67 44 2.
1662 359 112 44 Thess.
1740 359 67 44 2.
1773 359 67 44 3.
1807 359 67 44 1.
1829 359 56 44 Tim

1083 393 62 41 4.
1114 393 62 41 1.
1144 393 51 41 &
1165 393 93 41 seqq.
1227 393 82 41 Joh.
1278 393 62 41 2.
1309 393 72 41 22.
1350 393 82 41 Prov
1401 393 62 41 9.
1432 393 62 41 v.
1463 393 72 41 13.
1504 393 93 41 usque
1566 393 62 41 ad
1597 393 93 41 sinem
1659 393 123 41 capitis,
1751 393 113 41 Daniel.
1833 393 62 41 7.
1854 393 41 41 8.

1076 427 104 43 Apoc.
1146 427 81 43 17.
1192 427 69 43 1.
1227 427 58 43 &
1250 427 81 43 18.
1296 427 104 43 Apoc.
1365 427 81 43 13.
1411 427 81 43 11.
1457 427 58 43 &
1481 427 115 43 passim
1561 427 69 43 in
1584 427 139 43 Apocalypsi

1109 463 162 36 Antichristi
1239 463 97 36 typus
1304 463 86 36 fuit
1358 463 76 36 Rex
1401 463 151 36 Babylonis,
1520 463 65 36 de
1552 463 76 36 quo
1595 463 86 36 Jes.
1649 463 76 36 14.
1693 463 65 36 v.
1725 463 76 36 13,
1768 463 76 36 14,
1812 463 76 36 15.
1844 463 54 36 Tu¬-

1086 489 115 42 dicebas
1169 489 63 42 in
1200 489 94 42 corde
1263 489 83 42 tuo,
1315 489 63 42 in
1346 489 104 42 caelos
1419 489 146 42 adscendam,
1534 489 94 42 supra
1597 489 115 42 stellas
1680 489 73 42 Dei
1722 489 104 42 fortis
1785 489 104 42 exaltabi

1080 525 129 39 solium
1171 525 103 39 meum
1235 525 65 39 &
1261 525 129 39 sedebo
1351 525 78 39 in
1390 525 116 39 monte
1468 525 181 39 conventus,
1610 525 90 39 &c.
1661 525 103 39 quem
1713 525 181 39 locumCypria¬-

1077 565 85 29 nus
1126 565 122 29 Martyr
1211 565 159 29 epistolam
1333 565 293 29 quinquagesimaquinta,
1590 565 98 29 quae
1651 565 85 29 est
1700 565 73 29 ad
1736 565 159 29 Cornelium
1846 565 49 29 E¬-

1096 592 133 38 iscopum
1193 592 133 38 Romanum
1289 592 206 38 interpretatur
1459 592 73 38 de
1495 592 194 38 Antichristo:
1652 592 73 38 Et
1689 592 109 38 ratio
1761 592 85 38 est
1797 592 85 38 certa

1077 627 87 36 Nam
1126 627 74 36 si
1163 627 173 36 corporalis
1300 627 99 36 illa
1361 627 136 36 Babylon
1461 627 99 36 fuit
1522 627 111 36 typus
1597 627 124 36 Romae,
1683 627 99 36 quae
1745 627 161 36 propterea
1857 627 37 36 &

1084 665 98 41 ipsa
1145 665 134 41 dicitur
1242 665 134 41 Babylon
1340 665 73 41 in
1377 665 183 41 Apocalypsi:
1523 665 85 41 tum
1572 665 85 41 Rex
1620 665 183 41 Babylonicus
1767 665 98 41 fuit
1816 665 85 41 typus

1078 689 182 41 Antichristi
1224 689 109 41 Romae
1284 689 134 41 sedentis:

1114 717 119 45 Ejusdem
1201 717 97 45 typus
1266 717 87 45 fuit
1320 717 141 45 Antiochus
1428 717 151 45 Epiphanes,
1547 717 65 45 id
1579 717 87 45 est,
1634 717 151 45 illustris,
1753 717 108 45 dictus
1828 717 65 45 ab
1850 717 54 45 Hi¬-

1084 753 132 42 storicis
1183 753 143 42 Epimanes,
1293 753 66 42 id
1326 753 88 42 est,
1381 753 143 42 furiosus:
1491 753 77 42 itu
1535 753 88 42 Gog,
1590 753 110 42 Ezech.
1667 753 77 42 38,
1711 753 77 42 39.
1755 753 99 42 Apoc.
1821 753 77 42 20.
1854 753 44 42 8.

1107 790 168 38 Praedictum
1239 790 96 38 fuit
1299 790 72 38 de
1335 790 108 38 eodem
1407 790 84 38 sub
1455 790 132 38 imagine
1550 790 144 38 mulieris
1658 790 168 38 adulterae,
1790 790 108 38 Prov.
1850 790 48 38 9.

1088 822 61 45 v.
1118 822 71 45 13.
1159 822 51 45 &
1169 822 61 45 seqq

1119 852 193 41 Antichristus
1275 852 96 41 ille
1336 852 120 41 magnus
1420 852 84 41 jam
1468 852 120 41 venit,
1552 852 72 41 in
1588 852 132 41 templum
1684 852 96 41 Dei,
1745 852 120 41 tanqua
1817 852 72 41 Deus

1078 885 129 43 sedens,
1172 885 70 43 id
1207 885 94 43 est,
1266 885 70 43 in
1301 885 152 43 Ecclesiam
1418 885 82 43 Dei
1465 885 94 43 sibi
1523 885 176 43 autoritatem
1664 885 59 43 &
1687 885 164 43 potestatem
1804 885 94 43 supre¬-

1094 927 77 36 mam
1138 927 121 36 sumens,
1226 927 88 36 prae
1282 927 66 36 se
1315 927 110 36 ferens
1392 927 66 36 se
1425 927 88 36 esse
1480 927 99 36 Deum,
1547 927 99 36 sicut
1613 927 66 36 2.
1646 927 110 36 Thess.
1723 927 66 36 2.
1756 927 66 36 v.
1790 927 66 36 6,
1823 927 66 36 7,
1845 927 44 36 8.

1096 959 77 37 ait
1140 959 110 37 Paulus
1217 959 66 37 de
1250 959 176 37 Antichristo:
1392 959 88 37 Nuns
1447 959 88 37 vero
1502 959 88 37 quid
1557 959 110 37 obstet
1634 959 121 37 nostis,
1721 959 66 37 ut
1754 959 66 37 is
1787 959 77 37 suo
1820 959 66 37 tem¬-

1096 993 93 33 pore
1154 993 162 33 retegatur.
1282 993 81 33 Iam
1328 993 93 33 enim
1386 993 151 33 peragitur
1502 993 151 33 mysterium
1618 993 162 33 impietatis
1746 993 104 33 huju:
1804 993 81 33 tatum

1100 1027 78 29 qui
1144 1027 89 29 nunc
1200 1027 122 29 obstat,
1288 1027 133 29 obstabit
1388 1027 133 29 usquedum
1488 1027 55 29 e
1510 1027 100 29 medio
1577 1027 133 29 sublatus
1676 1027 122 29 fuarit.
1765 1027 67 29 Et
1798 1027 89 29 tunc
1843 1027 55 29 ve¬-

1091 1054 123 37 tegetur
1180 1054 112 37 impius
1258 1054 100 37 ille,
1325 1054 89 37 quem
1381 1054 123 37 Dominus
1470 1054 134 37 confinet
1570 1054 123 37 Spiritu
1660 1054 89 37 oris
1715 1054 89 37 sui,
1771 1054 56 37 &
1782 1054 123 37 iliustri¬-

1088 1089 105 44 advetu
1162 1089 74 44 suo
1204 1089 137 44 abolebit.
1310 1089 63 44 1.
1341 1089 84 44 Joh.
1394 1089 63 44 2.
1426 1089 63 44 v.
1457 1089 74 44 18.
1499 1089 126 44 Pueruli,
1594 1089 116 44 ultimum
1678 1089 105 44 tempus
1752 1089 105 44 edest:
1826 1089 53 44 &
1836 1089 53 44 sis

1089 1120 74 35 ut
1126 1120 172 35 audivistis
1260 1120 196 35 Antichristum
1420 1120 159 35 venturum,
1542 1120 110 35 etiam
1616 1120 98 35 nunc
1677 1120 184 35 Antichristi
1812 1120 86 35 multi

1100 1156 133 44 aeperunt
1200 1156 100 44 esse:
1266 1156 89 44 unde
1322 1156 111 44 scimus
1400 1156 122 44 ultimum
1488 1156 111 44 tempus
1555 1156 100 44 adesses

1115 1181 165 42 Antichristi
1247 1181 110 42 illius
1324 1181 99 42 magni
1390 1181 121 42 malitia
1478 1181 110 42 duplex
1556 1181 88 42 est:
1611 1181 77 42 una
1655 1181 66 42 in
1688 1181 132 42 dectuna,
1787 1181 110 42 altera
1853 1181 44 42 in

1098 1222 100 37 vita.
1165 1222 133 37 Doctrina
1265 1222 89 37 enim
1320 1222 167 37 Antichristi
1453 1222 78 37 est
1498 1222 144 37 contraria
1609 1222 144 37 doctrinae
1720 1222 133 37 Christi,
1820 1222 67 37 ut
1842 1222 56 37 se¬-

1099 1254 123 45 quentia
1188 1254 145 45 ostendunt
1300 1254 168 45 testimonia,
1434 1254 67 45 i.
1468 1254 89 45 Joh.
1524 1254 67 45 2.
1557 1254 78 45 23.
1602 1254 89 45 Quis
1658 1254 78 45 est
1703 1254 123 45 meudex,
1792 1254 89 45 nisi
1848 1254 78 45 qui

1092 1286 118 37 negat,
1175 1286 106 37 Iesum
1246 1286 94 37 esse
1305 1286 142 37 Christum
1411 1286 154 37 illuimnac
1529 1286 83 37 est
1576 1286 201 37 Ancichrestus,
1742 1286 83 37 Qui
1789 1286 106 37 negat
1848 1286 59 37 Pa¬-

1101 1325 81 40 trem
1151 1325 51 40 &
1172 1325 111 40 Filium,
1253 1325 51 40 &
1273 1325 81 40 cap.
1323 1325 61 40 4.
1354 1325 61 40 1,
1384 1325 61 40 2,
1414 1325 61 40 3.
1445 1325 121 40 Dilecti,
1536 1325 61 40 ne
1566 1325 101 40 cuivis
1637 1325 121 40 spiritui
1728 1325 121 40 credite,
1819 1325 71 40 sed
1849 1325 61 40 pro¬-

1090 1354 96 38 bate
1150 1354 143 38 spiritus
1257 1354 72 38 an
1293 1354 72 38 ex
1329 1354 84 38 Deo
1377 1354 108 38 sint:
1449 1354 84 38 nam
1497 1354 108 38 multi
1568 1354 227 38 pseudocrophetae
1760 1354 143 38 venerunt
1855 1354 48 38 in

1099 1390 125 37 mundum.
1190 1390 68 37 Ex
1224 1390 80 37 hoc
1269 1390 159 37 cognescite
1395 1390 80 37 Dei
1440 1390 148 37 Spiritum:
1554 1390 148 37 Quicunque
1668 1390 137 37 speritus
1770 1390 159 37 confitetur

1098 1422 104 39 Iesum
1168 1422 139 39 Christum
1272 1422 70 39 in
1307 1422 116 39 carnem
1388 1422 139 39 venisse,
1492 1422 70 39 ex
1527 1422 81 39 Deo
1574 1422 93 39 est:
1631 1422 81 39 At,
1678 1422 151 39 quitunque
1782 1422 116 39 Spiritia

1097 1451 77 43 non
1141 1451 155 43 confitetur
1263 1451 100 43 Iesum
1329 1451 133 43 Christum
1429 1451 66 43 in
1462 1451 111 43 carnem
1539 1451 133 43 vinesse,
1639 1451 66 43 ex
1672 1451 77 43 Deo
1716 1451 77 43 non
1760 1451 88 43 est:
1816 1451 77 43 sed
1849 1451 55 43 hic

1106 1484 78 42 est
1150 1484 89 42 ille
1206 1484 134 42 spiritus
1306 1484 178 42 Antichristi,
1451 1484 67 42 de
1484 1484 78 42 quo
1529 1484 156 42 audivistis
1651 1484 78 42 eum
1696 1484 134 42 venturum
1796 1484 122 42 fuisse,
1874 1484 33 42 &

1109 1521 64 39 am
1141 1521 85 39 nunc
1195 1521 64 39 in
1227 1521 96 39 mundo
1291 1521 96 39 esse.
1354 1521 64 39 1.
1386 1521 75 39 Tim
1429 1521 64 39 4.
1461 1521 64 39 v.
1493 1521 64 39 1,
1525 1521 64 39 2,
1557 1521 64 39 3.
1589 1521 128 39 Spiritus
1685 1521 96 39 autem
1749 1521 117 39 diserte
1823 1521 75 39 dicit

1109 1550 86 35 fore
1163 1550 65 35 ut
1195 1550 183 35 posterioribus
1346 1550 151 35 temporibus
1464 1550 151 35 deiciscurt
1583 1550 108 35 quidam
1658 1550 54 35 a
1680 1550 97 35 fide,
1744 1550 151 35 spiritinus
1852 1550 43 35 de

1102 1583 159 43 ceptoribus
1227 1583 171 43 attendentes
1363 1583 68 43 oc
1397 1583 148 43 doctrinis
1511 1583 171 43 demoniorum,
1648 1583 80 43 Per
1693 1583 159 43 hypocrisin
1807 1583 91 43 falsi¬-

1097 1613 151 38 loquorum,
1214 1613 116 38 quorum
1295 1613 174 38 conscientia
1435 1613 140 38 cauterio
1539 1613 128 38 refecta
1632 1613 93 38 est,
1691 1613 186 38 Prohibentium
1830 1613 70 38 con¬-

1096 1652 131 34 trahere
1191 1652 179 34 matrimonium
1335 1652 155 34 jubentium
1454 1652 155 34 abstinere
1573 1652 60 34 a
1597 1652 119 34 cibis,
1680 1652 95 34 quos
1740 1652 95 34 Deus
1800 1652 131 34 creavit

1104 1687 70 37 id
1139 1687 198 37 participandum
1302 1687 81 37 cum
1349 1687 151 37 gratiarum
1465 1687 140 37 actione,
1570 1687 151 37 fidelibus
1686 1687 58 37 &
1709 1687 81 37 iis
1756 1687 81 37 qui
1791 1687 116 37 cognove¬-

1104 1721 93 32 runt
1162 1721 162 32 veritatem.
1290 1721 69 32 2.
1324 1721 93 32 Tim.
1382 1721 69 32 4.
1417 1721 69 32 3.
1452 1721 69 32 4.
1486 1721 93 32 Erit
1544 1721 116 32 tempus
1625 1721 81 32 cum
1672 1721 104 32 sanam
1741 1721 150 32 doctrinam
1845 1721 58 32 non

1112 1747 146 35 olerabunt,
1226 1747 73 35 sed
1268 1747 115 35 auribus
1351 1747 156 35 prurientes,
1476 1747 83 35 ipsi
1528 1747 83 35 sibi
1580 1747 73 35 pro
1622 1747 83 35 suis
1674 1747 177 35 cupiditatibus
1809 1747 94 35 coacer¬-

1112 1776 113 44 habunt
1191 1776 148 44 doctores.
1305 1776 68 44 Et
1339 1776 57 44 a
1361 1776 136 44 veritate
1463 1776 113 44 quidem
1543 1776 102 44 aures
1611 1776 148 44 avertent,
1724 1776 68 44 ad
1758 1776 125 44 fabulas
1838 1776 68 44 vero

1104 1817 190 39 convertentur.
1260 1817 67 39 2.
1294 1817 78 39 Pet
1338 1817 67 39 2.
1372 1817 67 39 c.
1405 1817 101 39 toto.
1472 1817 101 39 Epist
1540 1817 101 39 Judae
1607 1817 67 39 v.
1640 1817 67 39 4.
1674 1817 179 39 Subrepserunt
1808 1817 89 39 quidam

1098 1846 141 42 homines,
1204 1846 105 42 prius
1274 1846 82 42 jam
1321 1846 94 42 olim
1380 1846 152 42 descripti
1497 1846 70 42 ad
1532 1846 94 42 hanc
1591 1846 176 42 damnationem
1731 1846 117 42 impii,
1813 1846 82 42 qui
1848 1846 59 42 Dei

1103 1884 121 34 nostri
1187 1884 133 34 gratiam
1284 1884 181 34 transferunt
1429 1884 72 34 ad
1465 1884 169 34 lasciviam,
1598 1884 60 34 &
1622 1884 109 34 solum
1695 1884 109 34 illum
1767 1884 109 34 verum
1828 1884 72 34 Deum

1104 1918 78 37 ac
1143 1918 143 37 Dominum
1247 1918 143 37 nostrum
1351 1918 117 37 Iesum
1429 1918 156 37 Christum
1533 1918 104 37 negant

1132 1939 90 43 Vita
1188 1939 90 43 item
1244 1939 169 43 Antichristi
1379 1939 79 43 est
1424 1939 146 43 contraria
1537 1939 101 43 vitae
1604 1939 135 43 Christi:
1706 1939 90 43 unde
1751 1939 146 43 Antichristu

1103 1974 82 41 ille
1154 1974 153 41 describitur
1276 1974 61 41 2.
1307 1974 102 41 Thess.
1378 1974 61 41 2.
1409 1974 61 41 v.
1439 1974 61 41 3.
1470 1974 61 41 4.
1500 1974 82 41 quod
1551 1974 71 41 sit
1592 1974 82 41 homo
1643 1974 82 41 ille
1694 1974 122 41 peccati,
1786 1974 102 41 filius
1847 1974 61 41 ille

1096 2013 173 43 perditionis,
1237 2013 87 43 sese
1291 2013 130 43 opponens
1388 2013 54 43 &
1410 2013 130 43 efferens
1507 2013 130 43 adversus
1605 2013 130 43 quicquid
1702 2013 119 43 dicitur
1789 2013 97 43 Deus,
1843 2013 54 43 au¬-

1108 2046 108 39 numen:
1184 2046 87 39 adeo
1238 2046 65 39 ut
1271 2046 65 39 in
1303 2046 108 39 templo
1379 2046 76 39 Dei
1422 2046 119 39 tanquam
1509 2046 87 39 Deus
1563 2046 119 39 sedeat,
1649 2046 87 39 prae
1703 2046 65 39 se
1736 2046 108 39 ferens
1812 2046 65 39 se
1833 2046 76 39 esse.

1104 2084 105 31 Deum.
1175 2084 70 31 Et
1210 2084 70 31 v.
1245 2084 70 31 9,
1280 2084 82 31 10.
1327 2084 105 31 Cujus
1397 2084 140 31 adventus
1502 2084 82 31 est
1549 2084 70 31 ex
1584 2084 152 31 efficacia
1701 2084 140 31 Satanae,
1806 2084 82 31 cum
1841 2084 59 31 omn

1102 2108 132 41 potentia
1201 2108 55 41 &
1223 2108 121 41 signis,
1311 2108 66 41 ac
1344 2108 143 41 prodigiis
1454 2108 154 41 medacibus,
1575 2108 66 41 Et
1608 2108 77 41 cum
1652 2108 88 41 omni
1707 2108 110 41 fraude
1773 2108 121 41 injustiti

1099 2151 65 34 in
1132 2151 76 34 iis
1175 2151 76 34 qui
1218 2151 130 34 pereunt:
1316 2151 76 34 pro
1359 2151 65 34 eo
1392 2151 87 34 quod
1446 2151 108 34 amorem
1522 2151 141 34 veritatis
1630 2151 76 34 non
1673 2151 163 34 receperunt,
1803 2151 65 34 ut
1825 2151 76 34 salvi

1106 2171 121 43 fierent.
1197 2171 61 43 2.
1227 2171 81 43 Tim.
1278 2171 61 43 3.
1308 2171 61 43 v.
1339 2171 61 43 1,
1369 2171 61 43 2,
1399 2171 61 43 3.
1430 2171 61 43 4,
1460 2171 61 43 5.
1490 2171 71 43 ait
1531 2171 101 43 Paulus
1602 2171 61 43 de
1632 2171 111 43 moribus
1713 2171 152 43 Antichristi
1834 2171 51 43 &
1844 2171 51 43 fa¬-

1102 2216 123 32 ctionis
1191 2216 100 32 ejus:
1258 2216 100 32 Illud
1325 2216 100 32 autem
1392 2216 111 32 scito,
1470 2216 89 32 fore
1525 2216 67 32 ut
1559 2216 134 32 extremis
1659 2216 111 32 diebus
1737 2216 123 32 instent
1815 2216 89 32 tempo¬-

1103 2240 68 44 ra
1137 2240 137 44 molesta.
1239 2240 103 44 Erunt
1308 2240 91 44 enim
1365 2240 125 44 homines
1456 2240 80 44 sui
1501 2240 137 44 amantes,
1604 2240 114 44 avari,
1684 2240 148 44 gloriosi,
1786 2240 114 44 superbi.

1105 2272 153 38 maledici,
1223 2272 165 38 parentibus
1353 2272 177 38 immorigeri,
1494 2272 141 38 ingrati,
1600 2272 130 38 impuri,
1695 2272 165 38 Charitatis
1812 2272 83 38 exper

1097 2306 91 40 tes,
1154 2306 114 40 nescii
1234 2306 137 40 federis,
1337 2306 206 40 calumniatores,
1508 2306 206 40 intemperantes,
1680 2306 137 40 immitos,
1783 2306 114 40 minime
1851 2306 46 40 a¬-

1105 2347 115 39 mantes
1185 2347 138 39 bonorum,
1288 2347 172 39 proditores,
1426 2347 184 39 praecipites,
1575 2347 138 39 inflati,
1679 2347 161 39 uoluptatum
1794 2347 103 39 amante.

1095 2375 127 46 potius,
1188 2375 92 46 quam
1245 2375 127 46 amantes
1338 2375 92 46 Dei:
1395 2375 138 46 Habentes
1499 2375 115 46 formam
1580 2375 150 46 pietatis,
1695 2375 81 46 sed
1741 2375 81 46 qui
1787 2375 81 46 vim
1822 2375 69 46 ejus

1107 2405 170 37 ibnegarint.
1242 2405 68 37 2.
1276 2405 90 37 Pet.
1333 2405 68 37 2.
1367 2405 68 37 v.
1401 2405 79 37 10.
1446 2405 57 37 &
1468 2405 102 37 seqq.
1536 2405 79 37 Qui
1581 2405 113 37 carnem
1661 2405 158 37 sequentes,
1785 2405 68 37 in
1808 2405 90 37 impura

1102 2442 167 33 cupiditate
1233 2442 155 33 incedunt,
1352 2442 60 33 &
1376 2442 155 33 dominatum
1496 2442 179 33 despiciunt,
1639 2442 95 33 qui,
1698 2442 131 33 inquem,
1794 2442 72 33 ut
1818 2442 83 33 sunt.

1103 2477 120 36 audaces
1190 2477 54 36 &
1212 2477 87 36 sibi
1266 2477 152 36 placentes,
1386 2477 76 36 non
1430 2477 120 36 horrent
1517 2477 152 36 dignitates
1637 2477 120 36 probris
1724 2477 152 36 incessere.
1833 2477 65 36 Quum

1104 2508 88 43 ipsi
1159 2508 110 43 Angeli
1236 2508 77 43 qui
1280 2508 88 43 sunt
1335 2508 110 43 robore
1412 2508 66 43 ac
1445 2508 132 43 potentia
1545 2508 121 43 majores
1633 2508 77 43 non
1677 2508 110 43 ferant
1754 2508 132 43 adversus
1842 2508 55 43 ea¬-

1105 2542 95 38 apud
1165 2542 131 38 Dominum
1260 2542 203 38 maledictionis
1427 2542 155 38 judicium.
1546 2542 72 38 At
1582 2542 107 38 isti,
1654 2542 119 38 veluti
1737 2542 155 38 animantia
1844 2542 60 38 ra¬-

1101 2575 117 35 tionis
1183 2575 140 35 expertia
1289 2575 82 35 qua
1335 2575 140 35 naturali
1441 2575 117 35 impetu
1523 2575 152 35 feruntur,
1640 2575 105 35 facta
1710 2575 70 35 ad
1745 2575 82 35 eum
1792 2575 105 35 finem
1850 2575 47 35 ut

1111 2601 101 43 capta
1178 2601 157 43 intereant,
1302 2601 67 43 ea
1335 2601 180 43 vituperantes
1481 2601 90 43 quae
1537 2601 146 43 ignorant,
1650 2601 79 43 sua
1695 2601 124 43 ipsorum
1773 2601 135 43 corruptela

1105 2635 181 39 interibunt:
1250 2635 181 39 Reportaturi
1395 2635 145 39 mercedem
1504 2635 194 39 iniustitiae,
1661 2635 73 39 ut
1698 2635 85 39 qui
1746 2635 85 39 pro
1782 2635 109 39 uolupta

1108 2667 66 42 re
1141 2667 110 42 ducant
1218 2667 166 42 quotidianas
1351 2667 144 42 delicias,
1461 2667 99 42 labes
1528 2667 66 42 ac
1561 2667 133 42 maculas,
1660 2667 77 42 qui
1704 2667 144 42 fraudibus
1815 2667 88 42 suis
1859 2667 44 42 se

1103 2699 159 39 oblectant,
1228 2699 137 39 vobiscum
1330 2699 148 39 epulando.
1444 2699 114 39 Oculos
1524 2699 137 39 habentes
1626 2699 114 39 plenos
1706 2699 148 39 adulterii
1820 2699 57 39 &
1843 2699 91 39 qui¬

1105 2738 55 35 a
1127 2738 133 35 peccando
1227 2738 122 35 cessare
1316 2738 144 35 nesciant,
1426 2738 155 35 inescantes
1548 2738 111 35 animas
1626 2738 166 35 instabiles,
1759 2738 78 35 cor
1792 2738 111 35 habentes

1105 2765 71 42 ad
1141 2765 153 42 avaritiam
1258 2765 189 42 exercitatum,
1412 2765 165 42 exsecrandi
1541 2765 141 42 homines:
1648 2765 83 42 Qui
1695 2765 130 42 relecta
1789 2765 106 42 recta
1848 2765 59 42 via

1105 2802 175 39 aberrarunt,
1245 2802 128 39 sequuti
1338 2802 93 39 viam
1397 2802 117 39 Balaam
1478 2802 105 39 filii
1548 2802 117 39 Bosor,
1630 2802 82 39 qui
1677 2802 140 39 mercedem
1770 2802 128 39 iniquita¬-

1106 2830 80 41 tis
1151 2830 125 41 amavit.
1242 2830 80 41 Sed
1287 2830 193 41 redargutionem
1447 2830 91 41 suae
1503 2830 216 41 tranigressionis
1685 2830 125 41 habuit:
1776 2830 80 41 nam
1810 2830 91 41 subiu¬-

1095 2870 83 44 gis
1143 2870 107 44 asina
1214 2870 107 44 muta,
1285 2870 119 44 humana
1368 2870 95 44 voce
1428 2870 143 44 loquuta,
1535 2870 154 44 prohibuit
1653 2870 154 44 Prophetae
1760 2870 131 44 dementiam

1111 2896 86 46 isti
1165 2896 86 46 sunt
1219 2896 107 46 fontes
1294 2896 86 46 aqua
1347 2896 139 46 carentes,
1455 2896 118 46 nebulae
1540 2896 54 46 a
1562 2896 118 46 turbine
1648 2896 139 46 agitatae:
1755 2896 107 46 quibus
1830 2896 97 46 cali¬

1107 2931 73 42 go
1143 2931 170 42 tenebrarum
1277 2931 73 42 in
1314 2931 146 42 aeternum
1423 2931 134 42 servata
1520 2931 97 42 est.
1581 2931 85 42 Nam
1630 2931 182 42 praetumidam
1763 2931 134 42 vanitatem

1106 2963 138 41 loquendo,
1213 2963 128 41 inescant
1309 2963 75 41 eos
1351 2963 75 41 per
1394 2963 106 41 carnis
1468 2963 160 41 cupiditates
1596 2963 138 41 lascivas,
1703 2963 117 41 quivere
1777 2963 128 41 effugerant

1109 2994 78 44 eos
1153 2994 78 44 qui
1198 2994 67 44 in
1231 2994 111 44 errore
1309 2994 156 44 versantur:
1432 2994 156 44 Libertatem
1554 2994 78 44 eis
1599 2994 167 44 pollicendo,
1732 2994 89 44 quum
1788 2994 89 44 ipsi
1832 2994 67 44 ser¬-

1112 3029 63 43 vi
1143 3029 84 43 sint
1195 3029 167 43 corruptelae:
1331 3029 125 43 siquidem
1425 3029 52 43 a
1446 3029 73 43 quo
1488 3029 84 43 quis
1540 3029 136 43 superatus
1644 3029 84 43 est,
1697 3029 84 43 huic
1749 3029 94 43 etiam
1811 3029 63 43 in
1832 3029 63 43 ser¬-

1108 3059 133 44 vitutem
1204 3059 84 44 est
1253 3059 157 44 addictus.
1373 3059 84 44 Nam
1422 3059 72 44 si
1458 3059 145 44 postquam
1566 3059 193 44 inquinamenta
1723 3059 96 44 mudi
1783 3059 84 44 per
1820 3059 84 44 agni¬-

1103 3092 114 45 tionem
1183 3092 114 45 Domini
1263 3092 57 45 &
1286 3092 160 45 Servatoris
1412 3092 92 45 Iesu
1469 3092 126 45 Christi
1561 3092 172 45 effugerint,
1698 3092 80 45 his
1744 3092 114 45 rursum
1812 3092 92 45 impli¬-

1102 3126 88 43 cati
1157 3126 164 43 superentur,
1288 3126 99 43 facta
1354 3126 77 43 est
1398 3126 110 43 ultima
1475 3126 99 43 eorum
1540 3126 132 43 conditio
1639 3126 132 43 deterior
1738 3126 121 43 priore.
1814 3126 88 43 Satius

1104 3162 86 52 enim
1158 3162 119 52 fuisset
1245 3162 76 52 eis
1288 3162 76 52 non
1331 3162 151 52 cognovisse
1450 3162 86 52 viam
1504 3162 151 52 iustitiae,
1623 3162 86 52 quam
1677 3162 119 52 cognita
1763 3162 97 52 illa,
1818 3162 86 52 regre¬
