2063 3499
135 214 80 47 dia
180 214 115 47 saucts
261 214 126 47 mandato
352 214 92 47 sibi
410 214 138 47 tradito.
513 214 80 47 Sed
559 214 126 47 accidit
650 214 80 47 eis
696 214 92 47 quod
754 214 92 47 vero
811 214 149 47 proverbio
914 214 69 47 dici

141 255 116 41 solet,
222 255 104 41 Canis
292 255 139 41 reversus
396 255 81 41 est
442 255 69 41 ad
477 255 92 41 suum
534 255 116 41 ipsius
615 255 139 41 vomitum,
719 255 58 41 &
742 255 81 41 Sus
789 255 104 41 lota,
858 255 69 41 ad
881 255 81 41 volu¬-

142 288 109 35 tabrum
219 288 109 35 coeni.
295 288 99 35 Epist
361 288 99 35 Judae
427 288 66 35 v.
459 288 66 35 8.
492 288 55 35 &
514 288 99 35 seqq.
580 288 142 35 Soniliter
689 288 99 35 tamen
755 288 55 35 &
777 288 88 35 isti
832 288 109 35 sopiti
897 288 66 35 car¬-

150 323 84 42 nem
198 323 120 42 quidem
282 323 156 42 polluunt,
403 323 156 42 dominatum
523 323 96 42 vero
583 323 168 42 rejiciunt,
715 323 60 42 &
739 323 168 42 dignitates
860 323 108 42 probris

143 354 163 39 incessunt
269 354 75 39 At
306 354 138 39 Michael
406 354 200 39 archangelus,
569 354 100 39 quum
632 354 150 39 adversus
745 354 150 39 diabolum
845 354 125 39 certans;

160 383 167 49 disceptaret
293 383 67 49 de
327 383 122 49 corpore
416 383 111 49 Mosis,
494 383 78 49 non
538 383 100 49 ausus
605 383 78 49 est
649 383 89 49 illi
705 383 145 49 impingere
816 383 100 49 notam
872 383 100 49 maledi¬-

157 421 88 43 cti,
212 421 77 43 sed
256 421 110 43 dixit,
333 421 132 43 Increpet
432 421 66 43 te
465 421 132 43 Dominus.
564 421 66 43 At
597 421 99 43 isti,
663 421 154 43 quaecunque
784 421 77 43 non
828 421 132 43 noverunt
916 421 55 43 vi¬-

152 458 149 40 tuperant:
266 458 160 40 quaecunque
392 458 92 40 vero
449 458 183 40 naturaliter,
598 458 69 40 ut
632 458 149 40 animantia
747 458 137 40 rationis
838 458 126 40 expertia.

157 488 121 40 sciunt,
245 488 66 40 in
278 488 77 40 iis
322 488 88 40 sese
377 488 165 40 corrumpunt.
509 488 77 40 Vae
553 488 110 40 ipsis,
630 488 77 40 nam
674 488 88 40 viam
729 488 88 40 Cain
784 488 132 40 ingressi
883 488 99 40 sunt,
938 488 33 40 &

157 527 157 36 deceptione
280 527 146 36 mercedis,
393 527 79 36 qua
437 527 135 36 deceptus
538 527 90 36 fuit
595 527 123 36 Balaam,
684 527 112 36 effusi
763 527 101 36 sunt,
830 527 56 36 &
842 527 123 36 contradi¬-

157 554 115 37 ctione
238 554 92 37 Core
296 554 162 37 perierunt.
423 554 69 37 Hi
458 554 92 37 sunt
515 554 69 37 in
550 554 115 37 agapis
631 554 127 37 vestris
723 554 139 37 maculae,
827 554 81 37 dum
862 554 115 37 vobiscum

154 593 158 39 repulantur,
281 593 105 39 absque
354 593 105 39 ullius
428 593 84 39 metu
481 593 116 39 seipsos
565 593 147 39 pascentes,
680 593 95 39 nubes
744 593 84 39 aqua
796 593 137 39 carentes,
891 593 84 39 vetius

168 626 169 38 circumactae,
306 626 116 38 arbores
390 626 148 38 emarcidae,
506 626 180 38 infrugiferae,
654 626 74 38 bis
696 626 137 38 emortuae,
802 626 158 38 eradicatae:
918 626 53 38 Und

164 663 99 42 maris
230 663 132 42 fferatae
329 663 165 42 despumantes
461 663 77 42 sua
505 663 121 42 ipsorum
593 663 143 42 dedecora,
703 663 110 42 stella
780 663 154 42 erraticae,
890 663 88 42 quibus

156 692 124 38 caligo
242 692 174 38 tenebrarum
379 692 74 38 in
416 692 149 38 aeternum
527 692 136 38 servata
627 692 99 38 est.
689 692 186 38 Prophetavit
837 692 112 38 autem
899 692 87 38 etiam

165 725 70 33 de
200 725 104 33 istis
270 725 139 33 septimus
374 725 70 33 ab
409 725 93 33 Adam
467 725 116 33 Enoch,
548 725 128 33 dicens,
641 725 104 33 Ecce,
710 725 104 33 venit
780 725 128 33 Dominus
873 725 81 33 cum
907 725 70 33 san¬-

166 760 90 33 ctis
222 760 135 33 millibus
323 760 101 33 suis.
390 760 67 33 Ut
424 760 101 33 ferat
491 760 135 33 judicium
592 760 135 33 adversus
693 760 112 33 omnes,
771 760 56 33 &
794 760 146 33 redarguat
906 760 90 33 qui¬

167 790 106 42 cunque
241 790 63 42 ex
273 790 95 42 ipsis
336 790 84 42 sunt
389 790 106 42 impii,
463 790 63 42 de
495 790 106 42 fuctis
568 790 116 42 omnibus
653 790 84 42 quae
706 790 95 42 impie
769 790 148 42 patrarint,
885 790 95 42 deque
938 790 42 42 o¬-

172 829 120 37 mnibus
256 829 108 37 duris
328 829 96 37 quae
388 829 132 37 loquuti
484 829 132 37 fuerint
581 829 144 37 adversus
689 829 108 37 ipsum
761 829 168 37 peccatores
881 829 96 37 impii.

156 861 95 41 sunt
216 861 202 41 murmuratores,
382 861 143 41 queruli,
489 861 71 41 in
525 861 202 41 cupiditatibus
692 861 95 41 suis
751 861 179 41 incedentes:
894 861 60 41 &
906 861 95 41 quorum

166 896 67 42 os
199 896 133 42 loquitur
299 896 166 42 praetumida,
432 896 155 42 admirantes
554 896 133 42 personas
654 896 155 42 utilitatis
765 896 100 42 gratia,

208 929 74 53 De
245 929 112 53 modis
319 929 124 53 quibus
406 929 198 53 Antichristus
567 929 124 53 usurus
654 929 99 53 erat
716 929 74 53 ad
753 929 198 53 subjiciendos
902 929 87 53 alios

167 968 140 44 homines
269 968 102 44 sedi
333 968 115 44 suae,
409 968 89 44 ita
460 968 140 44 scribit
562 968 166 44 Gregorius
690 968 127 44 Magnus
779 968 166 44 Episcopus
894 968 89 44 Roma¬-

172 1004 88 40 nus
223 1004 188 40 Expositione
373 1004 125 40 Morali
460 1004 113 40 super
535 1004 113 40 Jobum
611 1004 238 40 trigesimotertio
811 1004 125 40 libro,
886 1004 100 40 capite

177 1041 224 30 vigesimotertio:
366 1041 189 30 Antichristus
520 1041 142 30 veniens,
626 1041 106 30 ipsas
697 1041 106 30 etiam
768 1041 118 30 summas
850 1041 106 30 huius
909 1041 83 30 secu¬-

172 1073 64 42 li
204 1073 150 42 potestates
322 1073 150 42 obtinebit,
439 1073 75 42 qui
482 1073 117 42 duplici
567 1073 107 42 errore
642 1073 117 42 saviens
728 1073 117 42 conatur
813 1073 64 42 ad
845 1073 64 42 se
877 1073 96 42 corda
931 1073 53 42 ho¬-

184 1107 102 39 minum
252 1107 57 39 &
275 1107 114 39 missis
354 1107 216 39 praedicatoribus
537 1107 137 39 trahere,
639 1107 57 39 &
662 1107 137 39 commotis
764 1107 182 39 potestatibus
901 1107 91 39 incli¬-

179 1141 113 38 nare.
255 1141 126 38 Quorum
343 1141 201 38 emissariorum
507 1141 189 38 praedicatio
658 1141 88 38 (ut
708 1141 113 38 paulo
784 1141 101 38 post
847 1141 101 38 idem
897 1141 88 38 Grego

182 1179 87 34 rius
236 1179 87 34 ait)
291 1179 108 34 facise
366 1179 119 34 despici
453 1179 65 34 ab
486 1179 163 34 auditoribus
616 1179 130 34 poterat:
713 1179 76 34 sed
756 1179 87 34 hanc
811 1179 87 34 ante
865 1179 108 34 humana
930 1179 54 34 ju¬-

172 1207 104 44 dicia
242 1207 151 44 adjunctus
358 1207 162 44 secularium
485 1207 162 44 potestatum
613 1207 116 44 terror
694 1207 139 44 exaltat.
798 1207 104 44 Recte
868 1207 93 44 ergo
914 1207 81 44 dici¬-

180 1244 85 39 tur
228 1244 109 39 (Job.
301 1244 85 39 41.
349 1244 72 39 v.
385 1244 85 39 14.
434 1244 72 39 de
470 1244 181 39 Leviathane,
615 1244 97 39 quem
675 1244 157 39 Gregorius
796 1244 181 39 Antichristi
929 1244 60 39 ty¬-

174 1275 83 45 pum
221 1275 130 45 facit;)
316 1275 83 45 Per
363 1275 106 45 gyrum
434 1275 130 45 dentium
529 1275 94 45 ejus
588 1275 142 45 formido,
694 1275 71 45 id
729 1275 94 45 est,
788 1275 130 45 iniquos
871 1275 130 45 praedica¬-

177 1314 121 32 tores,
262 1314 182 32 Antichristi
408 1314 158 32 perversae
529 1314 109 32 huius
602 1314 121 32 seculi
687 1314 158 32 protegunt
809 1314 182 32 potestates.
942 1314 61 32 Nam

189 1347 91 35 quos
246 1347 91 35 illi
303 1347 137 35 appetunt
406 1347 137 35 loquendo
509 1347 149 35 seducere,
623 1347 103 35 multi
692 1347 149 35 petentium
806 1347 126 35 student
886 1347 103 35 saeuten

193 1373 65 36 do
226 1373 131 36 terrere.
324 1373 76 36 Per
367 1373 98 36 gyrum
432 1373 87 36 ergo
487 1373 120 36 dentium
574 1373 87 36 eius
628 1373 120 36 formido
715 1373 87 36 est.
770 1373 65 36 Ac
802 1373 65 36 si
835 1373 109 36 aperte
900 1373 98 36 dicere.

194 1404 86 47 tur:
248 1404 118 47 Idcirco
334 1404 86 47 isti
387 1404 129 47 perversi
484 1404 193 47 praedicatores,
645 1404 118 47 aliquos
730 1404 139 47 suadentes
837 1404 150 47 conterunt:
945 1404 64 47 quia

190 1444 103 40 circa
258 1444 103 40 ipsos
327 1444 91 40 sunt
384 1444 103 40 alii,
453 1444 80 40 qui
498 1444 160 40 infirmorum
624 1444 114 40 mentes
704 1444 149 40 terrentes
819 1444 160 40 affligunt.
933 1444 80 40 Quale

186 1475 119 36 itaque
269 1475 107 36 illud
340 1475 119 36 tempus
423 1475 213 36 persequutionis
601 1475 166 36 apparebit,
731 1475 119 36 quando
814 1475 71 36 ad
838 1475 166 36 pervertendam

186 1510 140 42 fidelium
291 1510 151 42 pietatem,
407 1510 93 42 alii
466 1510 116 42 verbis
547 1510 151 42 saeviunt,
664 1510 93 42 alii
722 1510 128 42 gladus?
815 1510 93 42 Quis
873 1510 93 42 enim
920 1510 81 42 etiam

190 1544 146 41 infirmus,
302 1544 146 41 Leviathan
414 1544 112 41 istius
492 1544 112 41 dentes
571 1544 78 41 non
616 1544 168 41 despiceret,
750 1544 67 41 si
784 1544 78 41 non
829 1544 78 41 eos
873 1544 78 41 per
907 1544 112 41 circuita

196 1573 159 42 potestatum
320 1573 159 42 secularium
445 1573 113 42 terror
524 1573 136 42 muniret?
626 1573 79 42 Sed
671 1573 125 42 duplici
762 1573 113 42 contra
841 1573 79 42 eos
875 1573 136 42 callidita¬-

192 1611 63 38 te
224 1611 116 38 agitur:
308 1611 84 38 quia
361 1611 84 38 quod
413 1611 74 38 eis
455 1611 63 38 ab
487 1611 95 38 aliis
550 1611 105 38 verbis
624 1611 179 38 blandientibus
771 1611 126 38 dicitur,
866 1611 74 38 hoc
908 1611 63 38 ab
929 1611 84 38 aliis.

190 1644 122 41 gladiis
279 1644 167 41 ferientibus
412 1644 156 41 imperatur.
534 1644 89 41 Quae
590 1644 211 41 utrorumqeactio,
768 1644 67 41 id
801 1644 89 41 est,
856 1644 144 41 potentium
956 1644 56 41 at¬-

189 1676 80 40 que
234 1676 171 40 loquentium,
371 1676 68 40 in
405 1676 137 40 Iohannis
508 1676 194 40 Apocalypsice.
667 1676 68 40 9.
701 1676 68 40 v.
736 1676 80 40 19)
781 1676 103 40 brevi
849 1676 80 40 est
884 1676 125 40 sententia

199 1718 187 33 comprehensa,
351 1718 82 33 qua
398 1718 140 33 dicitur;
503 1718 140 33 Potestas
608 1718 105 33 eorum
677 1718 70 33 in
712 1718 82 33 ore
759 1718 58 33 &
782 1718 70 33 in
817 1718 117 33 caudis
899 1718 105 33 eorum
957 1718 47 33 ea

201 1746 89 30 rat.
257 1746 67 30 In
290 1746 78 30 ore
335 1746 112 30 namque
413 1746 134 30 doctorum
513 1746 145 30 scientia,
625 1746 67 30 in
658 1746 100 30 cauda
725 1746 89 30 vero
781 1746 156 30 secularium
892 1746 123 30 potentia.

189 1778 166 44 figuratur.
319 1778 83 44 Per
367 1778 118 44 caudam
449 1778 118 44 quippe
532 1778 95 44 quae
591 1778 106 44 retro
662 1778 95 44 est,
721 1778 106 44 huius
792 1778 118 44 seculi
863 1778 154 44 postponenda

188 1819 191 38 temporalitas
343 1819 179 38 designatur,
487 1819 72 38 de
523 1819 84 38 qua
571 1819 120 38 Paulus
654 1819 155 38 Apostolus
774 1819 108 38 dicit
846 1819 155 38 (Philipp.
953 1819 48 38 3.

202 1846 91 37 Vnum
259 1846 114 37 autem,
339 1846 91 37 quae
396 1846 103 37 retro
464 1846 91 37 sunt
522 1846 126 37 oblitus
613 1846 69 37 ad
647 1846 69 37 ea
682 1846 91 37 quae
739 1846 91 37 ante
796 1846 91 37 sunt
853 1846 149 37 extentus.
956 1846 57 37 Re¬-

203 1878 80 37 tro
248 1878 91 37 enim
305 1878 80 37 est
351 1878 91 37 omne
408 1878 91 37 quod
465 1878 137 37 transit:
568 1878 91 37 ante
625 1878 91 37 vero
682 1878 80 37 est
728 1878 91 37 omne
785 1878 91 37 quod
842 1878 126 37 veniens
922 1878 91 37 perma¬-

192 1916 83 33 net.
244 1916 94 33 Istis
306 1916 83 33 ergo
358 1916 104 33 equis,
431 1916 62 33 id
462 1916 83 33 est,
514 1916 156 33 nequissimis
639 1916 198 33 praedicatoribus
805 1916 104 33 ubique
878 1916 114 33 carnali
951 1916 52 33 im¬-

192 1941 101 47 pulsu
259 1941 179 47 currentibus,
405 1941 67 47 in
438 1941 78 47 ore
483 1941 56 47 &
506 1941 67 47 in
539 1941 101 47 cauda
607 1941 135 47 potestas
707 1941 90 47 est:
763 1941 90 47 quia
819 1941 90 47 ipsi
876 1941 112 47 quidem
943 1941 67 47 per¬-

199 1979 95 41 versa
263 1979 127 41 suadendo
358 1979 159 41 praedicant,
486 1979 74 41 sed
528 1979 159 41 temporalibs
655 1979 170 41 potestatibus
793 1979 95 41 fulti
857 1979 74 41 per
899 1979 64 41 ea
931 1979 64 41 se
952 1979 64 41 quae

206 2007 95 45 retro
270 2007 84 45 sunt
322 2007 137 45 exaltant.
428 2007 63 45 Et
459 2007 84 45 quia
512 2007 84 45 ipsi
565 2007 126 45 apparere
660 2007 169 45 despicabiles
797 2007 126 45 possunt,
892 2007 63 45 ab
923 2007 116 45 iniquis

199 2045 175 37 auditoribus
339 2045 93 37 suis
398 2045 82 37 per
444 2045 82 37 eos
491 2045 93 37 sibi
549 2045 175 37 reverentiam
689 2045 140 37 exigunt,
794 2045 117 37 quorum
864 2045 152 37 patrociniis

198 2074 177 46 fulciuntur.
340 2074 95 46 Unde
399 2074 83 46 his
446 2074 118 46 quoque
529 2074 83 46 non
577 2074 142 46 immerito
683 2074 83 46 per
730 2074 106 46 gyrum
801 2074 130 46 dentium
896 2074 95 46 eius
943 2074 71 46 for¬-

200 2102 90 51 mido
256 2102 112 51 inesse
335 2102 180 51 describitur:
481 2102 90 51 quia
537 2102 112 51 multis
616 2102 157 51 terroribus
739 2102 124 51 agitur,
829 2102 67 51 ut
863 2102 67 51 in
885 2102 124 51 perversi¬-

201 2139 105 40 eerum
272 2139 234 40 praedicationibus
471 2139 59 40 &
494 2139 70 40 si
529 2139 82 40 non
576 2139 152 40 veritatis
693 2139 164 40 sententia,
822 2139 105 40 certe
880 2139 141 40 temporalis

202 2172 137 48 potentia
304 2172 149 48 timeatur.
419 2172 69 48 Et
453 2172 114 48 capite
533 2172 206 48 vigesimosexto:
704 2172 194 48 Praedicatores
853 2172 160 48 Antichristi.

203 2212 88 40 quia
258 2212 165 40 sanctitatis
390 2212 88 40 sibi
445 2212 121 40 speciem
533 2212 143 40 arrogant,
644 2212 77 40 sed
688 2212 99 40 tamen
754 2212 99 40 opera
820 2212 165 40 iniquitatis
941 2212 77 40 exer¬-

208 2243 102 42 cent,
276 2243 102 42 quasi
343 2243 124 42 blandum
434 2243 124 42 quiddam
524 2243 79 42 est
570 2243 91 42 quad
626 2243 147 42 redolent,
739 2243 79 42 sed
785 2243 113 42 nigrum
864 2243 91 42 quod
909 2243 102 42 lucent.

218 2275 100 43 Dlent
285 2275 89 43 enim
340 2275 78 43 per
385 2275 178 43 simulationem
530 2275 156 43 iustitiae,
652 2275 78 43 sed
697 2275 134 43 obscurum
797 2275 111 43 ardent
875 2275 78 43 per
909 2275 100 43 nequiti

213 2307 220 43 perpetrationem.
399 2307 116 43 Quorum
480 2307 185 43 simulationis
631 2307 139 43 malitiam
735 2307 139 43 Iohannes
839 2307 70 43 in
874 2307 162 43 Apocalypse

215 2340 102 43 brevi
282 2340 181 43 descriptione
429 2340 192 43 comprehendit,
587 2340 124 43 dicens:
677 2340 90 43 Vidi
734 2340 102 43 aliam
802 2340 124 43 bestiam
881 2340 135 43 adscendens

220 2380 81 38 tem
267 2380 69 38 de
301 2380 115 38 terra:
382 2380 138 38 habentem
486 2380 81 38 duo
532 2380 115 38 cornua
612 2380 127 38 similia
705 2380 104 38 agni,
774 2380 58 38 &
797 2380 161 38 loquebatur
924 2380 69 38 ut
947 2380 69 38 dra¬-

223 2406 76 46 to.
266 2406 119 46 Priorem
353 2406 108 46 quippe
428 2406 130 46 bestiam,
525 2406 65 46 id
558 2406 86 46 est,
612 2406 173 46 Antichristum
752 2406 140 46 superiore
860 2406 76 46 iam
892 2406 130 46 descripti¬-

217 2444 76 41 one
261 2444 152 41 narraverat
380 2444 87 41 post
434 2444 141 41 quemetiam
542 2444 87 41 haec
596 2444 87 41 alia
651 2444 108 41 bestia
726 2444 119 41 adscend
813 2444 76 41 sse
856 2444 130 41 dicitur:
954 2444 87 41 quid

219 2478 88 41 post
274 2478 77 41 eum
318 2478 143 41 multitudo
428 2478 187 41 praedicatorum
582 2478 110 41 illius
658 2478 66 41 ex
691 2478 121 41 terrena
779 2478 143 41 potestate
889 2478 154 41 gloriatur,

223 2511 63 42 De
255 2511 95 42 terra
319 2511 106 42 quippe
393 2511 148 42 ascendere,
509 2511 74 42 est
551 2511 63 42 de
583 2511 116 42 terrena
667 2511 106 42 gloria
741 2511 148 42 superbire.
857 2511 85 42 Quae
910 2511 95 42 habet
963 2511 53 42 du¬-

217 2547 111 39 cornua
295 2547 89 39 agni
350 2547 133 39 similia:
450 2547 89 39 quia
506 2547 78 39 per
550 2547 156 39 hypoerrsin
672 2547 178 39 sanctitatis,
817 2547 78 39 eam
861 2547 89 39 quam
917 2547 67 39 in
950 2547 67 39 se
972 2547 56 39 ve¬-

213 2578 130 41 raciter
308 2578 130 41 Dominus
402 2578 118 41 habuit
485 2578 177 41 singularem,
627 2578 94 41 sibi
686 2578 118 41 inesse
768 2578 59 41 &
792 2578 165 41 sapientiam
910 2578 118 41 mentitur

222 2611 57 43 &
244 2611 113 43 vitam:
324 2611 79 43 Sed
369 2611 91 43 quia
426 2611 79 43 sub
471 2611 91 43 agni
528 2611 113 43 specie
607 2611 170 43 auditoribus
744 2611 136 43 reprobis
846 2611 159 43 serpentium
959 2611 57 43 vi¬-

221 2644 73 41 rus
262 2644 135 41 infundit,
366 2644 94 41 recte
429 2644 94 41 illic
491 2644 125 41 subduur:
585 2644 62 41 Et
616 2644 146 41 loquebatur
731 2644 62 41 ut
762 2644 104 41 draco.
835 2644 83 41 Ista
887 2644 83 41 ergo
928 2644 94 41 bestia¬-

227 2681 64 38 id
259 2681 86 38 est,
313 2681 182 38 praedicantium
463 2681 150 38 multitudo,
581 2681 64 38 si
613 2681 107 38 aperte
688 2681 64 38 ut
720 2681 96 38 Draco
785 2681 161 38 loqueretur,
913 2681 86 38 agno
956 2681 75 38 simi¬-

223 2712 76 40 lis
267 2712 76 40 non
310 2712 152 40 appareret,
429 2712 76 40 sed
472 2712 119 40 assumit
559 2712 87 40 agni
613 2712 130 40 speciem,
711 2712 65 40 ut
743 2712 130 40 draconis
841 2712 130 40 exerceat
927 2712 98 40 operati

225 2744 112 45 onem.
299 2744 99 45 Quod
361 2744 87 45 hic
411 2744 149 45 utrumque
522 2744 87 45 per
572 2744 149 45 taedarum
684 2744 149 45 lampades
795 2744 186 45 exprimitur,
944 2744 99 45 quia
994 2744 37 45 &

216 2777 138 41 obscurum
320 2777 115 41 ardent
401 2777 81 41 per
447 2777 138 41 effectum
550 2777 150 41 malitiae,
666 2777 58 41 &
689 2777 104 41 quasi
758 2777 104 41 suave
827 2777 127 41 redolet
919 2777 81 41 per
953 2777 81 41 simu¬-

219 2819 145 31 lationem
328 2819 121 31 vitae.
412 2819 85 31 Sed
460 2819 157 31 nequaquam
581 2819 181 31 aestimandum
726 2819 97 31 est,
786 2819 97 31 quod
847 2819 97 31 tunc
907 2819 109 31 solum
968 2819 60 31 An¬-

229 2852 70 32 ti
264 2852 117 32 hristi
346 2852 199 32 praedicatores
510 2852 176 32 apparebunt,
651 2852 59 32 &
674 2852 94 32 nunc
733 2852 70 32 ab
768 2852 129 32 humanis
850 2852 187 32 deceptionibus.

228 2883 129 37 desunt,
322 2883 94 37 Modo
380 2883 117 37 namque
462 2883 152 37 priusquam
579 2883 82 37 per
626 2883 164 37 semetipsum
755 2883 152 37 appareat,
872 2883 129 37 nonulli
954 2883 82 37 illum

222 2911 136 37 vocibus,
324 2911 136 37 plerique
426 2911 102 37 autem
495 2911 125 37 moribus
586 2911 171 37 praedicant.
722 2911 68 37 An
756 2911 193 37 praedicatores
904 2911 125 37 simulatio

221 2946 79 44 nis
266 2946 113 44 illius
345 2946 79 44 non
390 2946 102 44 sunt,
458 2946 79 44 qui
503 2946 79 44 cum
548 2946 113 44 sacros
627 2946 79 44 Dei
672 2946 124 44 ordinis
763 2946 136 44 obtinent
864 2946 147 44 fugientem
966 2946 79 44 totis

229 2980 155 47 desideriis
350 2980 110 47 mundum
428 2980 121 47 tenent:
516 2980 77 47 qui
560 2980 132 47 virtutes
660 2980 88 47 esse
715 2980 155 47 ostendunt,
836 2980 88 47 quae
891 2980 132 47 faciunt,
991 2980 77 47 sed

235 3014 121 44 vitium
320 3014 85 44 est
368 3014 97 44 omne
429 3014 97 44 quod
478 3014 97 44 agunt?

259 3061 76 47 De
297 3061 189 47 Antichristo
448 3061 164 47 videantur
574 3061 113 47 plura
650 3061 76 47 in
687 3061 201 47 Commentariis
851 3061 138 47 nostris
952 3061 76 47 in
977 3061 63 47 Da¬-

224 3103 128 36 nielis
314 3103 115 36 caput
390 3103 141 36 octavum
493 3103 64 36 &
518 3103 179 36 undecimum:
659 3103 102 36 item
723 3103 77 36 in
761 3103 179 36 Ezechielis
901 3103 115 36 caput
965 3103 77 36 tri¬-

228 3140 276 41 gesimumoctavum
457 3140 77 41 &
488 3140 306 41 trigesimumnonum.
748 3140 184 41 Inprimis
871 3140 168 41 videantur

230 3173 103 39 quae
295 3173 77 39 de
333 3173 194 39 Antichristo
488 3173 168 39 ediderunt
617 3173 155 39 Theologi
733 3173 129 39 eximii
824 3173 65 39 S
849 3173 142 39 brandus
940 3173 103 39 Lubber

238 3202 99 43 tus,
299 3202 161 43 Matthaeus
423 3202 173 43 Sutlivius,
559 3202 161 43 Lambertus
683 3202 136 43 Danaus,
781 3202 173 43 Franciscus
917 3202 136 43 Iunius,
1004 3202 74 43 Gui¬-

241 3234 135 43 licimus
339 3234 184 43 Nhitaherus,
487 3234 74 43 in
523 3234 197 43 controversia
683 3234 74 43 do
720 3234 123 43 Romano
806 3234 172 43 Pontifice,
929 3234 123 43 Robertus

247 3270 148 44 Abbattus
358 3270 62 44 &
370 3270 86 44 alii.

1220 221 370 56 CAPTTTIII

1241 268 81 63 In
1281 268 94 63 quo
1335 268 81 63 de
1362 268 229 63 Pseudochristis.

1082 325 213 46 SEUDOCHRISTI,
1258 325 100 46 sunt
1321 325 188 46 dissimulati
1471 325 125 46 hostes
1559 325 150 46 Christi,
1672 325 88 46 qui
1709 325 113 46 seipso¬-

1091 365 80 39 pro
1136 365 125 39 Christo
1227 365 160 39 venditant,
1353 365 114 39 Matth.
1433 365 80 39 24.
1478 365 80 39 20.
1524 365 103 39 Marc.
1592 365 80 39 13.
1638 365 80 39 21.
1684 365 91 39 Luc.
1741 365 80 39 17.
1775 365 57 39 23.

1091 390 177 53 Cujusmodi
1227 390 150 53 fuerunt
1336 390 122 53 Simon
1418 390 136 53 Magus,
1513 390 190 53 Bencochab,
1663 390 122 53 David
1731 390 95 53 Geor¬-

1030 420 104 51 gius,
1100 420 81 51 qui
1146 420 139 51 Basileae
1250 420 81 51 est
1296 420 150 51 combustus
1412 420 92 51 Anno
1458 420 81 51 1555.

1058 458 125 45 Differt
1148 458 181 45 Antichristus
1296 458 91 45 ille
1353 458 57 45 a
1375 458 204 45 pseudochristo.
1545 458 79 45 Nam
1591 458 181 45 Antichristus
1738 458 91 45 ille
1784 458 45 45 de

1038 497 74 38 uo
1075 497 173 38 Scripturae
1211 497 198 38 praedixerunt
1371 497 87 38 sub
1421 497 124 38 nomine
1508 497 136 38 Christi
1606 497 148 38 oppugnat
1705 497 124 38 Christum

1019 533 80 32 ac
1059 533 146 32 proinde
1165 533 146 32 externe
1271 533 186 32 profitetur
1417 533 119 32 Jesum
1496 533 172 32 Nazarenum
1629 533 133 32 Mariae
1709 533 119 32 Virgini

1021 558 123 46 filium
1107 558 98 46 esse
1168 558 160 46 Christum,
1291 558 135 46 occulte
1389 558 111 46 autem
1463 558 111 46 illum
1537 558 148 46 abnegat:
1648 558 74 46 At
1672 558 160 46 Pseudochri¬-

1020 593 97 46 stus
1080 593 121 46 aperte
1165 593 121 46 negat,
1250 593 109 46 Jesum
1323 593 158 46 Nazarenum
1444 593 121 46 Mariae
1529 593 145 46 Virginis
1638 593 121 46 filium
1723 593 97 46 esse
1771 593 61 46 ve¬-

1026 629 90 40 rum
1077 629 115 40 illum
1154 629 154 40 Christum
1270 629 64 40 a
1295 629 90 40 Deo
1347 629 115 40 Patre
1424 629 180 40 promissum,
1565 629 64 40 &
1590 629 128 40 contra
1680 629 115 40 simul
1744 629 90 40 jacta

1033 662 69 43 se
1067 662 92 43 esse
1124 662 137 43 Christum
1227 662 103 43 illum
1296 662 69 43 de
1330 662 80 43 quo
1376 662 149 43 Prophetae
1491 662 160 43 vaticinati
1616 662 103 43 sunt,
1685 662 103 43 Marc.
1754 662 80 43 13.
1788 662 46 43 6.

1028 696 83 43 Luc.
1080 696 73 43 21.
1111 696 52 43 18.

1132 718 150 64 Hactenus
1244 718 75 64 de
1281 718 112 64 falsa
1356 718 150 64 Ecclesia
1468 718 75 64 in
1506 718 125 64 terra:
1593 718 150 64 sequitur

1258 796 287 44 CAPUT
1418 796 159 44 XXV

1057 829 86 53 In
1100 829 101 53 quo
1157 829 86 53 de
1200 829 187 53 Ecclesia,
1344 829 115 53 quam
1416 829 173 53 Papistae
1546 829 144 53 dicunt
1646 829 86 53 in
1675 829 115 53 Purga¬-

1271 881 125 59 torio
1354 881 111 59 esse
1423 881 125 59 infra
1493 881 125 59 terram.

1050 926 182 44 TCCLESIA
1187 926 91 44 IN
1232 926 228 44 PURGATORIO,
1415 926 106 44 est
1475 926 137 44 falsa
1566 926 182 44 Ecclesia
1703 926 122 44 quam
1764 926 76 44 Pa¬-

1052 966 129 40 pistae
1142 966 167 40 opinantur
1271 966 103 40 esse
1335 966 116 40 infia
1412 966 142 40 terram,
1515 966 103 40 quum
1580 966 142 40 nusquam
1683 966 90 40 sit
1734 966 77 40 in
1760 966 90 40 rerum

1079 995 142 56 natura,
1182 995 77 56 eo
1221 995 103 56 quod
1285 995 206 56 Purgatorium,
1453 995 103 56 quod
1518 995 155 56 Papistae
1634 995 142 56 credunt
1737 995 64 56 &
1750 995 103 56 propu¬-

1045 1029 108 52 gnant,
1121 1029 108 52 revera
1196 1029 119 52 prorsus
1282 1029 97 52 nihil
1336 1029 54 52 sit

1071 1059 72 45 Ut
1107 1059 108 45 autem
1179 1059 108 45 error
1251 1059 168 45 Papistarum
1384 1059 132 45 rectius
1480 1059 193 45 intelligatur
1636 1059 60 45 &
1661 1059 168 45 accuratius
1781 1059 72 45 con¬-

1042 1093 134 45 futetur,
1142 1093 112 45 initio
1220 1093 156 45 expedienda
1343 1093 78 45 est
1388 1093 145 45 quaestio,
1499 1093 67 45 an
1533 1093 78 45 sit
1577 1093 123 45 aliquod
1666 1093 178 45 purgatorium?
1800 1093 56 45 De¬-

1039 1132 90 37 inde
1095 1132 102 37 aliae
1163 1132 170 37 quaestiones
1299 1132 68 37 de
1333 1132 68 37 ea
1355 1132 147 37 excutiendae

1084 1158 95 44 Quum
1144 1158 154 44 quaestio,
1262 1158 71 44 An
1298 1158 83 44 sit
1345 1158 178 44 purgatorium
1488 1158 131 44 aliquod
1583 1158 83 44 aut
1630 1158 107 44 ignis
1690 1158 166 44 purgatorius,

1036 1203 136 37 ambigua
1134 1203 99 37 sit;
1196 1203 198 37 distinctione
1357 1203 198 37 respondendum
1517 1203 99 37 est.
1579 1203 99 37 Quum
1641 1203 148 37 constet,
1752 1203 86 37 nos
1789 1203 74 37 esse

1047 1233 130 37 peccato
1142 1233 154 37 originali
1260 1233 190 37 contaminatos
1414 1233 59 37 &
1438 1233 118 37 multis
1521 1233 154 37 praeterea
1640 1233 142 37 peccatis
1734 1233 107 37 actuali

1041 1267 81 43 bus
1088 1267 175 43 sordidatos,
1228 1267 81 43 nec
1274 1267 105 43 posse
1344 1267 140 43 manentes
1449 1267 105 43 tales
1519 1267 105 43 regni
1588 1267 81 43 Dei
1635 1267 175 43 haereditate
1763 1267 93 43 possi¬-

1045 1298 98 33 dere,
1110 1298 65 33 1.
1143 1298 87 33 Cor.
1197 1298 65 33 6.
1230 1298 65 33 v.
1263 1298 65 33 9,
1295 1298 65 33 10
1328 1298 87 33 Gal.
1382 1298 65 33 5.
1415 1298 87 33 29,,
1469 1298 65 33 0,
1502 1298 76 33 21.
1545 1298 76 33 nec
1589 1298 98 33 posse
1654 1298 65 33 in
1687 1298 131 33 calestem
1774 1298 76 33 illam

1056 1331 166 38 civitatem
1184 1331 154 38 quicquam
1300 1331 154 38 immundum
1415 1331 154 38 ingredi,
1530 1331 115 38 Apoc.
1607 1331 90 38 21.
1658 1331 90 38 27.
1709 1331 179 38 confitemur

1048 1365 102 44 esse
1112 1365 192 44 purgatorium
1265 1365 166 44 animarum,
1393 1365 102 44 asse
1457 1365 192 44 purgatorium
1610 1365 115 44 ignem
1687 1365 89 44 quo
1738 1365 64 44 a
1751 1365 102 44 pecca¬-

1053 1402 78 40 tis
1098 1402 78 40 nos
1142 1402 123 40 purgari
1232 1402 123 40 necesse
1321 1402 90 40 est,
1377 1402 67 40 ut
1411 1402 101 40 regni
1478 1402 78 40 Dei
1523 1402 134 40 haeredes
1612 1402 90 40 fiamus

1085 1428 124 39 Verum
1168 1428 124 39 autem
1251 1428 207 39 purgatorium
1417 1428 166 39 animarum
1541 1428 180 39 nostrarum
1679 1428 83 39 ab
1721 1428 111 39 omni
1776 1428 83 39 sor¬-

1056 1464 71 37 de
1092 1464 130 37 peceati
1186 1464 83 37 est
1234 1464 142 37 Christus
1340 1464 130 37 Dominus
1435 1464 83 37 qui
1482 1464 142 37 sanguine
1589 1464 59 37 &
1612 1464 130 37 Spiritu
1707 1464 83 37 suo
1754 1464 59 37 &
1766 1464 95 37 verbo¬-

1051 1501 123 41 fideque
1141 1501 146 41 salvifica
1253 1501 56 41 &
1275 1501 146 41 baptismis
1388 1501 79 41 nos
1432 1501 67 41 ab
1466 1501 123 41 omnibus
1556 1501 135 41 peccatis
1657 1501 123 41 purgat:
1747 1501 101 41 juxta
1803 1501 56 41 di¬-

1055 1532 75 40 cta
1098 1532 54 40 1
1120 1532 86 40 Joh.
1174 1532 65 40 1.
1206 1532 65 40 7.
1238 1532 118 40 Sanguis
1324 1532 161 40 IesuChristi
1453 1532 97 40 Filii
1518 1532 75 40 Dei
1561 1532 108 40 purgat
1636 1532 75 40 nos
1679 1532 65 40 ab
1711 1532 86 40 emni
1754 1532 108 40 peccato.

1060 1565 103 40 ICor.
1128 1565 57 40 6
1151 1565 69 40 v.
1186 1565 69 40 9,
1220 1565 115 40 10,11.
1300 1565 69 40 An
1335 1565 160 40 ignoratis,
1461 1565 138 40 iniustos
1564 1565 80 40 non
1610 1565 92 40 esse
1667 1565 80 40 Dei
1702 1565 160 40 haereditatem

1058 1604 159 38 possessuros?
1187 1604 60 38 Ne
1217 1604 109 38 errate:
1296 1604 89 38 neque
1356 1604 159 38 scortatores,
1485 1604 89 38 neque
1544 1604 149 38 idololatae,
1663 1604 89 38 neque
1723 1604 99 38 machi,
1783 1604 69 38 nequi

1061 1638 111 36 molles,
1141 1638 91 36 neque
1202 1638 70 36 qui
1242 1638 141 36 concumbunt
1353 1638 70 36 cum
1393 1638 131 36 masculis,
1494 1638 91 36 neque
1554 1638 101 36 fures,
1625 1638 91 36 neque
1685 1638 101 36 avori,
1755 1638 91 36 neque
1806 1638 50 36 e¬t

1061 1667 111 39 briosi,
1141 1667 91 39 neque
1202 1667 181 39 conviciatores,
1353 1667 91 39 neque
1413 1667 121 39 rapates,
1504 1667 91 39 regni
1564 1667 70 39 Dei
1604 1667 161 39 haereditatem
1735 1667 151 39 possidebit.

1063 1704 57 38 Et
1092 1704 76 38 haec
1140 1704 95 38 eratis
1206 1704 124 38 nonnulli,
1302 1704 67 38 sed
1340 1704 95 38 abluti
1407 1704 95 38 estis,
1473 1704 67 38 sed
1511 1704 152 38 sanctificati
1635 1704 95 38 estis,
1702 1704 67 38 sed
1740 1704 143 38 justificati

1060 1734 103 43 estis
1128 1734 69 43 in
1162 1734 114 43 nomine
1242 1734 114 43 Domini
1322 1734 103 43 Iesu,
1391 1734 57 43 &
1414 1734 80 43 per
1460 1734 137 43 Spiritum
1562 1734 80 43 Dei
1608 1734 114 43 nostri
1688 1734 91 43 Joh.
1745 1734 80 43 15.
1791 1734 69 43 3.
1814 1734 57 43 Iam

1062 1774 84 34 vos
1110 1774 96 34 puri
1170 1774 107 34 estis
1241 1774 131 34 propter
1337 1774 143 34 sermonem
1444 1774 96 34 quem
1504 1774 143 34 loquutus
1611 1774 84 34 sum
1659 1774 119 34 vobis.
1743 1774 84 34 Act
1790 1774 84 34 15.
1826 1774 48 34 9.

1059 1797 97 41 Nihil
1124 1797 140 41 discrevit
1231 1797 97 41 inter
1295 1797 75 41 nos
1338 1797 54 41 &
1360 1797 107 41 illos,
1435 1797 86 41 fide
1489 1797 129 41 purgatis
1585 1797 118 41 cordibs
1671 1797 107 41 eorum.
1746 1797 86 41 Eph.
1800 1797 64 41 5.
1821 1797 54 41 25.

1068 1833 82 50 26,
1115 1833 82 50 17.
1162 1833 94 50 Tit.
1221 1833 59 50 2
1245 1833 82 50 14.
1292 1833 94 50 Joh.
1351 1833 82 50 15.
1398 1833 71 50 2.
1433 1833 106 50 Pater
1504 1833 94 50 meus
1562 1833 106 50 omnem
1633 1833 71 50 in
1668 1833 71 50 me
1704 1833 153 50 palmitem,
1821 1833 82 50 qui

1066 1864 87 42 fert
1120 1864 130 42 fructum,
1218 1864 119 42 purgat,
1304 1864 65 42 ut
1337 1864 87 42 plus
1391 1864 119 42 fructus
1467 1864 97 42 adferat

1098 1900 113 39 Verus
1174 1900 113 39 ignis
1249 1900 200 39 purgatorius,
1411 1900 88 39 quo
1461 1900 63 39 a
1486 1900 150 39 peccatis
1599 1900 150 39 purgamur
1711 1900 88 39 est
1749 1900 125 39 Christus

1056 1929 127 41 Dominus
1149 1929 81 41 qui
1195 1929 92 41 igne
1252 1929 104 41 verbi
1321 1929 81 41 sui
1367 1929 58 41 &
1390 1929 138 41 Spiritus
1494 1929 127 41 Sancti,
1586 1929 150 41 crucisque
1701 1929 58 41 &
1713 1929 161 41 afflictionis

1054 1967 76 42 nos
1098 1967 120 42 purgat.
1185 1967 76 42 Sic
1229 1967 87 42 enim
1283 1967 120 42 dicitur
1371 1967 120 42 Malach.
1458 1967 66 42 3.
1491 1967 66 42 2,
1524 1967 66 42 3.
1556 1967 87 42 Ipse
1611 1967 98 42 quasi
1676 1967 98 42 ignis
1731 1967 142 42 conflatoris

1063 1998 57 42 &
1085 1998 92 42 smea
1143 1998 69 42 ma
1177 1998 138 42 fullonum
1281 1998 92 42 est.
1338 1998 69 42 Vt
1373 1998 103 42 sedet
1442 1998 138 42 conflans
1545 1998 57 42 &
1568 1998 126 42 purgans
1660 1998 138 42 argetum,
1764 1998 80 42 ita
1798 1998 69 42 pur¬-

1069 2031 101 44 tabit
1136 2031 113 44 filios
1215 2031 101 44 Levi,
1283 2031 146 44 desoecans
1395 2031 79 44 eos
1440 2031 101 44 velut
1508 2031 101 44 aurum
1575 2031 56 44 &
1598 2031 146 44 argentum.
1710 2031 68 44 Ut
1744 2031 90 44 enim
1789 2031 79 44 ignia

1063 2067 113 34 calore
1142 2067 79 34 suo
1187 2067 124 34 metalla
1278 2067 192 34 liquefaciens,
1436 2067 90 34 pura
1492 2067 124 34 reddit:
1583 2067 79 34 ita
1628 2067 102 34 etiam
1696 2067 136 34 Christus
1787 2067 90 34 verbo¬-

1061 2097 85 42 suc
1109 2097 97 42 pios
1170 2097 145 42 terrens,
1279 2097 60 42 &
1303 2097 109 42 quasi
1375 2097 181 42 dissolvens,
1520 2097 60 42 &
1545 2097 73 42 ad
1581 2097 169 42 peccatorum
1714 2097 121 42 suorum
1786 2097 85 42 agni¬-

1072 2131 104 37 ionem
1142 2131 69 37 ac
1176 2131 208 37 resipiscentiam
1349 2131 150 37 adducens,
1464 2131 58 37 a
1488 2131 138 37 poccatis
1591 2131 127 37 purgat.
1684 2131 69 37 De
1718 2131 127 37 Spiritu
1799 2131 69 37 San¬-

1061 2167 78 40 cto
1106 2167 101 40 dicit
1173 2167 134 40 Johannes
1273 2167 134 40 Baptista
1374 2167 101 40 Matt.
1441 2167 67 40 3.
1475 2167 67 40 v.
1508 2167 78 40 11.
1553 2167 134 40 Christus
1653 2167 78 40 vos
1698 2167 157 40 baptizabit
1810 2167 67 40 Spi¬-

1059 2200 101 34 ritu
1123 2200 127 34 Sancto
1211 2200 63 34 &
1237 2200 114 34 igne.
1313 2200 89 34 Nam
1363 2200 152 34 Spiritus
1477 2200 139 34 Sanctus
1579 2200 127 34 sordes
1667 2200 152 34 animarum
1769 2200 101 34 nostra

1068 2231 99 36 rum,
1129 2231 86 36 non
1179 2231 123 36 aliter
1265 2231 135 36 purgat,
1363 2231 99 36 quam
1425 2231 111 36 autum
1499 2231 99 36 igne
1560 2231 185 36 excoquitur,
1696 2231 172 36 concupiscen¬-

1072 2265 96 34 siae
1132 2265 132 34 nostrae
1227 2265 108 34 vitia
1299 2265 132 34 assidue
1395 2265 167 34 excoquendo
1526 2265 60 34 &
1550 2265 143 34 exurendo
1658 2265 72 34 De
1694 2265 108 34 cruce
1765 2265 60 34 &
1777 2265 96 34 affli¬-

1066 2299 151 32 ctionibus
1183 2299 128 32 dicitur
1276 2299 93 32 Dan.
1334 2299 105 32 1115.
1403 2299 70 32 Ex
1438 2299 105 32 ipsis
1508 2299 105 32 autem
1578 2299 186 32 erudientibus
1729 2299 139 32 corruent
1822 2299 46 32 ad

1062 2333 174 33 conflandum
1198 2333 99 33 eos,
1260 2333 62 33 &
1285 2333 74 33 ad
1322 2333 199 33 purificandum
1483 2333 62 33 &
1508 2333 74 33 ad
1545 2333 186 33 dealbandum:
1694 2333 62 33 &
1719 2333 99 33 cap.
1781 2333 74 33 12
1806 2333 62 33 10.

1066 2361 204 40 Purgabuntur,
1232 2361 204 40 dealbabuntur
1398 2361 64 40 &
1423 2361 204 40 conflabuntur
1589 2361 128 40 multi.
1679 2361 166 40 Videantur
1793 2361 77 40 Com¬-

1060 2398 143 36 mentarii
1168 2398 120 36 nostri
1251 2398 72 36 in
1287 2398 143 36 Danielem
1395 2398 72 36 ad
1431 2398 96 36 haec
1478 2398 72 36 loca

1102 2421 86 53 Hoc
1151 2421 123 53 igitur
1237 2421 110 53 verum
1310 2421 86 53 est
1359 2421 196 53 purgatorium,
1519 2421 86 53 hic
1568 2421 110 53 verus
1641 2421 184 53 purgatorius
1776 2421 98 53 ignis,

1077 2467 78 46 quo
1121 2467 111 46 animas
1199 2467 122 46 nostras
1287 2467 122 46 purgari
1376 2467 78 46 nec
1420 2467 89 46 esse
1465 2467 66 46 est:

1098 2500 117 41 Idque
1176 2500 91 41 dum
1228 2500 78 41 in
1267 2500 91 41 hac
1320 2500 117 41 vita,
1398 2500 91 41 dum
1450 2500 78 41 in
1489 2500 143 41 corpore
1593 2500 130 41 sumus:
1684 2500 78 41 I.
1724 2500 104 41 Quia
1776 2500 104 41 tempus

1074 2531 111 46 gratiae
1155 2531 71 46 est
1195 2531 61 46 in
1226 2531 71 46 hac
1266 2531 91 46 vita,
1327 2531 71 46 non
1368 2531 81 46 post
1418 2531 81 46 hanc
1469 2531 101 46 vitam,
1540 2531 91 46 Psal.
1601 2531 71 46 95.
1641 2531 61 46 7,
1671 2531 61 46 8.
1702 2531 81 46 Neh.
1752 2531 61 46 3.
1783 2531 61 46 v.
1813 2531 61 46 7,
1833 2531 41 46 8.

1077 2564 64 47 15,
1113 2564 46 47 &
1132 2564 73 47 cap.
1177 2564 55 47 4.
1204 2564 55 47 v.
1223 2564 36 47 7.

1110 2588 85 47 II.
1158 2588 97 47 Quia
1219 2588 121 47 animae
1304 2588 73 47 ex
1340 2588 170 47 corporibus
1474 2588 170 47 migrantes,
1607 2588 121 47 illico
1692 2588 61 47 &
1716 2588 109 47 recta
1789 2588 85 47 vel
1825 2588 49 47 ad

1080 2628 142 38 Christum
1187 2628 71 38 in
1222 2628 119 38 celum,
1306 2628 83 38 vel
1353 2628 71 38 in
1389 2628 142 38 infernum
1495 2628 142 38 migrant,
1602 2628 95 38 Luc.
1661 2628 83 38 16.
1709 2628 119 38 Patrum
1780 2628 95 38 ortho¬-

1077 2664 135 40 doxorum
1175 2664 160 40 consensum
1298 2664 99 40 vide
1360 2664 74 40 in
1397 2664 160 40 Symphonia
1520 2664 123 40 nostra
1606 2664 135 40 Cathol.
1705 2664 99 40 cap.
1766 2664 86 40 26.
1803 2664 74 40 the¬-

1083 2695 69 45 si
1117 2695 103 45 prima
1186 2695 57 45 &
1197 2695 103 45 secunda

1106 2730 99 41 III.
1168 2730 99 41 Quia
1230 2730 186 41 justificati
1378 2730 149 41 sanguine
1490 2730 136 41 Christi
1589 2730 62 41 &
1614 2730 186 41 remissionem
1750 2730 124 41 peccato.

1075 2762 82 43 rum
1122 2762 129 43 adepti,
1216 2762 118 43 poenam
1299 2762 141 43 ulterius
1404 2762 129 43 subeunt
1498 2762 129 43 nullam,
1592 2762 106 43 neque
1663 2762 71 43 in
1698 2762 94 43 hac,
1757 2762 106 43 neque
1816 2762 71 43 post

1071 2798 104 44 hanc
1123 2798 91 44 vitam

1106 2820 82 54 IV.
1153 2820 94 54 Quia
1212 2820 106 54 nulla
1283 2820 212 54 reconciliatio,
1459 2820 106 54 nulla
1530 2820 176 54 satisfactio
1671 2820 82 54 est
1718 2820 82 54 pro
1753 2820 118 54 peccatis

1078 2863 90 44 nisi
1134 2863 169 44 satisfactio
1270 2863 124 44 Christi
1360 2863 102 44 semel
1428 2863 158 44 consummata
1552 2863 68 44 in
1575 2863 90 44 cruce¬-

1103 2886 73 62 V.
1139 2886 98 62 Quia
1201 2886 122 62 qualis
1286 2886 184 62 unusquisque
1433 2886 61 62 a
1458 2886 135 62 Christo
1556 2886 73 62 in
1592 2886 110 62 morte
1666 2886 159 62 corporali
1776 2886 110 62 inveni¬-

1084 2930 79 45 tur,
1134 2930 89 45 talis
1193 2930 129 45 judicatur

1123 2949 78 53 VI.
1168 2949 89 53 Quia
1223 2949 67 53 in
1257 2949 78 53 hac
1302 2949 112 53 tantum
1380 2949 89 53 vita
1436 2949 101 53 locus
1503 2949 78 53 est
1548 2949 212 53 resipiscentiae:
1726 2949 89 53 post
1782 2949 89 53 hanc
1827 2949 56 53 au¬-

1091 2995 76 41 tem
1134 2995 97 41 vitam
1199 2995 65 41 ut
1232 2995 97 41 nulla
1297 2995 119 41 amplius
1383 2995 130 41 facultas
1480 2995 76 41 est
1523 2995 205 41 resipiscentiae,
1696 2995 76 41 ita
1740 2995 97 41 nulla
1794 2995 86 41 restat

1078 3029 98 44 satis
1144 3029 109 44 factio
1220 3029 76 44 pro
1264 3029 142 44 peccatis,
1373 3029 98 44 nulla
1428 3029 109 44 redemtio

1119 3061 96 40 Haec
1179 3061 156 40 orthodoxa
1299 3061 84 40 est
1347 3061 72 40 de
1383 3061 96 40 vero
1442 3061 168 40 purgatorio
1562 3061 144 40 sententia.

1112 3093 154 45 PAPISTAE
1228 3093 115 45 autem
1305 3093 141 45 dicunt,
1407 3093 192 45 Purgatorium
1561 3093 103 45 esse
1625 3093 115 45 locum
1702 3093 141 45 quendam
1792 3093 90 45 infre

1087 3129 128 41 terram,
1181 3129 70 41 in
1216 3129 82 41 quo
1262 3129 128 41 tanquam
1356 3129 70 41 in
1391 3129 128 41 carcere
1484 3129 152 41 purgentur
1601 3129 117 41 animae
1683 3129 152 41 separatae
1799 3129 58 41 a
1811 3129 70 41 cor¬-

1097 3169 100 34 pore,
1163 3169 89 34 quae
1219 3169 67 34 in
1252 3169 78 34 hac
1296 3169 89 34 vita
1352 3169 78 34 non
1396 3169 122 34 fuerint
1485 3169 100 34 plene
1551 3169 144 34 purgatae,
1662 3169 67 34 ut
1696 3169 144 34 exsolvant
1795 3169 89 34 poenas

1093 3206 167 33 temporales,
1227 3206 67 33 in
1260 3206 89 33 quas
1316 3206 123 33 virtute
1405 3206 123 33 clavium
1494 3206 134 33 aeternae
1594 3206 111 33 poenae
1672 3206 145 33 conversae
1784 3206 134 33 fuerint,

1101 3229 88 48 quae
1156 3229 99 48 ipsis
1222 3229 165 48 exsolvendae
1354 3229 143 48 restabant
1464 3229 55 48 &
1486 3229 77 48 sic
1529 3229 132 48 purgatae
1628 3229 66 48 in
1661 3229 110 48 caelum
1738 3229 121 48 ingredi
1815 3229 77 48 vale¬-

1090 3266 96 49 ant,
1150 3266 84 49 quo
1198 3266 108 49 nihil
1269 3266 143 49 intrabit
1365 3266 167 49 coinquinatum
