2063 3410
1013 158 88 60 Ain
1064 158 126 60 terra,
1152 158 113 60 neque
1227 158 126 60 subtus
1315 158 138 60 terram.
1416 158 101 60 Ergo
1479 158 101 60 sunt
1542 158 126 60 animae
1630 158 113 60 infra
1705 158 126 60 terram
1793 158 75 60 in
1819 158 75 60 Pur¬-

200 202 157 56 sunanfis,
320 202 132 56 mortios
417 202 120 56 agunt:
501 202 60 56 &
525 202 72 56 in
561 202 96 56 hoc,
622 202 96 56 quod
682 202 72 56 ad
718 202 84 56 hoc
766 202 181 56 immerguntur
911 202 72 56 ut
935 202 84 56 emer¬-

203 230 145 54 euiiaant
312 230 158 54 mortuorum
433 230 230 54 resurrectionem.
627 230 73 54 Et
663 230 158 54 similiter
785 230 73 54 in
821 230 85 54 hoc
870 230 97 54 quod
918 230 97 54 profi¬-

207 266 127 43 canaiis
300 266 69 43 se
334 266 127 43 mortuos
427 266 104 43 mundo
496 266 104 43 agunt
565 266 138 43 mortuos.
669 266 69 43 Et
704 266 69 43 in
738 266 92 43 hoc,
796 266 92 43 quod
853 266 69 43 ad
888 266 81 43 hoc
923 266 92 43 profi¬-

205 309 92 33 foer
262 309 69 33 se
296 309 137 33 mortuos,
399 309 69 33 ut
434 309 149 33 transeant
548 309 69 33 in
582 309 149 33 novitatem
697 309 114 33 vitae,
777 309 172 33 profitentur
903 309 103 33 resurre

204 335 134 42 ctronem
301 335 170 42 mortuorum.
435 335 73 42 Et
472 335 97 42 ante
532 335 85 42 hos
581 335 183 42 Theodoretus
727 335 73 42 in
764 335 73 42 I.
800 335 97 42 Cor.
861 335 85 42 15.
910 335 97 42 Qui,
958 335 49 42 in

203 366 92 50 quit
261 366 162 50 Apostolus,
388 366 173 50 baptizatur,
527 366 116 50 Domino
608 366 196 50 consepelitur,
769 366 69 50 ut
804 366 81 50 cum
850 366 116 50 mortis
920 366 92 50 fuerit

1015 470 127 47 Btius,
1104 470 64 47 &
1130 470 127 47 Patres
1219 470 76 47 in
1257 470 76 47 eo
1295 470 140 47 nunquam
1396 470 152 47 fuerunt.
1511 470 191 47 Simpliciter
1663 470 114 47 autem
1740 470 114 47 juxta
1803 470 89 47 Scri¬-

208 407 155 43 particips,
330 407 78 43 sit
374 407 100 43 etiam
441 407 144 43 particeps
552 407 211 43 resurrectionis.
729 407 78 43 Sin
773 407 100 43 autem
840 407 111 43 corpus
917 407 78 43 est
951 407 67 43 mor¬-

205 443 102 44 tuum,
272 443 56 44 &
295 443 79 44 non
340 443 147 44 resurgit,
453 443 79 44 cur
498 443 102 44 etiam
566 443 169 44 baptizatur:

195 507 167 36 consentiens
329 507 156 36 adversario
452 507 78 36 tuo
496 507 89 36 cito
552 507 78 36 dum
597 507 67 36 es
630 507 78 36 cum
675 507 67 36 eo
708 507 67 36 in
742 507 89 36 via,
798 507 67 36 ne
831 507 100 36 forte
898 507 112 36 tradat
965 507 56 36 te.

207 542 172 35 advorsarius
344 542 114 35 indici
424 542 57 35 &
447 542 103 35 iudex
516 542 137 35 tortori,
619 542 57 35 &
641 542 137 35 mittaris
744 542 69 35 in
779 542 149 35 carcerem:
893 542 92 35 Amen
939 542 80 35 dico¬-

198 574 106 44 tibi,
269 574 83 44 non
316 574 118 44 exibis
399 574 94 44 inde
458 574 106 44 donec
529 574 118 44 reddas
611 574 165 44 novissimum
730 574 153 44 quadrantem.

234 604 110 46 RESP.
307 604 74 46 Ex
344 604 86 46 his
393 604 110 46 locis
467 604 184 46 purgatorium
614 604 135 46 probari
712 604 86 46 non
761 604 135 46 potest:
859 604 74 46 ut
895 604 74 46 ex
920 604 98 46 scopo¬-

206 642 138 39 Christi
307 642 150 39 apparet.
420 642 150 39 Christus
532 642 100 39 enim
595 642 75 39 ad
633 642 125 39 aequam
721 642 176 39 concordiam
846 642 163 39 exhortatur.

199 676 156 33 ostendens
319 676 96 33 quot
379 676 156 33 periculis
499 676 72 33 ac
535 676 108 33 malis
607 676 72 33 se
643 676 168 33 objiciant,
775 676 84 33 qui
823 676 120 33 summum
907 676 84 33 jus
955 676 84 33 ob¬

200 701 135 50 stinate
298 701 172 50 pertentare
433 701 135 50 malunt,
531 701 98 50 quam
592 701 74 50 ex
629 701 110 50 aequo
702 701 61 50 &
727 701 98 50 bono
788 701 123 50 agere.
862 701 159 50 Observavit.

202 734 76 41 id
240 734 152 41 Johannes
354 734 114 41 Ferus
430 734 152 41 Papista,
544 734 88 41 qui
594 734 76 41 in
632 734 101 41 hunc
695 734 114 41 modum
771 734 76 41 in
809 734 88 41 cap
860 734 139 41 quintum
948 734 76 41 Mat¬-

199 772 97 39 thaei
264 772 129 39 scribit:
361 772 97 39 Multi
426 772 97 39 multa
490 772 162 39 scripserunt
620 772 86 39 quis
674 772 76 39 sit
717 772 162 39 adversarius
846 772 97 39 ille,
911 772 76 39 nec
943 772 76 39 tamen

205 807 87 42 quae
259 807 173 42 scripserunt,
400 807 97 42 satis
465 807 130 42 videntur
562 807 152 42 concordare
682 807 130 42 literae.
779 807 108 42 Omissi
855 807 108 42 igitur
920 807 108 42 omnibus.

200 837 77 51 is,
244 837 66 51 id
277 837 89 51 vult
333 837 144 51 Christus.
443 837 66 51 In
477 837 133 51 externis
576 837 100 51 rebus
643 837 155 51 nonnunquam
764 837 111 51 satius
842 837 89 51 est,
897 837 100 51 etiam
953 837 66 51 ini¬-

210 873 92 45 quis
268 873 196 45 conditionibus
430 873 81 45 cum
476 873 162 45 adversario
603 873 81 45 rem
649 873 150 45 coponere,
765 873 92 45 quam
822 873 104 45 lites
892 873 58 45 &
903 873 104 45 conter¬-

203 908 116 38 tiones
285 908 116 38 sequi.
366 908 116 38 Primo,
447 908 93 38 quia
505 908 116 38 multum
586 908 139 38 temporis
691 908 163 38 insumendum
819 908 81 38 est
865 908 139 38 litibus.
958 908 58 38 Dei

200 940 96 41 inde
260 940 168 41 serviendum
392 940 84 41 est
440 940 156 41 advocatis
560 940 60 41 &
584 940 156 41 notariis,
704 940 60 41 &
728 940 156 41 ambiendus
848 940 108 41 favor
908 940 108 41 iudicis

209 969 116 41 Tertio
291 969 81 41 cum
337 969 70 41 ad
372 969 128 41 tudicem
465 969 81 41 res
511 969 128 41 veniet,
604 969 81 41 non
651 969 128 41 amplius
743 969 70 41 es
778 969 128 41 negotii
871 969 139 41 dominus,
964 969 58 41 nec

208 1006 102 43 potes
275 1006 136 43 ordinare
377 1006 68 43 ut
411 1006 124 43 velles.
501 1006 90 43 Adde
558 1006 90 43 quod
614 1006 136 43 incertus
716 1006 79 43 est
761 1006 124 43 exitus;
851 1006 102 43 neque
919 1006 90 43 enim
964 1006 68 43 sem¬-

197 1043 83 40 per
244 1043 142 40 superior
351 1043 142 40 discedit
457 1043 83 40 cui
505 1043 106 40 causa
576 1043 130 40 melior:
670 1043 106 40 super
741 1043 106 40 omnia
812 1043 106 40 autem
883 1043 106 40 perit
942 1043 83 40 anime

205 1084 210 39 tranquillitas
378 1084 74 39 ac
415 1084 87 39 pax
465 1084 99 39 erga
526 1084 161 39 proximum.
650 1084 111 39 Omnia
725 1084 99 39 haec
786 1084 99 39 mala
848 1084 124 39 vitat,
935 1084 87 39 qui
972 1084 62 39 cum

200 1108 181 45 adversario
343 1108 91 45 rem
381 1108 143 45 componit.

236 1143 136 40 QUINTUS
335 1143 111 40 locus
409 1143 124 40 Matth.
496 1143 74 40 5.
533 1143 74 40 v.
570 1143 87 40 22.
619 1143 87 40 Qui
669 1143 161 40 irascitur
793 1143 124 40 fratri
879 1143 87 40 suo
929 1143 99 40 reus
978 1143 50 40 e¬-

196 1162 77 48 rit
240 1162 131 48 iudicio;
338 1162 77 48 qui
382 1162 120 48 dixerit
469 1162 109 48 fratri
546 1162 77 48 suo
590 1162 109 48 racha,
666 1162 87 48 reus
721 1162 87 48 erit
776 1162 142 48 Concilio;
885 1162 77 48 qui
929 1162 120 48 dixerit

195 1210 122 47 fatue,
280 1210 97 47 reus
341 1210 97 47 erit
402 1210 146 47 Gehennae
512 1210 122 47 ignis.
597 1210 97 47 Ergo
658 1210 85 47 est
694 1210 171 47 purgatorium.

233 1237 114 44 RESP.
309 1237 114 44 Nihil
385 1237 89 44 hic
436 1237 127 44 suadet
525 1237 76 44 ut
563 1237 190 44 purgatorium
715 1237 215 44 intelligamus:
892 1237 89 44 sed
930 1237 89 44 Chri¬-

195 1269 95 46 stus
254 1269 118 46 falsas
337 1269 142 46 Decalogi
444 1269 189 46 expositiones
597 1269 177 46 correcturus
739 1269 118 46 docet.
822 1269 106 46 Legis
881 1269 142 46 transgres.

195 1312 122 35 siones
280 1312 134 35 actibus
378 1312 195 35 exterioribus
536 1312 85 35 non
585 1312 195 35 definiendas,
744 1312 73 35 ac
780 1312 134 35 proinde
878 1312 98 35 quas
926 1312 98 35 culpa:

205 1345 139 40 leviores
309 1345 127 40 Scribae
402 1345 196 40 existimabant,
563 1345 115 40 fratri
644 1345 127 40 irasci,
736 1345 127 40 fratrem
829 1345 185 40 contumeliose
967 1345 58 40 ali

205 1378 111 40 loqui
279 1378 148 40 supremam
389 1378 86 40 Dei
438 1378 160 40 justitiam
561 1378 123 40 subire
648 1378 148 40 indicat.
758 1378 98 40 Etsi
820 1378 98 40 enim
881 1378 123 40 gradus
955 1378 74 40 poe¬-

194 1416 113 41 narum
270 1416 189 41 distinguat,
421 1416 101 41 unam
484 1416 113 41 tamen
559 1416 126 41 poenam
647 1416 189 41 intelligit,
798 1416 63 41 &
823 1416 88 41 eum
873 1416 88 41 qui
911 1416 113 41 irasci¬-

195 1446 91 43 tur
247 1446 143 43 temere,
351 1446 65 43 &
377 1446 91 43 eum
429 1446 91 43 qui
481 1446 143 43 fratrem
585 1446 104 43 suum
651 1446 117 43 levem
729 1446 65 43 &
755 1446 143 43 stultum
859 1446 169 43 appellat,
976 1446 52 43 ea

199 1482 86 37 dem
248 1482 135 37 inferni
346 1482 123 37 poena,
432 1482 98 37 etsi
494 1482 86 37 non
543 1482 111 37 eadem
617 1482 123 37 poenae
703 1482 160 37 gravitate
826 1482 123 37 dignum
912 1482 123 37 docet,
998 1482 74 37 ut

205 1516 167 38 Maldonatus
336 1516 131 38 Papista
431 1516 71 38 in
467 1516 119 38 Matth.
550 1516 59 38 5
562 1516 119 38 scribit.

236 1541 136 45 SEXTUS
331 1541 122 45 locus
413 1541 95 45 est
467 1541 149 45 Luc.16.
576 1541 81 45 9.
616 1541 136 45 Facite
711 1541 122 45 vobis
793 1541 136 45 amicos
888 1541 81 45 de
915 1541 122 45 mammona

212 1578 169 41 iniquitatis,
350 1578 63 41 ut
381 1578 74 41 cum
423 1578 169 41 defeceritis,
561 1578 137 41 recipiant
666 1578 74 41 vos
708 1578 63 41 in
740 1578 116 41 aeterna
814 1578 158 41 taebernacula.

237 1615 96 36 RESP
297 1615 96 36 Hinc
357 1615 179 36 purgatorium
500 1615 132 36 colligi
596 1615 132 36 nequit:
691 1615 84 36 nam
739 1615 155 36 sententia
859 1615 96 36 est,
907 1615 132 36 pauperes.

204 1642 140 41 sanctos
306 1642 153 41 acceptas
421 1642 128 41 habere
511 1642 191 41 eleemosynas
664 1642 64 41 &
689 1642 179 41 benedicere
817 1642 217 41 benefactoribus.

212 1683 86 40 suis
266 1683 54 40 &
288 1683 173 40 copensatione
428 1683 119 40 aeterna
514 1683 97 40 illis
579 1683 129 40 precari,
676 1683 97 40 atque
741 1683 65 40 in
773 1683 119 40 extremo
859 1683 76 40 die
903 1683 108 40 testes
967 1683 65 40 fore

204 1714 199 40 beneficentiae
368 1714 94 40 erga
427 1714 105 40 ipsos
497 1714 164 40 exercitae.
626 1714 82 40 Tum
673 1714 141 40 pauperes
778 1714 129 40 Christi
872 1714 82 40 ita
907 1714 129 40 recipient

209 1753 99 36 alius
275 1753 66 36 in
308 1753 121 36 aeterna
396 1753 176 36 tabernacula,
539 1753 99 36 sicut
605 1753 55 36 &
627 1753 110 36 mundum
703 1753 154 36 judicaturi
824 1753 88 36 sunt
879 1753 66 36 1.
912 1753 88 36 Cor.
967 1753 66 36 6.
989 1753 44 36 2.

239 1782 143 39 SEPTIMUS
347 1782 108 39 locus
418 1782 84 39 est
466 1782 96 39 Luc.
526 1782 84 39 23.
574 1782 72 39 v.
610 1782 84 39 42.
657 1782 131 39 Memento
753 1782 84 39 met
801 1782 84 39 dum
849 1782 131 39 veneris
944 1782 72 39 in
968 1782 60 39 re¬-

205 1819 104 40 gnum
270 1819 117 40 tuum.
348 1819 117 40 RESP.
426 1819 208 40 Alienissimus
595 1819 65 40 a
621 1819 182 40 purgatorio
765 1819 169 40 Papistico
895 1819 130 40 locus.
973 1819 65 40 Nam

207 1850 140 39 latronis
312 1850 70 39 in
347 1850 105 39 cruce
417 1850 140 39 conversi
522 1850 105 39 anima
592 1850 82 39 non
639 1850 105 39 venit
709 1850 93 39 post
767 1850 105 39 morte
837 1850 140 39 latronis
942 1850 70 39 in
965 1850 70 39 pur¬-

212 1886 147 38 gatorium,
325 1886 79 38 sed
370 1886 68 38 in
403 1886 158 38 Paradisum,
528 1886 102 38 sicut
595 1886 135 38 Christus
697 1886 68 38 ei
731 1886 113 38 dixit,
809 1886 102 38 Hodie
877 1886 102 38 mecum
945 1886 90 38 eris
990 1886 45 38 in

210 1922 160 35 Paradiso.
333 1922 98 35 Unde
394 1922 135 35 Clemens
493 1922 98 35 Rom.
554 1922 160 35 Episcopus
677 1922 98 35 lib.
739 1922 62 35 5
763 1922 172 35 Constitut.
899 1922 111 35 c.16.
960 1922 74 35 ait;

214 1950 134 42 Christus
314 1950 134 42 concessa
414 1950 178 42 illidatroni)
559 1950 100 42 rerum
626 1950 189 42 praeteritarum
782 1950 156 42 oblivione,
904 1950 67 42 in
927 1950 100 42 Paradi¬-

203 1983 86 43 sum
252 1983 86 43 eum
301 1983 185 43 introduxit,
449 1983 74 43 ad
486 1983 148 43 fruendum
597 1983 173 43 mysticorum
733 1983 136 43 bonorum
831 1983 86 43 sua
868 1983 111 43 vitate.

244 2016 134 43 OCTAVUS
341 2016 110 43 locus
415 2016 85 43 est
463 2016 85 43 Act
512 2016 73 43 2.
549 2016 73 43 v.
585 2016 85 43 24.
634 2016 98 43 Quem
695 2016 98 43 Deus
756 2016 171 43 suscitavit
891 2016 134 43 solutis
976 2016 61 43 do¬-

205 2051 120 39 loribus
293 2051 131 39 inferat,
391 2051 98 39 iuxta
457 2051 87 39 quod
511 2051 164 39 impossibile
642 2051 87 39 erat
697 2051 109 39 teneri
774 2051 77 39 eum
817 2051 66 39 ab
850 2051 109 39 illis.
927 2051 87 39 Hinc
970 2051 55 39 it;

208 2084 183 39 argumentatur
357 2084 126 39 Bellar.
448 2084 69 39 Si
483 2084 138 39 Christus
586 2084 80 39 cum
632 2084 149 39 descendit
746 2084 69 39 ad
781 2084 138 39 inferos,
884 2084 115 39 multos
953 2084 80 39 libe¬-

204 2118 104 39 ravit
274 2118 58 39 a
297 2118 162 39 cruciatio,
425 2118 174 39 purgatorii,
564 2118 81 39 tum
610 2118 81 39 est
656 2118 185 39 purgatorium.
807 2118 162 39 Antecedens
923 2118 104 39 probare

206 2153 122 36 conatur
295 2153 67 36 ex
328 2153 78 36 hoc
373 2153 100 36 Petri
439 2153 167 36 testimonio,
573 2153 67 36 in
606 2153 78 36 quo
651 2153 89 36 ait,
706 2153 78 36 non
751 2153 78 36 agi
795 2153 67 36 de
829 2153 122 36 solutis
907 2153 122 36 doloribus

218 2187 128 35 Christi,
314 2187 85 35 quia
367 2187 85 35 illi
421 2187 64 35 in
453 2187 96 35 cruce
517 2187 107 35 finiti
591 2187 96 35 sunt:
655 2187 75 35 nec
698 2187 64 35 de
730 2187 138 35 doloribus
836 2187 160 35 damnatorum,
964 2187 85 35 quid

201 2223 88 43 illi
256 2223 132 43 aeternis
356 2223 121 43 ignibus
444 2223 121 43 addicti
532 2223 99 43 sunt:
598 2223 77 43 nec
643 2223 66 43 de
676 2223 144 43 doloribus
786 2223 144 43 sanctorum
896 2223 110 43 Patrum
974 2223 88 43 qui¬

212 2257 95 33 erant
276 2257 63 33 in
307 2257 106 33 limbo,
381 2257 84 33 illi
434 2257 84 33 enim
487 2257 106 33 nullos
561 2257 158 33 patiebantur
687 2257 127 33 dolores:
782 2257 158 33 relinquitur
909 2257 84 33 ergo
962 2257 63 33 ut
983 2257 42 33 de

207 2287 155 36 doloribus
326 2287 143 36 animarum
433 2287 71 36 in
469 2287 167 36 purgatorio
600 2287 167 36 agaturisto
719 2287 71 36 loco

237 2314 114 48 RESD.
313 2314 114 48 Primo
389 2314 177 48 antecedens
527 2314 76 48 ex
565 2314 177 48 testimonio
704 2314 114 48 Petri
780 2314 88 48 non
830 2314 126 48 potest
906 2314 126 48 probari.

206 2354 84 40 Nam
254 2354 120 40 Petrus
338 2354 144 40 loquitur
446 2354 72 40 de
482 2354 84 40 Deo
530 2354 120 40 Patre,
614 2354 84 40 qui
663 2354 108 40 Jesum
735 2354 168 40 suscitavit
867 2354 60 40 &
891 2354 120 40 solvit
963 2354 60 40 do¬-

207 2389 107 36 lores
278 2389 130 36 inferni
373 2389 83 36 aut
421 2389 130 36 mortis:
515 2389 83 36 non
563 2389 107 36 autem
634 2389 71 36 de
669 2389 130 36 Christo
764 2389 71 36 ad
800 2389 130 36 inferos
883 2389 142 36 descenden¬-

208 2424 83 43 te.
256 2424 143 43 Loquitur
363 2424 83 43 hic
410 2424 119 43 Petrus
493 2424 71 43 de
529 2424 143 43 operibus
636 2424 131 43 Patris,
731 2424 83 43 non
778 2424 71 43 de
814 2424 143 43 operibus
909 2424 119 43 Christi¬-

197 2458 135 44 Secunco,
298 2458 112 44 falsum
376 2458 90 44 est,
433 2458 124 44 dolores
523 2458 101 44 illos
590 2458 124 44 inferni
680 2458 79 44 aut
725 2458 112 44 potius
803 2458 112 44 mortis
882 2458 67 44 ut
916 2458 135 44 pleraque

201 2492 164 38 exemplaria
330 2492 129 38 legunt,
423 2492 82 38 non
470 2492 93 38 esse
529 2492 199 38 intelligendos
692 2492 70 38 de
727 2492 152 38 doloribus
844 2492 164 38 lethalibus
961 2492 70 38 quos

205 2525 145 37 Ch:istus
314 2525 133 37 mortuus
411 2525 170 37 superavit:
544 2525 85 37 nam
593 2525 109 37 ratio
665 2525 133 37 adjecta
762 2525 170 37 falsitatem
884 2525 145 37 Bellarmini

205 2557 140 41 evincit:
310 2557 116 41 illico
391 2557 93 41 enim
450 2557 140 41 additur;
554 2557 105 41 καθοη
624 2557 70 41 κκ
659 2557 70 41 μν
694 2557 128 41 δμνατὸν
787 2557 81 41 κας
833 2557 105 41 ιειδγ
903 2557 81 41 αυτ
950 2557 70 41 &π
973 2557 58 41 αυο

207 2592 63 38 id
238 2592 84 38 est,
290 2592 63 38 eo
322 2592 84 38 quot
374 2592 94 38 fieri
437 2592 73 38 non
478 2592 115 38 poterat
562 2592 63 38 ut
593 2592 84 38 ipse
646 2592 63 38 ab
677 2592 63 38 eo
708 2592 146 38 (videlicet
823 2592 125 38 inferno,
917 2592 73 38 vel
959 2592 63 38 ab
980 2592 42 38 ea

204 2626 112 35 videl,
282 2626 112 35 morte)
361 2626 180 35 retineretur.
507 2626 90 35 Quis
563 2626 79 35 est
608 2626 90 35 ille
664 2626 79 35 qui
709 2626 79 35 non
754 2626 124 35 poterat
844 2626 135 35 retineri
945 2626 67 35 ab
968 2626 56 35 in¬-

197 2658 109 42 ferno
270 2658 85 42 seu
318 2658 61 42 a
342 2658 121 42 morte?
427 2658 73 42 An
464 2658 85 42 non
512 2658 158 42 Christus?
634 2658 109 42 Certe
706 2658 97 42 ipse
767 2658 109 42 solus
840 2658 85 42 est
888 2658 85 42 qui
925 2658 109 42 mortuus

195 2693 160 37 infernum
315 2693 67 37 &
341 2693 133 37 mortem
435 2693 133 37 vicit,
528 2693 93 37 dum
582 2693 107 37 Deus
648 2693 120 37 Pater
728 2693 93 37 eum
782 2693 187 37 suscitavit
929 2693 80 37 ex
955 2693 67 37 mor

210 2727 105 39 tuis,
280 2727 81 39 dum
327 2727 93 39 Deus
385 2727 105 39 Pater
455 2727 116 39 solvit
536 2727 128 39 dolores
629 2727 128 39 inferni
722 2727 81 39 aut
769 2727 116 39 mortis
850 2727 58 39 a
874 2727 81 39 qua
909 2727 116 39 Christus

200 2758 174 47 tenebatur,
337 2758 87 47 sed
386 2758 87 47 non
436 2758 137 47 poterat
536 2758 162 47 retineri.
660 2758 174 47 Augustinus
797 2758 125 47 quidem
885 2758 100 47 lib.
947 2758 87 47 12.
984 2758 50 47 De

200 2795 126 39 Genesi,
291 2795 92 39 cap.
349 2795 80 39 33.
395 2795 80 39 ait
441 2795 161 39 sententiam
567 2795 103 39 Petri
636 2795 92 39 esse
694 2795 92 39 quod
751 2795 138 39 Christus
855 2795 138 39 solverit
947 2795 80 39 dolo¬-

201 2830 83 40 res
248 2830 153 40 quorundam
366 2830 94 40 apud
425 2830 142 40 inferos:
532 2830 83 40 sed
579 2830 153 40 contextus
697 2830 106 40 Petri
767 2830 106 40 istam
838 2830 212 40 interpretatio¬

202 2866 87 30 nem
251 2866 87 30 non
301 2866 161 30 admittit.
425 2866 136 30 Caetera
524 2866 124 30 igitur
610 2866 149 30 Bellarm,
722 2866 99 30 vana
784 2866 99 30 sunt
833 2866 87 30 omnia

240 2893 106 45 NONUS
311 2893 106 45 locus
381 2893 82 45 est
428 2893 129 45 Philip.
522 2893 71 45 2.
558 2893 71 45 v.
593 2893 82 45 10.
640 2893 71 45 Ut
675 2893 71 45 in
711 2893 118 45 nomine
793 2893 94 45 Iesu
852 2893 94 45 omne
910 2893 94 45 genu
957 2893 71 45 fle¬-

202 2920 117 53 ctatur
284 2920 176 53 caelestium,
425 2920 188 53 terrestrium,
577 2920 59 53 &
601 2920 176 53 infernorum.
742 2920 70 53 Ad
777 2920 82 53 dit
824 2920 188 53 Bellarminus,
964 2920 59 53 Au¬-

204 2963 143 41 gustinum
311 2963 83 41 uti
359 2963 83 41 hoc
406 2963 95 41 loco
466 2963 95 41 lib.
525 2963 83 41 12.
573 2963 71 41 de
609 2963 119 41 Genesi
692 2963 95 41 cap.
751 2963 83 41 33.
799 2963 143 41 quanquam
906 2963 83 41 per
942 2963 83 41 illuc

207 3001 176 37 insernorum
345 3001 88 37 non
396 3001 226 37 improbabiliter
584 3001 188 37 accipiantur
722 3001 138 37 daemones.

240 3029 119 42 RESP.
319 3029 133 42 Primo,
412 3029 133 42 utitur
505 3029 133 42 quidem
598 3029 186 42 Augustinus
744 3029 93 42 hoc
797 3029 119 42 loco,
877 3029 93 42 sed
930 3029 93 42 non
970 3029 53 42 ac

209 3061 175 38 probandum
343 3061 216 38 purgatorium,
519 3061 81 38 de
559 3061 94 38 quo
613 3061 81 38 ne
654 3061 94 38 gry
708 3061 135 38 quidem
802 3061 162 38 allegato
910 3061 108 38 capite

211 3093 87 44 Si,
260 3093 99 44 cine
322 3093 124 44 Patrum
409 3093 173 44 autoritate
545 3093 173 44 abutendum?
681 3093 124 44 Deinde
767 3093 186 44 Bellarminus
916 3093 99 44 ipse
965 3093 62 44 fa¬-

196 3129 127 41 retur,
285 3129 127 41 nomine
374 3129 177 41 infernorum
513 3129 89 41 non
563 3129 228 41 improbabiliter
753 3129 127 41 accipi
842 3129 165 41 daemones:
956 3129 63 41 non

204 3165 111 37 pergo
278 3165 123 37 animas
364 3165 135 37 humanas
462 3165 74 37 in
499 3165 185 37 purgatorio¬

243 3194 128 40 DECIMUS
336 3194 105 40 locus
406 3194 81 40 est
453 3194 105 40 Apoc.
522 3194 70 40 5.
557 3194 70 40 v.
592 3194 70 40 2,
627 3194 70 40 2.
662 3194 93 40 Quis
720 3194 116 40 dignus
801 3194 81 40 est
848 3194 128 40 aperire
929 3194 93 40 librum

202 3230 55 48 &
224 3230 120 48 solvere
311 3230 109 48 septem
387 3230 142 48 signacula
497 3230 98 48 eius?
562 3230 55 48 &
584 3230 87 48 nemo
638 3230 131 48 inventus
736 3230 76 48 est
780 3230 98 48 neque
846 3230 65 48 in
878 3230 109 48 caelo,
944 3230 76 48 neque

204 170 208 41 SSX:LETANUS
371 170 194 41 Cardinalis
523 170 83 41 in
565 170 97 41 hoc
621 170 139 41 caput:
718 170 83 41 In
759 170 97 41 hoc
815 170 111 41 quod
870 170 167 41 merguntar:

1059 201 150 53 gatorio:
1171 201 100 53 ergo
1233 201 87 53 est
1270 201 175 53 purgatorium.

1087 235 117 40 RESP.
1165 235 130 40 Falsum
1256 235 182 40 consequens
1399 235 78 40 ex
1438 235 117 40 falsa
1515 235 247 40 interpretatione
1723 235 104 40 loci
1775 235 117 40 allega¬-

1055 269 79 45 ti:
1100 269 68 45 ut
1134 269 170 45 Bellarminus
1270 269 91 45 ipse
1327 269 136 45 faretur,
1429 269 79 45 qui
1474 269 102 45 addit
1542 269 91 45 haec
1598 269 113 45 verba:
1678 269 125 45 Utuntur
1768 269 113 45 nostri
1836 269 57 45 hoc

1056 304 106 51 loco,
1127 304 82 51 sed
1174 304 106 51 tamen
1245 304 82 51 non
1292 304 129 51 videtur
1386 304 118 51 multum
1468 304 129 51 urgere:
1562 304 82 51 nam
1609 304 153 51 probabile
1727 304 82 51 est
1763 304 129 51 intelligi

1060 337 79 49 per
1105 337 90 49 eos,
1161 337 79 49 qui
1206 337 90 49 sunt
1262 337 101 49 infra
1329 337 123 49 terram,
1419 337 112 49 Patres
1497 337 79 49 qui
1542 337 101 49 erant
1609 337 67 49 in
1643 337 112 49 limbo.
1722 337 101 49 Recte
1789 337 135 49 fatetur,

1052 374 102 48 hunc
1116 374 115 48 locum
1192 374 89 48 non
1243 374 127 48 videri
1332 374 127 48 multum
1421 374 140 48 urgere,
1523 374 64 48 &
1548 374 153 48 profecto
1663 374 115 48 nihil
1739 374 127 48 urget,
1816 374 76 48 quia

1059 412 111 34 nihil
1133 412 99 34 illi
1194 412 136 34 commune
1293 412 86 34 cum
1342 412 148 34 fictitio
1453 412 185 34 purgatorio.
1601 412 86 34 Sed
1651 412 148 34 perperam
1762 412 86 34 per
1799 412 86 34 crea¬-

1058 444 104 41 turas
1128 444 104 41 infra
1197 444 115 41 terram
1277 444 161 41 intelligit
1404 444 115 41 Patres
1484 444 69 41 in
1519 444 115 41 limbo:
1599 444 92 41 quia
1657 444 58 41 &
1680 444 115 41 limbus
1760 444 92 41 ille
1806 444 81 41 ficti

1051 510 146 44 pturae
1153 510 248 44 consuetudinem
1358 510 73 44 &
1387 510 219 44 partitionem
1562 510 146 44 omnium
1664 510 131 44 rerum
1737 510 160 44 creatarum

1078 541 122 45 qualis
1163 541 86 45 est
1212 541 110 45 Exod.
1286 541 86 45 20.
1335 541 61 45 &
1359 541 159 45 Deuteron.
1482 541 73 45 4.
1518 541 208 45 intelligendum
1690 541 98 45 est,
1751 541 135 45 nusquam
1837 541 61 45 in¬-

1072 580 112 50 entam
1146 580 112 50 ullam
1221 580 175 50 creaturam,
1358 580 100 50 quae
1421 580 125 50 librum
1508 580 137 50 aperire
1595 580 100 50 posset

1080 621 181 50 Vindicata
1219 621 111 50 sunt
1289 621 195 50 testimonia
1442 621 139 50 Sacrae
1540 621 209 50 Scripturae,
1707 621 139 50 quibus
1790 621 84 50 Bel¬-

1134 671 186 44 larminus
1274 671 186 44 abutitur
1414 671 93 44 ad
1460 671 202 44 probandum
1600 671 217 44 purgatorium:

1266 708 195 57 sequuntur
1416 708 180 57 rationes
1537 708 150 57 eiusdem.

1088 764 103 45 PRIM
1153 764 142 45 Aratio:
1256 764 142 45 Quaedam
1359 764 142 45 peccata
1463 764 103 45 sunt
1527 764 168 45 venialia,
1657 764 142 45 solaque
1760 764 116 45 poena
1824 764 78 45 tem¬-

1061 805 111 39 porali
1139 805 111 39 digna;
1217 805 67 39 At
1250 805 100 39 fieri
1317 805 111 39 potest
1395 805 67 39 ut
1428 805 78 39 cum
1473 805 100 39 solis
1540 805 122 39 talibus
1629 805 89 39 homo
1684 805 122 39 decedat
1774 805 67 39 ex
1807 805 78 39 hac
1840 805 56 39 vi¬-

1060 843 89 42 ta;:
1115 843 89 42 Ergo
1171 843 78 42 qui
1215 843 67 42 in
1249 843 78 42 eis
1293 843 133 42 decedunt
1393 843 67 42 ex
1426 843 78 42 hac
1471 843 100 42 vita,
1538 843 122 42 veniunt
1626 843 67 42 in
1660 843 167 42 purgatorium
1793 843 67 42 ut
1826 843 89 42 pos¬

1074 870 92 45 sint
1132 870 139 45 purgari:
1236 870 162 45 Antecedens
1363 870 127 45 probare
1456 870 127 45 conatur
1548 870 69 45 ex
1583 870 116 45 Jacob.
1664 870 69 45 1.
1699 870 69 45 v.
1733 870 81 45 14,
1779 870 81 45 15.
1814 870 81 45 Unus¬-

1071 908 129 45 quisque
1165 908 141 45 tentatur
1271 908 59 45 a
1294 908 211 45 concupiscentia
1471 908 94 45 sua,
1529 908 223 45 concupiscentia,
1717 908 82 45 cum
1752 908 153 45 conceperit.

1069 946 116 33 parit
1146 946 167 33 peccatum,
1275 946 154 33 peccatum
1390 946 90 33 cum
1442 946 193 33 consummatum
1596 946 141 33 fuerit,
1699 946 141 33 generat
1788 946 116 33 mortem.

1063 975 91 40 Hic
1115 975 104 40 enim
1180 975 117 40 ajunt
1259 975 170 40 distingui
1389 975 157 40 peccatum
1507 975 144 40 veniale
1611 975 65 40 a
1637 975 144 40 mortali
1741 975 65 40 &
1754 975 144 40 explicari

1067 1010 163 46 processum
1193 1010 138 46 peccati
1293 1010 150 46 secundum
1393 1010 63 46 se¬-

1106 1027 115 52 RESP.
1183 1027 115 52 Primo
1260 1027 153 52 rationis
1375 1027 128 52 istius
1464 1027 179 52 propositio
1605 1027 115 52 major
1682 1027 141 52 laborat
1771 1027 128 52 fallacia

1071 1069 152 47 secundum
1185 1069 114 47 plura
1261 1069 202 47 interrogata:
1425 1069 202 47 conjunguntur
1589 1069 101 47 enim
1652 1069 126 47 quorum
1741 1069 139 47 diversa
1829 1069 76 47 est.

1064 1113 123 35 ratio.
1150 1113 135 35 Primum,
1248 1113 135 35 quaedam
1346 1113 135 35 peccata
1444 1113 98 35 esse
1505 1113 159 35 venialia,
1628 1113 86 35 est
1677 1113 159 35 ambiguum:
1800 1113 86 35 nam
1837 1113 61 35 ve¬-

1071 1147 122 35 nialia
1156 1147 146 35 dicuntur
1265 1147 85 35 aut
1314 1147 85 35 per
1363 1147 85 35 se,
1411 1147 85 35 aut
1460 1147 85 35 per
1509 1147 158 35 accidens.
1630 1147 122 35 Nullum
1716 1147 146 35 peccatum
1813 1147 85 35 perse

1070 1180 128 36 veniale
1163 1180 93 36 est,
1221 1180 81 36 sed
1268 1180 139 36 mortalia
1372 1180 116 36 omnia,
1454 1180 105 36 fiunt
1524 1180 105 36 autem
1593 1180 139 36 venialia
1698 1180 81 36 per
1744 1180 151 36 accidens,
1861 1180 70 36 id

1075 1214 101 39 est,
1139 1214 89 39 per
1189 1214 139 39 gratiam
1291 1214 63 39 &
1316 1214 215 39 misericordiam
1493 1214 101 39 Dei,
1556 1214 152 39 peccatum
1670 1214 165 39 delentis,
1797 1214 63 39 &
1809 1214 89 39 homi¬-

1070 1243 89 48 nem
1121 1243 190 48 actionemque
1273 1243 127 48 illius
1362 1243 190 48 acceptantis
1514 1243 76 48 in
1552 1243 140 48 Christo
1654 1243 114 48 Jesu.
1730 1243 114 48 Omnia
1794 1243 102 48 pecca¬-

1072 1281 74 41 ta
1109 1281 99 41 sunt
1171 1281 136 41 electis
1270 1281 149 41 venialia
1381 1281 87 41 per
1431 1281 149 41 gratiam:
1542 1281 111 41 omnia
1616 1281 99 41 sunt
1678 1281 149 41 reprobis
1777 1281 124 41 mortalia

1081 1313 85 39 per
1130 1313 73 39 se
1166 1313 61 39 &
1190 1313 85 39 per
1239 1313 158 39 justitiam
1361 1313 85 39 Dei
1410 1313 134 39 homines
1507 1313 183 39 actionesque
1653 1313 134 39 ipsorum
1751 1313 85 39 per
1800 1313 73 39 se
1824 1313 73 39 con¬-

1081 1346 163 40 siderantis
1210 1346 70 40 in
1245 1346 117 40 ipsis.
1326 1346 152 40 Secundum,
1443 1346 128 40 quaedam
1536 1346 128 40 peccata
1630 1346 105 40 solam
1700 1346 152 40 temporali
1805 1346 93 40 poena.

1076 1377 114 42 digna
1153 1377 114 42 esse,
1229 1377 127 42 falsum
1318 1377 102 42 est:
1382 1377 114 42 omnia
1458 1377 102 42 enim
1521 1377 127 42 mortem
1610 1377 153 42 aeternam
1725 1377 165 42 merentur,
1839 1377 64 42 Ro¬-

1082 1417 88 33 man.
1137 1417 66 33 6.
1170 1417 66 33 v.
1203 1417 77 33 23.
1247 1417 110 33 Deinde
1323 1417 88 33 quod
1378 1417 66 33 in
1411 1417 110 33 minore
1488 1417 132 33 dicitur,
1587 1417 99 33 fieri
1653 1417 99 33 posse
1718 1417 66 33 ut
1751 1417 77 33 cum
1795 1417 99 33 solis
1850 1417 55 33 ve¬-

1064 1450 142 34 nialibus
1171 1450 142 34 peccatis
1277 1450 95 34 homo
1336 1450 130 34 decedat
1431 1450 71 34 ex
1466 1450 83 34 hac
1514 1450 106 34 vita,
1585 1450 118 34 falsum
1667 1450 95 34 est:
1727 1450 83 34 nam
1774 1450 118 34 electi
1845 1450 59 34 per

1072 1484 156 35 Christum
1189 1484 195 35 justificati
1345 1484 91 35 cum
1397 1484 182 35 moriuntur,
1540 1484 91 35 cum
1592 1484 182 35 peccatorum
1735 1484 117 35 plena
1800 1484 104 35 remis¬-

1077 1514 113 40 sione
1153 1514 151 40 decedunt
1266 1514 75 40 ex
1304 1514 88 40 hac
1354 1514 113 40 vita;
1429 1514 163 40 credentes
1555 1514 101 40 enim
1618 1514 189 40 remissionem
1756 1514 151 40 peccatorum

1079 1552 138 34 omnium
1176 1552 152 34 propter
1287 1552 166 34 Christum
1411 1552 97 34 qui
1467 1552 125 34 omnia
1550 1552 138 34 omnium
1647 1552 194 34 credentium
1785 1552 125 34 peccata

1070 1587 211 40 perfectissime
1243 1587 161 40 expiavit.
1367 1587 74 40 in
1405 1587 124 40 Domino
1492 1587 161 40 moriuntur
1616 1587 62 40 &
1640 1587 112 40 beati
1715 1587 112 40 sunt:
1777 1587 124 40 reprobis

1071 1618 111 39 autem
1144 1618 86 39 cum
1194 1618 148 39 peccatis
1304 1618 184 39 mortalibus,
1452 1618 74 39 id
1489 1618 98 39 est,
1550 1618 74 39 in
1587 1618 123 39 mortem
1673 1618 148 39 aeternam
1784 1618 86 39 eos
1821 1618 86 39 prae¬-

1082 1649 181 49 cipitantibus
1229 1649 68 49 ex
1263 1649 79 49 hac
1309 1649 91 49 vita
1365 1649 147 49 excedunt.

1105 1682 145 46 Secundo
1211 1682 119 46 locus
1290 1682 132 46 Jacobi
1382 1682 93 46 non
1435 1682 119 46 facit
1515 1682 79 46 ad
1554 1682 172 46 probandam
1686 1682 159 46 majorem:
1805 1682 93 46 nam
1845 1682 66 46 nec

1090 1718 169 33 peccatorum
1223 1718 206 33 distinctionem
1393 1718 121 33 facit,
1477 1718 85 33 nec
1526 1718 157 33 processum
1647 1718 133 33 peccati
1744 1718 145 33 cujusvis
1840 1718 61 33 se¬-

1081 1750 116 42 cundum
1163 1750 70 42 se
1197 1750 151 42 explicat;
1313 1750 81 42 sed
1359 1750 93 42 agit
1417 1750 151 42 speciatim
1533 1750 70 42 de
1568 1750 127 42 peccato
1661 1750 185 42 tentationis,
1811 1750 70 42 id
1834 1750 70 42 est,

1070 1787 196 35 seductionis
1227 1787 78 35 ad
1266 1787 104 35 male
1331 1787 157 35 agendum,
1448 1787 117 35 quale
1527 1787 157 35 nascitur
1644 1787 91 35 per
1696 1787 209 35 impatientiam
1853 1787 52 35 ex

1083 1817 165 36 cupiditate
1213 1817 82 36 vel
1260 1817 153 36 vindictae
1377 1817 82 36 vel
1425 1817 82 36 rei
1472 1817 141 36 alterius
1577 1817 129 36 praeter
1672 1817 59 36 &
1695 1817 118 36 contra
1766 1817 141 36 voluntatem

1081 1853 96 39 Dei;
1141 1853 96 39 quod
1201 1853 144 39 peccatum
1309 1853 132 39 homines
1405 1853 180 39 ἀυταρεσκοι,
1548 1853 156 39 sibiipsis
1668 1853 156 39 placentes
1776 1853 132 39 rejiciunt

1087 1887 62 38 n
1111 1887 99 38 Deum
1173 1887 87 38 sua
1223 1887 173 38 impietate.
1359 1887 124 38 Illius
1446 1887 111 38 autem
1520 1887 136 38 peccati
1619 1887 161 38 describit
1743 1887 136 38 Jacobus
1830 1887 74 38 ini¬-

1085 1920 101 38 ium,
1148 1920 176 38 progressum
1287 1920 63 38 &
1312 1920 138 38 exitum:
1412 1920 126 38 docens
1501 1920 113 38 illud
1576 1920 113 38 oriri
1651 1920 88 38 non
1702 1920 63 38 a
1727 1920 101 38 Deo,
1790 1920 88 38 sed
1828 1920 75 38 pro¬-

1087 1952 98 42 pria
1148 1952 172 42 cupiditate
1283 1952 98 42 mala
1345 1952 61 42 &
1369 1952 147 42 corrupta
1480 1952 61 42 a
1504 1952 86 42 qua
1553 1952 98 42 homo
1615 1952 184 42 abstrahitur
1762 1952 61 42 &
1774 1952 123 42 inescatu

1079 1983 78 51 ad
1118 1983 157 51 peccatum
1236 1983 144 51 actuale
1340 1983 104 51 quod
1405 1983 157 51 peractum
1523 1983 130 51 gignit
1614 1983 144 51 mortem.
1718 1983 157 51 Loquitur
1823 1983 78 51 erge

1094 2020 137 38 acobus
1190 2020 82 38 de
1232 2020 96 38 uno
1286 2020 165 38 eodemque
1410 2020 151 38 peccato
1520 2020 165 38 secundum
1643 2020 110 38 ejus
1712 2020 165 38 initium,
1822 2020 82 38 pro¬-

1085 2061 144 35 gressum
1190 2061 66 35 &
1216 2061 144 35 exitum,
1321 2061 118 35 idque
1400 2061 118 35 sumta
1478 2061 170 35 metaphora
1609 2061 66 35 a
1636 2061 210 35 generatione;
1806 2061 92 35 non
1845 2061 66 35 au¬-

1070 2092 86 47 tem
1119 2092 74 47 de
1156 2092 123 47 variis
1242 2092 160 47 generibus
1365 2092 184 47 peccatorum,
1512 2092 123 47 quorum
1599 2092 98 47 alia
1660 2092 98 47 sint
1722 2092 160 47 venialia,
1832 2092 74 47 alia

1056 2120 147 40 mortalia.

1098 2148 127 48 Instat:
1191 2148 69 48 1.
1225 2148 138 48 Corinth.
1329 2148 69 48 3.
1364 2148 150 48 versicul.
1479 2148 81 48 12.
1525 2148 58 48 &
1548 2148 184 48 sequentibus:
1698 2148 81 48 Qui
1733 2148 161 48 superaedisi.

1075 2187 82 39 cat
1122 2187 118 39 ligna,
1205 2187 129 39 foenum,
1299 2187 153 39 stipulas,
1416 2187 118 39 salvus
1498 2187 94 39 erit
1557 2187 106 39 quasi
1628 2187 82 39 per
1675 2187 118 39 ignem.
1757 2187 94 39 Hic,
1804 2187 94 39 aiunt,

1081 2221 134 37 describi
1181 2221 123 37 peccata
1270 2221 134 37 venialia
1371 2221 67 37 ex
1404 2221 134 37 levitate
1505 2221 145 37 materiae,
1616 2221 89 37 quia
1672 2221 78 37 qui
1716 2221 123 37 peccata
1806 2221 89 37 illa
1850 2221 56 37 ha¬-

1081 2254 91 39 bet,
1138 2254 91 39 quae
1195 2254 80 39 per
1240 2254 114 39 ligna,
1320 2254 126 39 foenum,
1412 2254 137 39 stipulas
1515 2254 206 39 intelliguntur,
1686 2254 137 39 salvatur
1789 2254 103 39 quasi
1846 2254 57 39 per

1073 2290 127 40 ignem:
1162 2290 114 40 idque
1238 2290 127 40 docere
1327 2290 178 40 Augustinum
1467 2290 114 40 libro
1543 2290 228 40 octogintatrium
1720 2290 178 40 quaestionum,

1076 2321 109 50 quast.
1142 2321 55 50 26.

1103 2346 114 53 RESP.
1179 2346 114 53 Primo
1255 2346 139 53 negatur
1356 2346 215 53 interpretatio
1532 2346 114 53 ista,
1608 2346 101 53 quia
1671 2346 88 53 per
1722 2346 126 53 ligna,
1797 2346 114 53 foenum,

1077 2387 144 37 stipulas
1185 2387 205 37 intelliguntur
1354 2387 132 37 homines
1450 2387 84 37 qui
1498 2387 72 37 in
1534 2387 96 37 igne
1594 2387 205 37 persecutionis
1763 2387 72 37 ob
1787 2387 108 37 Evange¬-

1083 2422 90 44 ium
1135 2422 141 44 Christi
1237 2422 90 44 non
1289 2422 128 44 manent
1378 2422 193 44 constantes,
1533 2422 90 44 non
1584 2422 193 44 perseverant
1738 2422 77 44 ad
1776 2422 116 44 finem
1841 2422 51 44 us

1080 2457 88 44 que
1131 2457 75 44 ut
1168 2457 113 44 salvi
1244 2457 126 44 fiant:
1332 2457 101 44 quod
1395 2457 113 44 tamen
1470 2457 176 44 doctoribus
1608 2457 138 44 illorum
1709 2457 176 44 nocumentum
1834 2457 63 44 sa¬

1070 2532 77 40 ad
1109 2532 128 40 finem,
1199 2532 64 40 &
1224 2532 90 40 per
1276 2532 116 40 ignem
1353 2532 154 40 multatum
1468 2532 218 40 tribulationum
1648 2532 206 40 ingredientes
1815 2532 77 40 in
1841 2532 64 40 re¬-

1077 2563 102 42 gnum
1141 2563 165 42 caelorum.
1268 2563 140 42 Secundo
1370 2563 140 42 peccata
1472 2563 89 42 non
1522 2563 153 42 dicuntur
1637 2563 153 42 venialia
1751 2563 76 42 ex
1777 2563 127 42 materiae

1079 2593 142 40 evitate,
1186 2593 83 40 sed
1233 2593 83 40 per
1280 2593 154 40 accidens,
1398 2593 95 40 quia
1458 2593 154 40 accedente
1576 2593 118 40 gratia
1659 2593 83 40 Dei
1706 2593 177 40 remittuntur
1836 2593 71 40 ele¬-

1073 2625 103 46 ctis
1138 2625 78 46 ad
1177 2625 116 46 vitam
1254 2625 168 46 aeternam.
1384 2625 129 46 Tertio
1474 2625 116 46 liber
1552 2625 233 46 octogintatrium
1733 2625 168 46 quaestionum

1068 2667 85 39 non
1116 2667 85 39 est
1165 2667 170 39 Augustini:
1299 2667 61 39 &
1323 2667 97 39 sive
1384 2667 85 39 sit
1432 2667 109 39 ejus,
1505 2667 97 39 sive
1566 2667 158 39 alterius,
1687 2667 134 39 attamen
1785 2667 73 39 ab
1809 2667 85 39 Augu¬-

1080 2697 107 33 tino
1146 2697 200 33 approbatus,
1306 2697 93 33 non
1360 2697 120 33 juvat
1440 2697 187 33 Papistarum
1586 2697 147 33 causam,
1693 2697 107 33 quia
1759 2697 93 33 hoc
1799 2697 107 33 tantum

1079 2728 126 53 docet,
1168 2728 113 53 omnia
1243 2728 139 53 peccata
1344 2728 101 53 piis
1407 2728 63 53 &
1432 2728 113 53 recte
1508 2728 227 53 cognoscentibus
1697 2728 101 53 Deum
1760 2728 101 53 esse
1810 2728 101 53 venia¬-

1082 2761 80 49 ia,
1127 2761 138 49 reprobis
1219 2761 115 49 mortalia

1099 2784 150 47 SECUNDA
1209 2784 137 47 ratio:
1304 2784 96 47 Cum
1359 2784 246 47 reconciliantur
1564 2784 96 47 Deo
1619 2784 205 47 peccateres,
1783 2784 96 47 non
1824 2784 68 47 di¬-

1071 2822 131 47 mittitur
1169 2822 109 47 semper
1246 2822 77 47 cum
1290 2822 120 47 peccato
1377 2822 87 47 tota
1432 2822 98 47 poena
1497 2822 164 47 temporalis:
1629 2822 66 47 at
1661 2822 109 47 potest
1738 2822 98 47 fieri
1804 2822 55 47 &
1815 2822 87 47 saepe¬-

1065 2864 75 38 sit
1108 2864 64 38 ut
1140 2864 64 38 in
1172 2864 85 38 tota
1225 2864 85 38 vita
1278 2864 117 38 aliquis
1364 2864 75 38 non
1406 2864 96 38 satis
1470 2864 117 38 fecerit
1555 2864 96 38 plene
1619 2864 75 38 pro
1662 2864 138 38 temporali
1768 2864 85 38 illa
1811 2864 85 38 poenat

1075 2899 91 38 Ergo
1132 2899 148 38 necessar:
1246 2899 57 38 o
1269 2899 114 38 statui
1349 2899 103 38 debet
1417 2899 183 38 purgatorium.
1565 2899 114 38 Majore
1645 2899 80 38 sic
1691 2899 137 38 probant:
1794 2899 68 38 2.
1817 2899 68 38 Reg.

1071 2936 86 33 12.
1120 2936 98 33 quum
1181 2936 111 33 David
1255 2936 160 33 dixisset:
1378 2936 135 33 Peccavi
1476 2936 135 33 Domino,
1575 2936 86 33 ait
1624 2936 160 33 Propheta;
1747 2936 98 33 Deus
1796 2936 98 33 quoque

1066 2958 158 44 transtulit
1190 2958 57 44 a
1213 2958 68 44 te
1247 2958 181 44 iniquitatem,
1394 2958 79 44 sed
1439 2958 91 44 quia
1496 2958 170 44 blasphemare
1632 2958 125 44 fecisti
1722 2958 136 44 inimicos
1813 2958 79 44 nomen

1065 2997 132 42 Domini,
1161 2997 120 42 filius
1245 2997 84 42 qui
1292 2997 108 42 natus
1364 2997 84 42 est
1412 2997 108 42 tibi,
1484 2997 108 42 morte
1556 2997 156 42 morietur.
1676 2997 96 42 Num.
1735 2997 84 42 12.
1783 2997 96 42 Quum
1831 2997 60 42 Ma¬-

1065 3025 85 45 ria
1113 3025 182 45 murmurasset
1259 3025 121 45 contra
1343 3025 145 45 Dominum,
1452 3025 121 45 punita
1537 3025 85 45 est
1585 3025 109 45 morbo
1658 3025 133 45 leprae:
1755 3025 121 45 orante
1827 3025 73 45 aute

1072 3059 83 40 pro
1119 3059 71 40 ea
1155 3059 106 40 Mose,
1226 3059 130 40 dimissa
1320 3059 83 40 est
1367 3059 71 40 ei
1403 3059 118 40 culpa,
1485 3059 59 40 &
1509 3059 106 40 tamen
1579 3059 118 40 poenam
1662 3059 118 40 uoluit
1745 3059 94 40 Deus
1804 3059 71 40 ut
1827 3059 71 40 illa

1065 3095 118 43 lueret
1148 3095 83 43 pet
1195 3095 95 43 unam
1254 3095 177 43 hebdomadam.
1396 3095 95 43 Item
1455 3095 95 43 mors
1515 3095 83 43 est
1562 3095 106 43 poena
1633 3095 130 43 peccati
1727 3095 166 43 originalis
1846 3095 47 43 o¬

1053 3130 120 41 mnibus.

1107 3156 118 55 RESP.
1186 3156 210 55 Argumentatio
1356 3156 184 55 Bellarmini
1501 3156 92 55 est
1553 3156 158 55 distorta
1672 3156 66 55 &
1698 3156 131 55 aliena
1790 3156 66 55 a
1803 3156 92 55 prae¬-

1102 3199 91 40 ptis
1159 3199 114 40 rectae
1239 3199 229 40 argumentationis:
1433 3199 103 40 forte
1501 3199 80 40 sic
1547 3199 126 40 formari
1627 3199 103 40 potest:

1097 3214 191 65 Reconciliati
1252 3214 96 65 Deo,
1312 3214 84 65 non
1360 3214 96 65 sunt
1420 3214 120 65 semper
1503 3214 131 65 immunes
1599 3214 72 65 ab
1635 3214 96 65 omni
1695 3214 108 65 poena
1755 3214 131 65 teporalia
