2063 3336
1081 903 79 39 que
1126 903 90 39 fide
1182 903 136 39 quisquam
1284 903 79 39 Deo
1329 903 79 39 sit
1375 903 124 39 gratus:
1465 903 79 39 Nam
1510 903 79 39 qui
1556 903 124 39 accedit
1646 903 68 39 ad
1680 903 102 39 Deum,
1748 903 90 39 hunc
1793 903 68 39 cre¬-

1067 941 88 41 dere
1122 941 132 41 oportet,
1221 941 88 41 esse
1276 941 99 41 Deum,
1341 941 55 41 &
1363 941 121 41 praemia
1451 941 121 41 largiri
1539 941 77 41 iis
1583 941 77 41 qui
1627 941 99 41 ipsum
1692 941 154 41 requirunt.
1802 941 66 41 Sic¬-

1068 972 95 43 vera
1128 972 107 43 fides
1199 972 83 43 est
1247 972 107 43 modus
1318 972 83 43 seu
1366 972 119 43 medium
1450 972 83 43 per
1497 972 95 43 quod
1557 972 155 43 efficitur
1676 972 107 43 bonum
1748 972 107 43 opus.
1807 972 60 43 Er¬-

1072 1005 71 45 go
1108 1005 82 45 ubi
1155 1005 106 45 fides
1225 1005 82 45 non
1272 1005 94 45 est,
1331 1005 106 45 bonum
1401 1005 94 45 opus
1460 1005 82 45 non
1495 1005 71 45 est.

1107 1038 138 44 Secundo,
1211 1038 69 44 ut
1246 1038 104 44 bonum
1315 1038 92 44 opus
1373 1038 150 44 referatur
1488 1038 196 44 principaliter
1649 1038 69 44 ad
1684 1038 127 44 gloriam
1764 1038 104 44 solius.

1080 1069 79 46 Dei,
1130 1069 59 46 1.
1159 1069 79 46 Cor.
1209 1069 69 46 10,
1249 1069 69 46 31.
1288 1069 79 46 Sive
1338 1069 99 46 igitur
1407 1069 109 46 editis,
1486 1069 79 46 sive
1536 1069 119 46 bibitis,
1625 1069 79 46 sive
1675 1069 79 46 quid
1724 1069 119 46 facitis,
1804 1069 69 46 omnia

1091 1112 130 34 dgloriam
1189 1112 76 34 Dei
1232 1112 119 34 facite.
1319 1112 108 34 Matth.
1394 1112 65 34 5.
1427 1112 97 34 v.16.
1492 1112 76 34 Ita
1535 1112 141 34 splendeat
1644 1112 76 34 lux
1687 1112 108 34 vestra
1763 1112 97 34 coram
1817 1112 54 34 ho¬-

1080 1148 133 38 minibus,
1180 1148 67 38 ut
1213 1148 122 38 videant
1302 1148 111 38 vestra
1380 1148 89 38 bona
1436 1148 111 38 opera,
1513 1148 200 38 glorificentque
1680 1148 111 38 Patrem
1758 1148 100 38 illum
1813 1148 56 38 ve¬-

1089 1173 94 46 strum,
1154 1173 66 46 qui
1192 1173 66 46 est
1229 1173 56 46 in
1258 1173 103 46 caelis.
1333 1173 103 46 Philip.
1408 1173 56 46 1.
1436 1173 66 46 11.
1474 1173 103 46 Repleti
1549 1173 122 46 fructibus
1643 1173 131 46 iustitiae,
1746 1173 66 46 qui
1783 1173 75 46 sunt
1821 1173 47 46 per

1078 1208 100 33 Iesum
1144 1208 133 33 Christum
1244 1208 66 33 ad
1277 1208 122 33 gloriam
1365 1208 55 33 &
1388 1208 111 33 laudem
1465 1208 88 33 Dei.
1520 1208 66 33 1.
1553 1208 100 33 Petr.
1620 1208 66 33 4.
1653 1208 77 33 11.
1697 1208 66 33 Si
1730 1208 88 33 quis
1786 1208 111 33 loqui¬

1090 1239 75 37 ur,
1133 1239 129 37 loquatur
1230 1239 64 37 ut
1262 1239 118 37 eloquia
1348 1239 86 37 Dei:
1402 1239 64 37 si
1434 1239 86 37 quis
1488 1239 150 37 ministrat,
1606 1239 140 37 ministret
1713 1239 118 37 tanquam
1799 1239 64 37 ex
1820 1239 54 37 vi¬-

1079 1271 102 37 ribus
1147 1271 91 37 quas
1203 1271 158 37 suppeditat
1328 1271 102 37 Deus:
1396 1271 68 37 ut
1430 1271 68 37 in
1464 1271 125 37 omnibus
1554 1271 181 37 glorificetur
1701 1271 91 37 Deus
1758 1271 79 37 per
1792 1271 79 37 Iesum

1084 1306 148 41 Christum,
1197 1306 80 41 cui
1243 1306 80 41 est
1288 1306 114 41 gloria
1368 1306 57 41 &
1391 1306 102 41 robur
1459 1306 68 41 in
1493 1306 114 41 secula
1573 1306 159 41 seculorum,
1698 1306 102 41 Amen.
1766 1306 80 41 Ita
1812 1306 68 41 in
1834 1306 46 41 o¬-

1079 1338 88 41 mni
1130 1338 113 41 opere
1205 1338 101 41 bono
1268 1338 151 41 intentio
1381 1338 138 41 habenda
1482 1338 151 41 perpetuo
1595 1338 75 41 ad
1633 1338 138 41 gloriam
1721 1338 75 41 Dei.

1110 1365 85 44 His
1158 1365 206 44 conditionibus
1316 1365 170 44 excluduntur.

1107 1406 78 45 I.
1146 1406 117 45 Omnia
1224 1406 117 45 opera
1303 1406 65 45 a
1329 1406 91 45 Deo
1381 1406 170 45 prohibita
1512 1406 91 45 seu
1564 1406 91 45 cum
1616 1406 104 45 Lege
1681 1406 91 45 Dei
1720 1406 157 45 pugnantia,

1085 1440 64 46 ut
1117 1440 86 46 sunt
1171 1440 118 46 peccata
1257 1440 86 46 quae
1310 1440 75 46 per
1353 1440 64 46 se
1385 1440 86 46 mala
1428 1440 64 46 sunt

1111 1474 81 45 II.
1158 1474 162 45 Adiaphora,
1285 1474 93 45 quae
1343 1474 81 45 per
1390 1474 70 45 se
1424 1474 81 45 nec
1471 1474 93 45 bona
1529 1474 81 45 nec
1575 1474 93 45 mala
1633 1474 104 45 sunt,
1703 1474 93 45 quum
1761 1474 81 45 nec
1795 1474 70 45 proe

1074 1509 108 37 cepta
1146 1509 84 37 nec
1194 1509 156 37 prohibita
1315 1509 96 37 sint
1375 1509 60 37 a
1399 1509 96 37 Deo,
1459 1509 84 37 sed
1507 1509 84 37 per
1555 1509 144 37 accidens
1663 1509 108 37 fieri
1736 1509 96 37 mala
1784 1509 108 37 possunt

1078 1541 150 38 accedente
1194 1541 81 38 aut
1240 1541 138 38 opinione
1343 1541 184 38 necessitatis
1493 1541 81 38 vel
1539 1541 115 38 cultus
1620 1541 81 38 Dei
1666 1541 81 38 aut
1712 1541 138 38 scandalo
1804 1541 69 38 pro¬

1079 1570 81 39 timi.

1113 1606 173 44 OBIICITUR.
1249 1606 149 44 Quicquid
1360 1606 87 44 sit
1410 1606 74 44 ex
1447 1606 99 44 fide
1509 1606 62 44 &
1533 1606 87 44 Deo
1583 1606 136 44 placet,
1682 1606 87 44 est
1731 1606 124 44 cultus
1806 1606 74 44 Dei:

1087 1639 153 45 Adiaphorae
1207 1639 131 45 actiones
1305 1639 120 45 possunt
1392 1639 98 45 fieri
1458 1639 65 45 ex
1491 1639 87 45 fide
1545 1639 55 45 &
1567 1639 120 45 placere
1654 1639 87 45 Deo:
1709 1639 87 45 Ergo
1752 1639 131 45 adiaphorae

1085 1673 129 45 actiones
1182 1673 86 45 sunt
1235 1673 107 45 cultus
1300 1673 64 45 Dei.

1125 1708 106 52 RESP.
1196 1708 129 52 Negatur
1290 1708 200 52 consequentia,
1454 1708 94 52 quia
1513 1708 106 52 major
1583 1708 82 52 est
1630 1708 188 52 particularis
1783 1708 70 52 in
1807 1708 70 52 pri¬-

1081 1753 66 34 ma
1114 1753 110 34 figura
1191 1753 187 34 Aristotelica.
1345 1753 99 34 Neque
1411 1753 88 34 enim
1466 1753 66 34 ad
1498 1753 110 34 cultus
1575 1753 77 34 Dei
1619 1753 176 34 definitionem
1751 1753 121 34 sufficit:

1082 1785 68 34 ut
1116 1785 124 34 aliquid
1206 1785 68 34 ex
1239 1785 90 34 fide
1296 1785 90 34 fiat
1352 1785 56 34 &
1375 1785 79 34 Deo
1420 1785 135 34 placeat:
1521 1785 79 34 sed
1566 1785 158 34 requititur
1690 1785 146 34 praeterea
1802 1785 68 34 ut
1825 1785 45 34 si

292 1803 72 40 Ut
328 1803 107 40 autem
400 1803 72 40 de
435 1803 119 40 ordine
519 1803 191 40 tractationis
674 1803 143 40 constet,
782 1803 143 40 tradenda
889 1803 84 40 est
937 1803 131 40 bonorum
1020 1803 48 40 o¬-

1083 1815 145 33 mandatum
1191 1815 60 33 a
1216 1815 96 33 Deo.
1276 1815 121 33 Deinde
1360 1815 145 33 quicquid
1469 1815 84 33 fit
1517 1815 72 33 ex
1553 1815 96 33 fide
1614 1815 60 33 &
1638 1815 84 33 Deo
1686 1815 133 33 placet,
1770 1815 109 33 nimirum

1090 1847 66 35 ta
1123 1847 66 35 ut
1156 1847 87 35 ejus
1210 1847 142 35 oppositum
1320 1847 66 35 ei
1352 1847 153 35 displiceat
1473 1847 66 35 ac
1505 1847 120 35 proinde
1593 1847 77 35 non
1637 1847 109 35 possit
1713 1847 98 35 fieri
1779 1847 66 35 ex
1800 1847 77 35 fide¬-

1086 1877 154 39 Adiaphora
1205 1877 107 39 autem
1276 1877 83 39 sic
1323 1877 107 39 fiunt
1394 1877 71 39 ex
1429 1877 95 39 fide
1489 1877 59 39 &
1512 1877 83 39 Deo
1560 1877 142 39 placent,
1666 1877 71 39 ut
1702 1877 107 39 tamen
1761 1877 118 39 opposita

1072 1917 107 42 eorum
1143 1917 83 42 non
1191 1917 178 42 improbentur
1334 1917 95 42 Deo,
1393 1917 71 42 ac
1429 1917 131 42 proinde
1524 1917 131 42 utraque
1619 1917 107 42 fieri
1691 1917 131 42 possint
1786 1917 71 42 ex
1810 1917 71 42 fide

1089 1943 91 42 quae
1145 1943 136 42 statuat,
1247 1943 136 42 personam
1349 1943 57 42 &
1372 1943 91 42 opus
1429 1943 91 42 ejus
1486 1943 79 42 Deo
1520 1943 113 42 placeres

1114 1981 95 40 III.
1174 1981 154 40 Praecepta
1292 1981 59 40 &
1316 1981 143 40 conficta
1423 1981 71 40 ab
1459 1981 154 40 hominibus
1577 1981 119 40 opera,
1660 1981 95 40 quae
1720 1981 83 40 pro
1767 1981 107 40 cultu
1827 1981 59 40 Dei

1081 2018 172 35 obtruduntur,
1221 2018 54 35 &
1243 2018 86 35 quae
1296 2018 108 35 Colos.
1372 2018 65 35 2.
1404 2018 75 35 23.
1447 2018 129 35 dicuntur
1544 2018 204 35 ἔθελοθρεσκείαι,
1716 2018 65 35 id
1748 2018 86 35 est,
1791 2018 86 35 cultus

1085 2049 119 32 proprio
1172 2049 141 32 arbitratu
1280 2049 162 32 excogitati,
1410 2049 108 32 quales
1486 2049 108 32 damnat
1561 2049 87 32 Deus
1615 2049 87 32 Jes.
1670 2049 76 32 66.
1713 2049 65 32 v.
1745 2049 65 32 3.
1778 2049 87 32 Etia
1821 2049 65 32 isti

1087 2083 117 33 Ligunt
1169 2083 93 33 vias
1227 2083 105 33 suas,
1297 2083 58 33 &
1320 2083 221 33 abominationibus
1507 2083 93 33 suis
1565 2083 105 33 anima
1635 2083 105 33 eorum
1705 2083 175 33 delectatur.
1833 2083 47 33 v.

1088 2111 65 40 1.
1121 2111 131 40 Fecerunt
1219 2111 87 40 quod
1274 2111 98 40 malum
1339 2111 76 40 est
1383 2111 65 40 in
1416 2111 109 40 oculis
1492 2111 98 40 meis,
1557 2111 55 40 &
1579 2111 65 40 id
1612 2111 76 40 quo
1656 2111 76 40 non
1699 2111 131 40 delector
1787 2111 87 40 elege¬

1070 2147 90 34 runt.

1104 2172 85 39 IV.
1153 2172 97 39 Quae
1213 2172 122 39 quidem
1299 2172 85 39 per
1347 2172 73 39 se
1384 2172 97 39 bona
1445 2172 97 39 sunt
1506 2172 61 39 &
1530 2172 61 39 a
1554 2172 85 39 Deo
1603 2172 170 39 praecepta,
1737 2172 85 39 sed
1786 2172 85 39 per
1822 2172 61 39 ac¬-

1087 2205 115 37 cidens
1167 2205 92 37 mala
1224 2205 115 37 fiunt,
1304 2205 92 37 quum
1361 2205 80 37 non
1407 2205 115 37 debito
1488 2205 92 37 modo
1545 2205 115 37 fiant,
1625 2205 69 37 id
1659 2205 92 37 est,
1717 2205 80 37 non
1762 2205 69 37 ex
1797 2205 92 37 fide
1843 2205 34 37 &

1085 2241 68 49 ad
1119 2241 113 49 solius
1198 2241 79 49 Dei
1232 2241 102 49 gloriam

1113 2282 75 40 V.
1150 2282 175 40 Excluditur
1288 2282 63 40 &
1313 2282 163 40 commentum
1438 2282 75 40 de
1475 2282 100 40 bona
1538 2282 175 40 intentione
1675 2282 75 40 in
1713 2282 75 40 re
1750 2282 113 40 mala:
1813 2282 63 40 non

1086 2317 96 37 enim
1146 2317 96 37 sunt
1206 2317 144 37 facienda
1313 2317 96 37 mala
1373 2317 72 37 ut
1409 2317 144 37 eveniant
1517 2317 108 37 bona.
1576 2317 120 37 Caeterum

1117 2356 141 41 Intentio
1223 2356 82 41 est
1270 2356 106 41 actus
1340 2356 82 41 seu
1387 2356 106 41 motus
1458 2356 164 41 voluntatis
1587 2356 153 41 tendentis
1704 2356 70 41 in
1739 2356 106 41 finem
1798 2356 94 41 certum

1090 2390 78 39 per
1134 2390 111 39 aliqua
1212 2390 111 39 media.
1290 2390 134 39 Interest
1391 2390 89 39 enim
1446 2390 145 39 plurimum,
1558 2390 89 39 quam
1613 2390 111 39 causa,
1691 2390 78 39 quo
1736 2390 100 39 fine,
1803 2390 111 39 quibus

248 2445 108 53 num,
316 2445 162 53 mandatum
438 2445 68 53 a
465 2445 108 53 Deo,
532 2445 135 53 factum
627 2445 81 53 ab
668 2445 135 53 homine
762 2445 189 53 regenerato
911 2445 95 53 per
951 2445 122 53 gratiam

1084 2425 116 41 mediis
1166 2425 93 41 quid
1224 2425 104 41 fiat.
1293 2425 139 41 Intentio
1398 2425 116 41 igitur
1479 2425 58 41 &
1502 2425 104 41 finem
1571 2425 58 41 &
1595 2425 104 41 media
1664 2425 70 41 ad
1699 2425 104 41 illum
1757 2425 116 41 ducentia

1094 2458 111 41 pectat.

1124 2485 96 57 Eaque
1188 2485 107 57 duplex
1263 2485 86 57 est,
1317 2485 75 57 vel
1360 2485 96 57 bona,
1424 2485 75 57 vel
1456 2485 64 57 male

1123 2523 142 48 Intentio
1230 2523 106 48 bona,
1301 2523 83 48 est
1348 2523 118 48 tantum
1431 2523 71 48 in
1466 2523 106 48 opere
1537 2523 95 48 bono
1596 2523 95 48 quod
1655 2523 95 48 Deus
1715 2523 166 48 praecepit;
1833 2523 59 48 aut

1084 2561 162 37 adiaphoro;
1211 2561 92 37 quae
1269 2561 150 37 gubernata
1384 2561 104 37 verbo
1454 2561 81 37 Dei
1500 2561 58 37 &
1523 2561 92 37 fide
1581 2561 104 37 vera,
1650 2561 115 37 tantum
1730 2561 58 37 a
1754 2561 104 37 verbo
1823 2561 81 37 Dei
1857 2561 35 37 e

1095 2595 167 38 pendente,
1224 2595 77 38 ad
1262 2595 116 38 finem
1339 2595 129 38 justum
1429 2595 64 38 &
1455 2595 116 38 bonum
1532 2595 167 38 contendit
1661 2595 90 38 per
1712 2595 116 38 media
1789 2595 103 38 bona
1841 2595 51 38 ac

1087 2626 149 36 honesta.
1198 2626 74 36 In
1235 2626 112 36 opere
1310 2626 112 36 malo,
1384 2626 99 36 quod
1446 2626 99 36 Deus
1508 2626 161 36 prohibet,
1632 2626 87 36 non
1681 2626 124 36 potest
1768 2626 99 36 esse
1818 2626 74 36 bona

1081 2660 146 38 intentio,
1193 2660 68 38 ut
1227 2660 68 38 in
1261 2660 192 38 idololatriai.
1419 2660 169 38 blasphemia,
1554 2660 124 38 stupro,
1644 2660 113 38 furto,
1723 2660 101 38 falso
1779 2660 113 38 testimo¬-

1088 2690 88 40 nio,
1143 2690 143 40 homicidio
1253 2690 132 40 injusto.
1352 2690 88 40 Ideo
1407 2690 66 40 ea
1440 2690 99 40 opera
1507 2690 88 40 quae
1562 2690 121 40 constat
1650 2690 88 40 esse
1705 2690 132 40 peccata,
1804 2690 99 40 nullo
1859 2690 33 40 σ

1087 2723 104 34 bonae
1157 2723 115 34 causae
1237 2723 138 34 obtentu,
1341 2723 104 34 nullo
1410 2723 104 34 quasi
1479 2723 92 34 bono
1537 2723 104 34 fine,
1606 2723 104 34 nulla
1675 2723 104 34 velut
1745 2723 92 34 bona
1791 2723 92 34 inten¬-

1085 2755 91 39 tione
1145 2755 121 39 facienda
1236 2755 91 39 sunt,

1108 2788 138 44 Intentio
1212 2788 104 44 mala,
1281 2788 81 44 est
1327 2788 81 44 que
1373 2788 81 44 non
1420 2788 150 44 gubernata
1535 2788 104 44 verbo
1604 2788 81 44 Dei
1650 2788 58 44 &
1673 2788 92 44 fide
1731 2788 92 44 vera
1788 2788 58 44 a
1800 2788 92 44 verbo?

1081 2828 85 39 Dei
1129 2828 157 39 pendente;
1250 2828 85 39 vel
1299 2828 121 39 finis,
1384 2828 85 39 vel
1432 2828 157 39 mediorum,
1553 2828 85 39 vel
1601 2828 133 39 amborum
1698 2828 109 39 simul
1759 2828 133 39 pravitate

1083 2859 133 44 peccat.
1180 2859 133 44 Exempli
1276 2859 121 44 causa:
1361 2859 109 44 Gideo
1434 2859 109 44 Ephod
1506 2859 85 44 seu
1554 2859 145 44 amiculum
1663 2859 73 44 ex
1700 2859 121 44 praeda
1772 2859 121 44 constru¬-

1088 2893 78 35 xit
1132 2893 56 35 &
1155 2893 67 35 in
1188 2893 78 35 sua
1233 2893 134 35 civitate
1333 2893 123 35 statuit
1422 2893 78 35 hac
1467 2893 167 35 intentione,
1601 2893 67 35 ut
1634 2893 100 35 esset
1701 2893 156 35 monimentum
1812 2893 56 35 vi¬-

1091 2924 122 42 ctoriae
1180 2924 67 42 de
1213 2924 156 42 Midianitis
1335 2924 56 42 &
1358 2924 178 42 Hamalelcitis
1502 2924 144 42 obtentae.
1613 2924 89 42 Jud.
1669 2924 56 42 8
1691 2924 122 42 versic.
1780 2924 78 42 27.
1824 2924 78 42 Sed

1081 2956 86 38 hoc
1130 2956 123 38 factum
1216 2956 86 38 non
1266 2956 123 38 potest
1352 2956 148 38 excusari
1463 2956 74 38 ex
1500 2956 173 38 intentione
1636 2956 160 38 Gideonis,
1759 2956 99 38 quum
1808 2956 62 38 il¬-

1081 2993 84 34 lam
1129 2993 108 34 fides
1201 2993 84 34 non
1249 2993 168 34 gubernarit
1381 2993 84 34 Qui
1429 2993 168 34 Evangelium
1562 2993 132 34 Christi
1658 2993 192 34 praedicabant
1802 2993 72 34 per¬-

1084 3022 191 37 contentionem
1239 3022 83 37 non
1287 3022 95 37 puro
1346 3022 119 37 animo,
1430 3022 72 37 ut
1466 3022 107 37 Pauli
1537 3022 143 37 vinculis
1644 3022 191 37 afflictionem
1788 3022 83 37 adde¬-

1088 3060 92 37 cent,
1149 3060 112 37 Philip.
1231 3060 61 37 1.
1261 3060 92 37 vers.
1323 3060 102 37 15,16.
1394 3060 92 37 illic
1455 3060 102 37 pravus
1527 3060 92 37 sinis
1588 3060 143 37 propositus
1701 3060 92 37 erat;
1762 3060 82 37 mala
1803 3060 61 37 erge

1080 3086 166 38 intentione
1210 3086 166 38 Evangelium
1341 3086 201 38 praedicabant,
1507 3086 95 38 etsi
1566 3086 142 38 alioquin
1673 3086 95 38 pura
1732 3086 107 38 esset
1791 3086 83 38 eorum

1087 3119 158 51 loctrina.
1208 3119 122 51 Scipio
1294 3119 170 51 abstinebat
1427 3119 61 51 a
1452 3119 122 51 sponsa
1537 3119 122 51 aliena
1622 3119 85 51 non
1670 3119 134 51 propter
1756 3119 109 51 gloriam

1016 896 54 33 A

553 937 148 36 operibus,
666 937 159 36 instituens
792 937 125 36 nim.rum
883 937 114 36 qualia
951 937 68 36 ope¬-

549 963 76 38 ra
587 963 165 38 fidelibus
715 963 102 38 sint
778 963 153 38 facienda
893 963 76 38 ad
918 963 115 38 debitam

556 998 85 37 Deo
605 998 85 37 pro
653 998 183 37 liberatione
800 998 61 37 a
824 998 146 37 peccatis
934 998 61 37 &
946 998 85 37 morte

564 1030 140 39 aeterna,
669 1030 186 39 gratitudinem
820 1030 186 39 praestandam,
960 1030 70 39 Phi¬-

565 1060 72 41 ip
601 1060 72 41 1.
637 1060 83 41 27.
684 1060 119 41 Tantum
768 1060 72 41 ut
804 1060 143 41 convinit
899 1060 131 41 Evangelio

566 1098 117 37 Christi
651 1098 74 37 vos
694 1098 117 37 gerite,
778 1098 64 37 ut
810 1098 85 37 sive
863 1098 127 37 postquam
948 1098 85 37 venero

553 1130 55 31 &
575 1130 110 31 videro
652 1130 88 31 vos,
707 1130 88 31 sive
762 1130 121 31 absens,
851 1130 110 31 cudiam
928 1130 66 31 de
950 1130 77 31 rebu¬-

563 1159 129 38 vestris,
660 1159 54 38 &
682 1159 75 38 vos
725 1159 129 38 perstate
822 1159 65 38 in
854 1159 75 38 uno
897 1159 129 38 Spiritu,
983 1159 54 38 uno

561 1188 105 36 animo
632 1188 187 36 concertantes
784 1188 82 36 per
831 1188 105 36 fidem
889 1188 141 36 Evangelii.

248 1220 84 41 Jac.
300 1220 63 41 2.
331 1220 73 41 20.
373 1220 73 41 Vis
415 1220 84 41 vero
467 1220 104 41 nosse,
540 1220 84 41 homo
592 1220 94 41 vane,
655 1220 94 41 fidem
718 1220 84 41 quae
770 1220 73 41 est
812 1220 104 41 absque
885 1220 125 41 operibus
968 1220 63 41 mor¬-

240 1253 85 37 tuam
293 1253 95 37 esse?
357 1253 85 37 Tit.
410 1253 63 37 3.
441 1253 74 37 v8.
484 1253 106 37 Certus
558 1253 74 37 est
600 1253 74 37 hic
643 1253 106 37 sermo,
717 1253 53 37 &
738 1253 85 37 haec
791 1253 85 37 volo
844 1253 63 37 te
875 1253 159 37 asseverare,
992 1253 42 37 ut

243 1292 75 38 qui
286 1292 161 38 crediderint
415 1292 86 38 Deo,
469 1292 108 38 curent
545 1292 86 38 bene
599 1292 108 38 agendo
663 1292 97 38 praeire

273 1315 170 53 Principio
403 1315 117 53 autem
482 1315 78 53 de
521 1315 131 53 nomine
612 1315 144 53 bonorum
717 1315 131 53 operum
808 1315 170 53 dicendum:
926 1315 104 53 deindi

245 1351 64 44 de
267 1351 95 44 reipsa.

281 1379 67 41 Si
314 1379 100 41 nomen
381 1379 134 41 spectes,
482 1379 89 41 bona
537 1379 100 41 opera
604 1379 134 41 dicuntur
705 1379 56 41 α
727 1379 134 41 μωγυμως,
827 1379 78 41 vel
872 1379 156 41 naturalia,
983 1379 56 41 vel

243 1415 139 38 moralia.
347 1415 92 38 Bona
405 1415 104 38 opera
474 1415 162 38 naturalia,
601 1415 92 38 sunt
659 1415 104 38 omnes
728 1415 104 38 actus
798 1415 69 38 in
832 1415 115 38 natura
913 1415 58 38 a
936 1415 81 38 Deo
971 1415 69 38 con¬-

246 1448 94 41 diti
305 1448 70 41 ad
340 1448 153 41 naturalem
458 1448 106 41 finem
528 1448 200 41 consequendum:
692 1448 153 41 cujusmodi
810 1448 106 41 sunt,
880 1448 117 41 edere,
951 1448 82 41 bibe¬-

254 1479 74 39 re,
297 1479 127 39 dormire,
392 1479 74 39 tre
435 1479 74 39 seu
477 1479 138 39 incedere,
583 1479 106 39 prolem
657 1479 127 39 gignere,
752 1479 74 39 &c.
795 1479 95 39 Eaque
858 1479 85 39 sunt
911 1479 95 39 etiam
964 1479 64 39 malo

252 1518 82 37 rum
299 1518 59 37 &
323 1518 164 37 infidelium
452 1518 141 37 hominum.
558 1518 106 37 Omnes
628 1518 129 37 proinde
722 1518 117 37 actus,
804 1518 141 37 quatenus
910 1518 94 37 illi
969 1518 94 37 qui¬

256 1544 65 43 de
289 1544 86 43 sunt
343 1544 108 43 actus,
418 1544 97 43 etiam
483 1544 130 43 malorum,
580 1544 86 43 sunt
634 1544 86 43 boni
688 1544 173 43 naturaliter,
829 1544 76 43 hoc
872 1544 86 43 est,
926 1544 86 43 sunt
969 1544 65 43 quid

258 1582 84 34 dam
306 1582 60 34 a
330 1582 84 34 Deo
378 1582 144 34 conditum
485 1582 72 34 in
521 1582 132 34 natura,
617 1582 84 34 sed
665 1582 84 34 non
713 1582 108 34 omnes
785 1582 96 34 sunt
845 1582 96 34 boni
892 1582 144 34 moraliter.

259 1617 79 36 hoc
304 1617 90 36 est,
360 1617 79 36 cum
406 1617 136 36 justitia
507 1617 79 36 Dei
553 1617 181 36 congruentes.
700 1617 68 36 De
734 1617 124 36 talibus
824 1617 136 36 operibus
926 1617 79 36 hoc
960 1617 79 36 loco¬-

263 1640 68 38 on
297 1640 125 38 agimus,
387 1640 79 38 sed
433 1640 68 38 de
467 1640 159 38 moralibus,
592 1640 91 38 quae
648 1640 79 38 sic
694 1640 147 38 dicuntur,
807 1640 91 38 quod
864 1640 68 38 ad
898 1640 102 38 mores
955 1640 79 38 homi¬-

256 1681 79 33 num
301 1681 79 33 cum
346 1681 135 33 justitia
447 1681 79 33 Dei
493 1681 169 33 congruentes
628 1681 158 33 pertineant
752 1681 68 33 De
786 1681 90 33 iis,
842 1681 79 33 (ut
887 1681 68 33 ad
921 1681 79 33 rei
955 1681 90 33 expli¬-

252 1707 145 37 cationem
361 1707 169 37 veniamus,)
493 1707 121 37 agemus
578 1707 181 37 dupliciter:
722 1707 109 37 primo
795 1707 145 37 quatenus
903 1707 145 37 habentur
1000 1707 36 37 a

246 1741 130 38 renatis
341 1741 154 38 hominibus
459 1741 71 38 in
495 1741 83 38 hac
542 1741 107 38 vita:
613 1741 118 38 deinde
696 1741 142 38 quatenus
802 1741 166 38 habebuntur
933 1741 59 38 a
944 1741 95 38 beatis

245 1771 165 40 hominibus
372 1771 101 40 post
436 1771 101 40 hanc
486 1771 89 40 vitam

252 1837 104 33 perum
322 1837 161 33 definitio,
448 1837 58 33 &
471 1837 196 33 nomenciatura;
633 1837 173 33 considerati
771 1837 138 33 deinceps
875 1837 115 33 debent
944 1837 92 33 eorun¬-

247 1873 74 41 dem
290 1873 117 41 causae,
375 1873 117 41 ffecta,
460 1873 138 41 subiecta,
567 1873 138 41 adiuncta,
673 1873 170 41 dissentanea,
811 1873 149 41 comparata,
918 1873 106 41 coniuga¬-

252 1900 81 38 ta,
299 1900 58 38 &
322 1900 128 38 denique
415 1900 186 38 distributio.
566 1900 174 38 Definiuntur
705 1900 81 38 hoc
740 1900 81 38 modo:

286 1925 193 47 BONAOPERA,
438 1925 110 47 sunt
506 1925 124 47 opera
589 1925 69 47 a
616 1925 96 47 Deo
672 1925 124 47 nobis
754 1925 165 47 mandata,
878 1925 110 47 quae
933 1925 110 47 gratia

254 1963 126 40 Christi,
349 1963 74 40 ii,
391 1963 74 40 qui
433 1963 147 40 regenerati
549 1963 95 40 sunt,
612 1963 63 40 ex
644 1963 84 40 vera
696 1963 84 40 fide
749 1963 105 40 habent
823 1963 53 40 &
844 1963 116 40 faciunt
928 1963 63 40 ad
949 1963 84 40 solius

254 1995 72 39 Dei
295 1995 123 39 gloriam,
387 1995 92 39 Psal.
449 1995 62 39 1.
480 1995 62 39 v.
510 1995 62 39 2.
541 1995 72 39 Sed
582 1995 92 39 cuius
644 1995 144 39 oblectat:o
757 1995 72 39 est
798 1995 62 39 in
828 1995 82 39 lege
880 1995 123 39 Iehovae,
972 1995 51 39 &
993 1995 72 39 qui

257 2030 64 39 de
289 2030 86 39 lege
343 2030 107 39 illius
418 2030 139 39 meditatur
525 2030 129 39 interdiu
622 2030 64 39 ac
654 2030 107 39 noctu.
729 2030 64 39 Et
761 2030 97 39 Psal.
826 2030 75 39 119
868 2030 86 39 fere
922 2030 97 39 toto.
976 2030 64 39 Rom.

251 2061 75 37 14.
294 2061 75 37 13.
337 2061 75 37 Qui
380 2061 86 37 vero
433 2061 128 37 dubitat,
529 2061 64 37 si
562 2061 107 37 ederit
636 2061 160 37 condemnatus
765 2061 86 37 est,
818 2061 118 37 quoniam
904 2061 75 37 non
947 2061 86 37 edit
990 2061 53 37 ex¬-

254 2091 86 42 sid:
308 2091 129 42 quicquid
404 2091 86 42 vero
458 2091 64 42 ex
490 2091 86 42 fide
544 2091 75 42 non
587 2091 86 42 est,
640 2091 129 42 peccatum
737 2091 86 42 est.
790 2091 97 42 Hebr.
855 2091 86 42 116.
908 2091 97 42 Atqui
962 2091 75 42 fieri

253 2123 80 35 non
298 2123 125 35 potest,
389 2123 68 35 ut
423 2123 114 35 absque
503 2123 91 35 fide
560 2123 137 35 quisquam
663 2123 80 35 Deo
708 2123 80 35 sit
754 2123 125 35 gratus:
845 2123 80 35 nam
890 2123 80 35 qui
936 2123 125 35 accedit
1015 2123 46 35 ad

256 2156 100 36 Deum,
323 2156 89 36 hunc
378 2156 122 36 credere
467 2156 122 36 oportet
556 2156 89 36 esse
612 2156 100 36 Deum,
678 2156 56 36 &
701 2156 122 36 praemia
789 2156 122 36 largiei
878 2156 78 36 iis
923 2156 78 36 qui
956 2156 78 36 ipsum

245 2188 167 38 prequirunt.
379 2188 78 38 Jac
423 2188 56 38 2
446 2188 78 38 22.
490 2188 100 38 Vides
557 2188 100 38 fidem
624 2188 100 38 admi:
691 2188 112 38 istram
769 2188 112 38 fuisse
847 2188 112 38 operum
925 2188 123 38 ipsius,
1004 2188 33 38 &

244 2220 55 38 &
266 2220 66 38 ex
299 2220 131 38 operibus
397 2220 99 38 fidem
463 2220 66 38 ad
496 2220 99 38 sinem
561 2220 142 38 perductam
671 2220 153 38 fuisse?Ps.
791 2220 88 38 116.
846 2220 77 38 10.
890 2220 120 38 Credidi
977 2220 88 38 quum

251 2256 87 34 haec
305 2256 130 34 loquutus
403 2256 130 34 faissem,
501 2256 76 34 ego
544 2256 98 34 satus
609 2256 108 34 fueram
685 2256 98 34 supra
750 2256 108 34 modum.
826 2256 54 34 1
848 2256 87 34 Cor.
902 2256 76 34 10,
945 2256 65 34 31
967 2256 76 34 Sive¬-

245 2288 106 33 igitur
319 2288 106 33 editis
393 2288 84 33 sive
446 2288 127 33 bibitis,
541 2288 84 33 sive
594 2288 84 33 quid
647 2288 127 33 facitis,
741 2288 95 33 omnia
805 2288 63 33 ad
836 2288 116 33 gloriam
921 2288 74 33 Dei
953 2288 84 33 sacite

244 2318 113 36 Matth.
323 2318 102 36 5.15.
390 2318 79 36 Ita
436 2318 147 36 splendeat
549 2318 79 36 lux
594 2318 113 36 vestra
673 2318 102 36 coram
740 2318 158 36 hominibus,
865 2318 68 36 ut
899 2318 124 36 videant
978 2318 56 36 ve¬-

245 2349 91 52 estra
306 2349 81 52 bona
357 2349 102 52 opera,
428 2349 183 52 glorificentque
580 2349 102 52 patrem
651 2349 91 52 illum
712 2349 112 52 vestrum
794 2349 71 52 qui
834 2349 71 52 est
875 2349 61 52 in
895 2349 102 52 caelius.

282 2380 153 41 Nominatur
400 2380 106 41 etiam
471 2380 118 41 cultus
553 2380 94 41 Dei,
612 2380 82 41 sic
659 2380 71 41 ut
694 2380 94 41 bona
753 2380 106 41 opera
824 2380 59 41 &
848 2380 118 41 cultus
930 2380 82 41 Dei
965 2380 71 41 sint

252 2413 119 40 idem.
331 2413 92 40 Nam
384 2413 132 40 CULTUS
476 2413 106 40 DEI,
542 2413 92 40 est
595 2413 145 40 quodvis
701 2413 106 40 opus
767 2413 158 40 internum
886 2413 92 40 vel
925 2413 106 40 exter¬-

275 2478 126 37 christi,
369 2478 63 37 ex
400 2478 84 37 vera
453 2478 84 37 fide
505 2478 73 37 hoc
547 2478 147 37 prineipali
662 2478 94 37 fine,
725 2478 63 37 ut
757 2478 84 37 Deus
799 2478 136 37 glorifetur.

294 2501 99 52 Ergo
356 2501 74 52 ut
393 2501 99 52 opus
455 2501 136 52 aliquod
554 2501 87 52 sit
603 2501 99 52 vere
665 2501 111 52 bonum
739 2501 62 52 &
764 2501 87 52 Deo
814 2501 149 52 placens,
913 2501 136 52 cultusque

257 2542 95 42 Dei,
316 2542 177 42 requiruntur
458 2542 95 42 duae
505 2542 166 42 conditiones:

297 2575 104 39 prima
367 2575 138 39 conditio
470 2575 138 39 pertinet
574 2575 69 39 ad
608 2575 92 39 boni
666 2575 115 39 operis
746 2575 184 39 substantiam,
896 2575 138 39 nimirum,
988 2575 46 39 ut

286 2608 74 34 us
323 2608 111 34 illud
397 2608 87 34 sit
446 2608 62 34 a
471 2608 87 34 Deo
521 2608 161 34 mandatum.
644 2608 136 34 Proinde
743 2608 62 34 &
768 2608 124 34 cultum
855 2608 87 34 Dei
904 2608 62 34 &
916 2608 124 34 quicquid

268 2638 73 36 id
304 2638 122 36 cultum
390 2638 85 36 Dei
439 2638 147 36 pertinet
549 2638 61 36 a
573 2638 85 36 Deo
622 2638 147 36 mandatum
732 2638 98 36 esse
793 2638 147 36 oportet.
890 2638 147 36 Confirman¬-

272 2670 119 36 dinitio
359 2670 151 36 Scripturae
477 2670 108 36 Sacrae
553 2670 151 36 testimonia
672 2670 108 36 Ezech.
747 2670 76 36 10.
791 2670 76 36 19.
834 2670 65 36 In
866 2670 151 36 praeceptis
974 2670 65 36 meus

258 2704 150 34 ambulate.
374 2704 92 34 Jes.
432 2704 81 34 29.
478 2704 81 34 13.
524 2704 104 34 Dixit
594 2704 92 34 enim
652 2704 139 34 Dominus,
756 2704 150 34 propterea
871 2704 92 34 quod
917 2704 116 34 appropin

265 2737 99 36 quans
331 2737 121 36 populus
419 2737 99 36 iste,
485 2737 77 36 ore
529 2737 77 36 suo
573 2737 55 36 &
595 2737 110 36 labiis
673 2737 88 36 suis
728 2737 132 36 honorant
827 2737 77 36 me,
871 2737 77 36 cor
915 2737 99 36 autem
970 2737 66 36 suum

253 2767 110 38 procul
330 2767 110 38 amevei
407 2767 55 38 a
429 2767 77 38 me:
473 2767 110 38 istque
550 2767 154 38 reverentia
671 2767 99 38 eorum
737 2767 88 38 erga
792 2767 77 38 me,
836 2767 88 38 quam
891 2767 143 38 praecepto
990 2767 55 38 ho¬-

257 2802 94 40 minum
319 2802 104 40 edocti
392 2802 94 40 sunt.
454 2802 62 40 Et
486 2802 104 40 Matth.
558 2802 73 40 15.
600 2802 62 40 v.
631 2802 62 40 9.
662 2802 114 40 Frustra
746 2802 62 40 me
777 2802 114 40 colunt,
860 2802 125 40 docentes
943 2802 94 40 doctri¬-

261 2828 88 38 nas
312 2828 100 38 quae
374 2828 100 38 sunt
437 2828 138 38 mandata
525 2828 113 38 hominum

276 2862 135 44 Sicunda
374 2862 147 44 conditio
484 2862 147 44 pertinet
595 2862 74 44 ad
632 2862 111 44 modum
705 2862 184 44 bonioperis,
853 2862 86 44 qui
890 2862 147 44 dupliciter

265 2896 189 37 consideratur:
420 2896 111 37 primo,
498 2896 67 37 ut
531 2896 100 37 bonum
598 2896 89 37 opus
653 2896 133 37 habeatur
753 2896 55 37 &
775 2896 89 37 fiat
830 2896 78 37 per
875 2896 122 37 gratiam
952 2896 78 37 Chri¬-

256 2926 75 40 sti
299 2926 54 40 a
321 2926 172 40 regeneratis,
461 2926 65 40 ex
493 2926 86 40 vera
547 2926 97 40 fide,
612 2926 75 40 per
655 2926 86 40 quam
709 2926 97 40 fidem
773 2926 97 40 certo
838 2926 108 40 scimus
913 2926 86 40 esse
957 2926 75 40 illud

267 2956 147 37 mandatum
377 2956 61 37 a
402 2956 86 37 Deo
451 2956 86 37 per
500 2956 98 37 quam
561 2956 110 37 corda
634 2956 123 37 nostra
720 2956 74 37 ex
757 2956 123 37 quibus
843 2956 110 37 opera
916 2956 98 37 bona
965 2956 74 37 pro¬-

263 2984 99 49 deunt
329 2984 188 49 purificantur,
484 2984 77 49 per
528 2984 88 49 quam
583 2984 99 49 certi
649 2984 110 49 sumus,
727 2984 77 49 nos
771 2984 99 49 atque
837 2984 99 49 opera
903 2984 110 49 nostra
970 2984 66 49 Deo.

272 3016 120 43 placere
360 3016 120 43 propter
447 3016 142 43 Christum,
557 3016 109 43 tectis
633 3016 109 43 ipsius
710 3016 131 43 justitia
808 3016 131 43 perfecta
907 3016 120 43 omnibus
983 3016 44 43 de

270 3043 140 52 fectibus
375 3043 58 52 &
399 3043 117 52 vitiis
480 3043 128 52 nestris
573 3043 58 52 &
597 3043 117 52 operum
678 3043 140 52 nostrum.
783 3043 93 52 Rom.
842 3043 82 52 14.
888 3043 82 52 23.
935 3043 82 52 Qui
970 3043 58 52 ver

270 3079 120 43 dubitat,
360 3079 60 43 si
390 3079 110 43 ederit,
470 3079 150 43 condemnatus
590 3079 90 43 est.,
650 3079 100 43 quonia
721 3079 70 43 non
761 3079 80 43 edit
811 3079 60 43 ex
841 3079 90 43 fide:
901 3079 120 43 quicquid
981 3079 50 43 ve¬-

268 3106 61 55 ro
298 3106 102 55 exfide
369 3106 112 55 nonest,
451 3106 122 55 peccatum
542 3106 81 55 est,
593 3106 122 55 Hebr.11.
684 3106 61 55 6.
715 3106 91 55 Atqui
776 3106 91 55 fieri
837 3106 71 55 non
877 3106 102 55 potest
949 3106 61 55 ut
979 3106 81 55 abs¬
