2063 3410
274 146 75 51 V.
311 146 99 51 Quia
373 146 124 51 justis
460 146 112 51 dabit
535 146 99 51 Deus
597 146 99 51 quod
659 146 186 51 desiderant,
808 146 149 51 Proverb.
920 146 87 51 10.
970 146 112 51 vers.
1032 146 37 51 A

231 191 82 42 24.
278 191 94 42 Quod
337 191 140 42 formidat
442 191 152 42 improbus,
559 191 70 42 id
594 191 140 42 eveniet,
700 191 94 42 quod
758 191 105 42 autem
828 191 164 42 desiderant
945 191 94 42 justi;

240 221 105 42 dabit
310 221 105 42 Deus.
380 221 70 42 Et
415 221 70 42 v.
450 221 81 42 30.
496 221 116 42 Iustus
578 221 128 42 nunquam
671 221 163 42 dimovetur,
799 221 128 42 improbi
892 221 93 42 vero
950 221 81 42 non
985 221 58 42 in¬-

247 258 169 40 habitabunt
368 258 109 40 terram;

270 289 88 41 VI.
321 289 101 41 Quia
384 289 126 41 justis
472 289 189 41 fundamentum
624 289 101 41 erit
687 289 177 41 perpetuum,
826 289 114 41 Prov.
901 289 88 41 10.
952 289 76 41 v.
977 289 63 41 25.

243 320 71 35 Vt
279 320 130 35 tanquam
373 320 165 35 transeunte
503 320 130 35 turbine
597 320 83 35 non
644 320 118 35 exstet
727 320 153 35 improbus:
844 320 106 35 justo
915 320 94 35 vero
962 320 71 35 sit.

254 353 188 36 sundamentum
405 353 176 36 perpetuum.
543 353 63 36 &
568 353 126 36 capit.
656 353 88 36 30.
707 353 126 36 Iustus
794 353 138 36 nunquam
882 353 151 36 dimovetur.

238 388 110 40 Matth.
315 388 66 40 7.
348 388 66 40 v.
380 388 77 40 24.
424 388 131 40 Quisquis
523 388 110 40 igitur
600 388 99 40 audit
665 388 66 40 ex
698 388 66 40 me
731 388 131 40 sermones
830 388 110 40 istos,
906 388 55 40 &
928 388 77 40 eos
961 388 66 40 prae

243 421 99 40 stat,
309 421 153 40 assimilabo
429 421 77 40 eum
473 421 88 40 viro
528 421 142 40 prudenti,
637 421 77 40 qui
681 421 164 40 aedificabit
812 421 99 40 domum
878 421 88 40 suam
933 421 99 40 super
987 421 55 40 pe¬-

241 451 100 49 tram.
307 451 66 49 Et
340 451 88 49 cap.
396 451 77 49 16.
440 451 100 49 vers.
506 451 77 49 18.
551 451 88 49 Rues
606 451 122 49 Petrus,
694 451 55 49 &
716 451 100 49 super
783 451 88 49 hanc
838 451 111 49 petram
904 451 133 49 aedificabo

237 489 98 39 meam
298 489 172 39 Ecclesiam:
433 489 61 39 &
457 489 123 39 portae
543 489 159 39 inferorum
666 489 86 39 non
715 489 172 39 superabunt
838 489 61 39 eam

284 516 90 46 VII.
340 516 90 46 Quia
397 516 135 46 justorum
498 516 90 46 spes
555 516 79 46 est
600 516 158 46 laetitiae,
724 516 102 46 Prov.
792 516 79 46 10.
837 516 79 46 28.
882 516 90 46 Spes
927 516 113 46 justorum

236 553 76 41 est
280 553 142 41 laetitia,
389 553 163 41 exspectatio
519 553 87 41 vero
574 553 153 41 improborum
683 553 87 41 perit.

277 576 90 42 IIX.
333 576 90 42 Quia
390 576 102 42 justi
458 576 68 42 ex
491 576 136 42 angustia
593 576 170 42 liberantur,
729 576 102 42 Prov.
797 576 79 42 11.
842 576 68 42 8.
876 576 113 42 Iustus
955 576 68 42 ex
977 576 57 42 an¬-

243 616 115 44 gustia
324 616 162 44 liberatur,
451 616 58 44 &
474 616 127 44 devenit
567 616 139 44 improbus
671 616 69 44 in
705 616 104 44 locum
763 616 81 44 ejus.

276 642 84 40 IX.
324 642 96 40 Quia
384 642 72 40 de
420 642 132 40 illorum
516 642 96 40 bono
576 642 96 40 urbs
636 642 156 40 exsultat;
755 642 108 40 Prov.
827 642 84 40 11.
875 642 84 40 10.
923 642 84 40 Deo
959 642 84 40 bono¬-

238 676 134 52 justorum
338 676 67 52 ex
372 676 111 52 sultat
449 676 100 52 urbs;
516 676 56 52 &
539 676 78 52 cum
583 676 123 52 pereunt
672 676 134 52 improbi,
773 676 111 52 cantus
839 676 134 52 exercetur.

273 712 78 45 X.
312 712 104 45 Quia
377 712 78 45 in
416 712 143 45 illorum
520 712 143 45 gratiam
624 712 104 45 Deus
689 712 169 45 benefacit
819 712 182 45 propinquis
949 712 91 45 ipso¬-

253 749 81 33 tum
300 749 58 33 &
323 749 105 33 aliis
393 749 163 33 hominibus,
521 749 116 33 eosque
602 749 70 33 ab
637 749 140 33 interitu
742 749 128 33 servat:
835 749 70 33 ut
870 749 70 33 in
905 749 128 33 gratiam
986 749 47 33 A¬-

237 781 127 39 brahami
330 781 139 39 servavit
434 781 116 39 Lothum
515 781 81 39 cum
561 781 139 39 filiabus
665 781 104 39 ejus,
734 781 116 39 Genes.
815 781 81 39 19.
862 781 69 39 v.
896 781 81 39 29.
943 781 69 39 Et
966 781 69 39 fuit

247 816 92 41 quum
305 816 173 41 disperderet
443 816 92 41 Deus
501 816 104 41 urbes
570 816 161 41 planitiei,
697 816 161 41 recordatus
824 816 81 41 est
870 816 92 41 Deus
916 816 127 41 Abrahami,

243 843 59 47 &
267 843 119 47 emisit
350 843 119 47 Lothum
433 843 59 47 e
457 843 107 47 medio
516 843 178 47 subversionis,

274 869 127 44 Quotquot
370 869 96 44 boni,
434 869 85 44 pii,
487 869 53 44 &
508 869 96 44 justi
572 869 96 44 sunt,
635 869 106 44 divina
710 869 106 44 gratia
784 869 96 44 tales
848 869 96 44 sunt:

281 905 90 44 Non
332 905 154 44 parentum
448 905 154 44 meritis:
563 905 102 44 quia
627 905 102 44 Esau
691 905 64 44 &
717 905 141 44 Jacobus
819 905 90 44 uno
870 905 167 44 concubitu
986 905 51 44 ab

231 942 118 42 Isaaco
314 942 94 42 sati
373 942 59 42 &
396 942 59 42 a
420 942 130 42 Rebecca
514 942 153 42 concepti,
632 942 106 42 tamen
703 942 201 42 dissimillimis
868 942 130 42 moribus
951 942 94 42 exsti¬-

234 980 104 38 terunt
296 980 31 38 .

266 1005 128 45 MALI&
351 1005 199 45 PECCATORES
508 1005 100 45 seu
565 1005 114 45 impi
636 1005 114 45 sunt
707 1005 185 45 duplices:
849 1005 114 45 alii
906 1005 128 45 conver¬-

241 1049 122 34 tuntur
326 1049 73 34 ad
362 1049 109 34 Deum,
435 1049 97 34 alii
496 1049 122 34 manent
581 1049 97 34 mali
642 1049 61 34 &
654 1049 146 34 peccatores

272 1070 89 46 Qui
323 1070 127 46 manent
412 1070 102 46 mali
475 1070 63 46 &
501 1070 178 46 peccatores
640 1070 63 46 &
666 1070 114 46 impii
742 1070 76 46 ex
780 1070 152 46 contemtu
894 1070 89 46 Dei
945 1070 63 46 &
958 1070 76 46 verb

237 1103 95 46 ejus
297 1103 107 46 atque
368 1103 190 46 disciplinae,
523 1103 83 46 nil
570 1103 95 46 nisi
630 1103 178 46 rebellionem
772 1103 143 46 quaerunt
879 1103 119 46 contra
951 1103 83 46 Legem

241 1147 85 31 Dei,
294 1147 127 31 Proverb.
390 1147 74 31 17.
432 1147 74 31 11.
475 1147 127 31 dicuntur
570 1147 127 31 improbi,
666 1147 85 31 item
719 1147 127 31 reprobi,
815 1147 96 31 Psal.
878 1147 64 31 1.
910 1147 64 31 v.
942 1147 64 31 1.
963 1147 64 31 Bea¬-

238 1180 77 33 tus
282 1180 77 33 est
326 1180 77 33 vir
371 1180 99 33 ille,
437 1180 77 33 qui
481 1180 77 33 non
525 1180 122 33 ambulat
614 1180 66 33 in
647 1180 133 33 consilio
746 1180 166 33 improborum,
879 1180 55 33 &
901 1180 88 33 viae
956 1180 133 33 peccato.

241 1212 74 39 rum
284 1212 74 39 non
326 1212 137 39 insistit,
431 1212 63 39 ac
462 1212 63 39 in
494 1212 126 39 consessu
589 1212 137 39 derisorum
694 1212 74 39 non
736 1212 126 39 desidet.
831 1212 126 39 Proverb.
925 1212 74 39 10.
967 1212 95 39 vers.

240 1245 65 34 6.
273 1245 65 34 Os
305 1245 151 34 improborum
423 1245 118 34 obtegit
509 1245 151 34 violentia.
628 1245 129 34 Dicuntur
725 1245 151 34 peccatores
843 1245 97 34 Psal.
908 1245 65 34 1.
940 1245 97 34 vers.
994 1245 43 34 1.

238 1274 108 49 Johan.
314 1274 65 49 9.
346 1274 97 49 vers.
410 1274 75 49 31.
453 1274 75 49 2ατ
496 1274 140 49 ἔζοχιιον,
604 1274 86 49 quia
658 1274 118 49 peccato
744 1274 86 49 sunt
797 1274 108 49 dediti
873 1274 54 49 &
894 1274 118 49 peccati
969 1274 65 49 quas

245 1308 100 44 irtem
312 1308 156 44 factitant.
434 1308 133 44 Dicuntur
534 1308 144 44 derisores
645 1308 100 44 Psal.
712 1308 67 44 1.
745 1308 67 44 v.
778 1308 67 44 1.
812 1308 89 44 quia
867 1308 89 44 Deum
923 1308 56 44 &
934 1308 100 44 homines

236 1341 95 46 bonos
300 1341 137 46 derident.
405 1341 126 46 Dicuntur
499 1341 158 46 praefracti,
625 1341 126 46 rebelles
720 1341 84 46 Ose.
772 1341 105 46 ultim.
846 1341 95 46 vers.
909 1341 84 46 ult,
951 1341 84 46 contu¬-

224 1372 134 39 maces:
317 1372 160 39 Dicuntur
438 1372 147 39 maligni
545 1372 67 39 &
571 1372 107 39 mali
638 1372 80 39 κγ
665 1372 147 39 συνεκδοχλ

255 1414 140 41 Improbi
357 1414 76 41 ne
395 1414 115 41 simus
472 1414 89 41 aut
523 1414 127 41 fiamus
612 1414 140 41 unquam,
714 1414 153 41 solicite
828 1414 115 41 nobis
892 1414 140 41 cavendum:

254 1443 75 47 I.
292 1443 101 47 Quia
355 1443 151 47 improbos
468 1443 88 47 nos
518 1443 101 47 esse
581 1443 101 47 Deus
644 1443 126 47 vetat:
732 1443 75 47 ut
770 1443 126 47 videre
858 1443 88 47 est
908 1443 75 47 in
933 1443 101 47 Decalo

231 1472 73 50 go
267 1472 61 50 &
292 1472 121 50 passim
376 1472 73 50 in
413 1472 158 50 Scriptura
522 1472 97 50 Sacra.

272 1500 88 43 II.
323 1500 100 43 Quia
385 1500 138 43 improbi
486 1500 100 43 sunt
548 1500 163 43 infelices
674 1500 63 43 &
699 1500 138 43 miseri,
799 1500 138 43 etiamsi
887 1500 150 43 possideret

238 1546 96 37 opes
298 1546 132 37 Croesi,
394 1546 144 37 imperium
503 1546 96 37 Cyri
563 1546 60 37 &
587 1546 132 37 gloriam
683 1546 156 37 Alexandri
803 1546 120 37 Magni.
888 1546 72 37 1.
924 1546 96 37 Sam.
972 1546 60 37 13.

232 1575 68 33 v.
266 1575 80 33 27.
311 1575 91 33 Quod
368 1575 68 33 si
402 1575 102 33 ultro
471 1575 205 33 malefeceritis,
642 1575 80 33 tum
687 1575 91 33 vos,
744 1575 80 33 tum
790 1575 80 33 rex
835 1575 114 33 vester
903 1575 137 33 consumemi¬-

235 1608 79 34 ni.
280 1608 136 34 Proverb.
382 1608 68 34 17
416 1608 102 34 vers.
484 1608 79 34 20.
530 1608 147 34 Perversus
643 1608 102 34 corde
711 1608 79 34 non
756 1608 136 34 inveniet
859 1608 113 34 bonum.
938 1608 68 34 Os
961 1608 79 34 ipso¬-

229 1644 75 40 rum
272 1644 117 40 obtegit
357 1644 149 40 violentia.
475 1644 128 40 Proverb.
571 1644 75 40 10.
613 1644 64 40 v.
645 1644 64 40 6.
677 1644 64 40 id
709 1644 85 40 est,
762 1644 149 40 improbitas
880 1644 64 40 os
912 1644 96 40 illis
965 1644 64 40 prae

232 1671 114 36 focat,
312 1671 137 36 obturat,
414 1671 149 36 occludit,
529 1671 80 36 ita
574 1671 69 36 ut
609 1671 137 36 nesciant
712 1671 91 36 quid
769 1671 114 36 dicant
849 1671 57 36 &
872 1671 137 36 faciant,
974 1671 57 36 &
986 1671 57 36 non

239 1705 127 38 habeant
332 1705 81 38 quo
378 1705 69 38 se
412 1705 150 38 defendant
527 1705 138 38 adversus
631 1705 115 38 justum
712 1705 138 38 judicium
815 1705 92 38 Dei.
873 1705 92 38 Job.
930 1705 69 38 5.
953 1705 81 38 vers.

235 1740 78 36 16.
280 1740 134 36 Nequitia
380 1740 101 36 obdit
447 1740 67 36 os
481 1740 101 36 suum,
548 1740 67 36 id
581 1740 89 36 est,
637 1740 78 36 vir
682 1740 134 36 improbus
782 1740 156 36 obmutescit
905 1740 89 36 prae
950 1740 89 36 stupo¬-

230 1772 77 40 re,
274 1772 88 40 adeo
329 1772 177 40 praesentibus
473 1772 133 40 judiciis
573 1772 77 40 Dei
617 1772 177 40 percellitur,
761 1772 133 40 Proverb.
860 1772 77 40 10.
904 1772 122 40 versic.
982 1772 55 40 24.

238 1809 84 36 Quod
290 1809 126 36 formidat
384 1809 136 36 improbus,
489 1809 63 36 id
520 1809 115 36 eveniet
604 1809 73 36 ei.
646 1809 84 36 Jes.
698 1809 63 36 3.
729 1809 63 36 v.
761 1809 73 36 11.
802 1809 84 36 Vae,
855 1809 115 36 improbo
938 1809 84 36 male
980 1809 63 36 est:

242 1841 79 41 nam
287 1841 159 41 retributio
412 1841 113 41 manuum
491 1841 113 41 ipsius
571 1841 170 41 conficietur
707 1841 102 41 ipsi.
775 1841 113 41 Matth.
854 1841 68 41 3.
888 1841 68 41 v.
923 1841 79 41 10.
968 1841 57 41 &
979 1841 57 41 ca¬-

230 1866 84 48 pite
282 1866 63 48 7.
313 1866 94 48 vers.
376 1866 73 48 19.
418 1866 126 48 Proverb.
513 1866 73 48 17.
544 1866 42 48 11

268 1893 105 47 III.
334 1893 105 47 Quia
399 1893 184 47 improborum
544 1893 118 47 nomen
623 1893 92 47 aut
675 1893 145 47 interit
780 1893 92 47 aut
833 1893 92 47 est
885 1893 158 47 ingratum
991 1893 39 47 &

232 1938 126 39 exosum,
323 1938 69 39 ut
358 1938 92 39 quod
415 1938 172 39 putriditate
553 1938 80 39 sua
598 1938 138 39 foeteat,
702 1938 138 39 Proverb.
805 1938 80 39 10.
851 1938 69 39 v.
885 1938 69 39 7.
919 1938 103 39 Nomen
977 1938 57 39 im¬-

234 1965 148 50 proborum
345 1965 148 50 putridum
444 1965 74 50 est.

1110 154 91 50 IV.
1162 154 104 50 Quia
1227 154 182 50 improborum
1371 154 104 50 vita
1436 154 91 50 est
1488 154 143 50 brevis,
1592 154 117 50 Psal.
1670 154 91 50 37.
1723 154 78 50 2.
1762 154 91 50 Nam
1801 154 91 50 sicub

1085 180 114 62 foenum
1165 180 91 62 cito
1222 180 171 62 succidentur
1359 180 57 62 &
1382 180 103 62 sicut
1450 180 149 62 viriditas
1565 180 126 62 tenerae
1656 180 103 62 herba
1725 180 149 62 decident.
1827 180 69 62 Item

1077 226 65 47 v.
1110 226 65 47 9,
1142 226 76 47 10.
1186 226 131 47 Malefici
1284 226 185 47 exscindentur:
1436 226 174 47 exspectantes
1578 226 87 47 vero
1633 226 131 47 Iehovam,
1731 226 87 47 ipsi
1774 226 109 47 haeredi¬-

1087 261 104 43 tario
1156 261 92 43 jure
1213 261 173 43 possidebunt
1351 261 127 43 terram.
1443 261 69 43 Et
1478 261 104 43 adhuc
1547 261 150 43 paululum,
1662 261 104 43 plane
1731 261 81 43 non
1777 261 92 43 erit
1823 261 58 43 im¬-

1083 291 117 49 probus:
1169 291 85 49 quod
1222 291 64 49 si
1254 291 192 49 consideraveris
1414 291 96 49 locum
1478 291 96 49 ejus,
1542 291 75 49 non
1584 291 139 49 exstabit.
1691 291 64 49 Et
1723 291 64 49 v.
1755 291 75 49 35,
1798 291 75 49 36.
1830 291 53 49 Vi.

1076 329 77 43 di
1115 329 154 43 improbum
1230 329 116 43 magna
1307 329 77 43 vi
1346 329 193 43 erumpentem;
1500 329 64 43 &
1526 329 103 43 sese
1590 329 193 43 explicantem
1744 329 141 43 tanquam
1834 329 64 43 ar¬-

1086 354 82 46 bor
1133 354 140 46 indigena
1238 354 129 46 virens.
1332 354 117 46 Deinde
1414 354 176 46 praeteriit,
1555 354 59 46 &
1578 354 94 46 ecce
1636 354 82 46 non
1683 354 94 46 erat
1742 354 140 46 amplius:
1835 354 59 46 nam

1094 389 135 48 quaesivi
1195 389 90 48 eum:
1251 389 79 48 sed
1296 389 79 48 non
1341 389 135 48 inventus
1442 389 90 48 est.
1499 389 101 48 Prov.
1566 389 79 48 10.
1611 389 67 48 v.
1645 389 79 48 25.
1690 389 67 48 Vt
1723 389 124 48 tanquam
1802 389 90 48 trans¬-

1078 427 104 37 eunte
1148 427 127 37 turbine
1240 427 81 37 non
1286 427 127 37 exstet.
1378 427 69 37 Et
1412 427 69 37 v.
1447 427 81 37 27.
1493 427 92 37 Anni
1551 427 161 37 improborum
1666 427 161 37 decurtantur?

1110 451 77 55 V.
1149 451 102 55 Quia
1212 451 179 55 improborum
1353 451 192 55 exspectatio
1506 451 128 55 perit,
1595 451 140 55 etiamsi
1698 451 140 55 judicio
1787 451 102 55 ipsius

1081 477 162 54 firmissima
1209 477 58 54 &
1232 477 104 54 fulta
1301 477 127 54 maximis
1394 477 127 54 viribus
1486 477 150 54 videatur,
1602 477 139 54 Proverb.
1706 477 81 54 10.
1752 477 127 54 versic.
1833 477 58 54 28.

1087 520 180 49 Exspectatio
1231 520 168 49 improborum
1363 520 120 49 perit.
1447 520 72 49 Et
1483 520 96 49 cap.
1543 520 84 49 11.
1591 520 72 49 7.
1627 520 96 49 Quum
1687 520 132 49 moritur
1783 520 96 49 bomo
1831 520 60 49 im¬-

1085 555 119 42 probus,
1172 555 98 42 perit
1237 555 174 42 exspectatio;
1378 555 98 42 etiam
1444 555 87 42 spes
1498 555 174 42 valentissima
1628 555 87 42 perit.

1118 586 94 52 VI.
1171 586 107 52 Quia
1238 586 147 52 improbi
1345 586 94 52 non
1399 586 214 52 inhabitabunt
1573 586 147 52 terram,
1680 586 161 52 Proverb.
1800 586 94 52 10.
1840 586 54 52 v.

1080 620 88 41 30.
1130 620 138 41 Improbi
1230 620 88 41 non
1280 620 200 41 inhabitabunt
1430 620 113 41 terram.

1118 653 106 53 VII.
1184 653 106 53 Quia
1250 653 106 53 sunt
1316 653 93 53 Deo
1369 653 225 53 abominationi,
1554 653 159 53 Proverb.
1673 653 79 53 3.
1713 653 79 53 v.
1753 653 93 53 32.
1792 653 106 53 Abomi¬-

1089 683 114 43 nationi
1172 683 114 43 Iehovae
1255 683 73 43 est
1286 683 135 43 praefractus

1109 717 120 54 VIII.
1189 717 107 54 Quia
1255 717 147 54 ipsorum
1362 717 120 54 domui
1442 717 160 54 incumbit
1562 717 187 54 exsecratio
1709 717 160 54 Jehovae,
1816 717 80 54 Pro¬-

1078 751 101 49 verb.
1145 751 67 49 3.
1178 751 67 49 v.
1212 751 78 49 33.
1257 751 156 49 Exsecratio
1379 751 123 49 Iehovae
1469 751 134 49 incumbit
1569 751 101 49 domui
1625 751 112 49 improbi.

1107 783 89 53 IX.
1158 783 102 53 Quia
1222 783 191 53 improbitate
1375 783 89 53 sua
1426 783 179 53 concidunt,
1566 783 153 53 Proverb.
1681 783 89 53 10.
1732 783 77 53 v.
1770 783 89 53 29.
1821 783 64 53 &
1834 783 64 53 ca.

1078 818 77 45 II.
1122 818 66 45 v.
1155 818 66 45 5.
1188 818 165 45 Improbitate
1320 818 77 45 sua
1365 818 132 45 concidit
1453 818 121 45 improbus.

1109 848 69 55 X.
1143 848 91 55 Quia
1200 848 69 55 de
1234 848 126 55 illorum
1326 848 137 55 interitu
1429 848 91 55 urbs
1486 848 149 55 laetatur,
1600 848 137 55 Proverb.
1703 848 80 55 11.
1749 848 126 55 versic.
1829 848 57 55 10.

1080 885 95 41 Quum
1139 885 130 41 pereunt
1234 885 142 41 improbi,
1340 885 118 41 cantus
1411 885 142 41 exercetur.

1120 917 94 53 Loco
1179 917 234 53 recapitulationis
1378 917 117 53 libri,
1459 917 105 53 visum
1530 917 82 53 est
1576 917 129 53 aliquot
1670 917 129 53 veterum
1752 917 140 53 sententias

1072 949 172 46 adscribere
1207 949 74 46 de
1243 949 110 46 bonis
1305 949 123 46 operibus

1107 981 185 49 AUGUSTINUS
1252 981 145 49 secundo
1358 981 119 49 tomo,
1437 981 172 49 epistolam
1569 981 185 49 centesima-
1714 981 132 49 quinta
1794 981 92 49 scri¬-

1076 1016 78 52 pta
1121 1016 101 52 Sixto
1188 1016 168 52 Presbytero:
1322 1016 101 52 Opera
1389 1016 89 52 bona
1445 1016 101 52 fiunt
1512 1016 67 52 ab
1545 1016 123 52 homine,
1635 1016 101 52 fides
1702 1016 101 52 autem
1769 1016 78 52 sit
1814 1016 67 52 in
1836 1016 56 52 ho¬-

1076 1048 102 42 mine,
1144 1048 91 42 sine
1200 1048 79 42 qua
1245 1048 91 42 illa
1302 1048 57 42 a
1325 1048 102 42 nullo
1393 1048 102 42 fiunt
1449 1048 102 42 homine.

1106 1079 103 48 Idem
1170 1079 128 48 tertio
1260 1079 116 48 tomo,
1337 1079 180 48 enchiridio
1478 1079 77 48 ad
1517 1079 180 48 Lautentium
1658 1079 128 48 capite
1735 1079 154 48 trigesimo:

1084 1111 91 59 Haec
1141 1111 91 59 pars
1197 1111 125 59 generis
1289 1111 125 59 humani,
1380 1111 80 59 cui
1425 1111 182 59 liberationem
1573 1111 91 59 Deus
1630 1111 148 59 regnumque
1744 1111 137 59 promisit
1835 1111 57 59 ae¬-

1077 1156 132 36 ternum,
1173 1156 132 36 nunquid
1269 1156 132 36 meritis
1364 1156 120 36 operum
1448 1156 120 36 suorum
1532 1156 144 36 reparari
1640 1156 132 36 potest?
1735 1156 120 36 Absit.
1819 1156 96 36 Quid

1076 1184 88 48 enim
1131 1184 88 48 boni
1186 1184 120 48 operari
1273 1184 109 48 potest
1350 1184 142 48 perditus,
1459 1184 88 48 nisi
1514 1184 120 48 quantum
1601 1184 109 48 fuerit
1678 1184 55 48 a
1700 1184 153 48 perditione
1809 1184 77 48 libe¬

1068 1220 95 37 ratus:

1113 1250 183 47 FULGENTIUS
1257 1250 79 47 de
1296 1250 118 47 statu
1375 1250 144 47 viduali
1479 1250 79 47 ad
1519 1250 131 47 Gallam
1610 1250 170 47 epistolam
1741 1250 157 47 secunda:
1846 1250 52 47 In

1079 1280 121 46 omnibus
1167 1280 132 46 operibus
1266 1280 99 46 bonis
1332 1280 88 46 cave
1387 1280 66 46 ne
1420 1280 110 46 laudis
1498 1280 121 46 humanae
1586 1280 143 46 desiderio
1696 1280 165 46 ventileris:
1817 1280 66 46 lau¬-

1086 1315 93 41 dari
1144 1315 116 41 quippe
1225 1315 69 41 in
1260 1315 104 41 bonis
1330 1315 139 41 operibus
1434 1315 116 41 debes,
1515 1315 81 41 sed
1561 1315 69 41 in
1596 1315 69 41 eo
1631 1315 93 41 quod
1689 1315 151 41 operaris,
1793 1315 104 41 hominum

1086 1360 107 39 audes
1157 1360 167 39 exspectare
1288 1360 83 39 non
1336 1360 119 39 debes.
1419 1360 119 39 Laudet
1502 1360 71 39 te
1538 1360 119 39 quidem
1621 1360 119 39 humana
1705 1360 131 39 lingua,
1800 1360 83 39 sed
1835 1360 48 39 ti

1079 1379 112 45 laudem
1157 1379 56 45 a
1179 1379 89 45 solo
1235 1379 78 45 Deo
1280 1379 145 45 desidera.
1391 1379 100 45 Atque
1458 1379 78 45 ita
1503 1379 100 45 fiet,
1570 1379 67 45 ut
1603 1379 78 45 dum
1648 1379 67 45 tu
1681 1379 112 45 laudem
1759 1379 67 45 ab
1782 1379 100 45 homini¬-

1082 1412 79 46 bus
1127 1412 79 46 non
1172 1412 170 46 quaesieris,
1308 1412 91 46 Deus
1365 1412 136 46 laudetur
1467 1412 68 46 in
1501 1412 136 46 operibus
1603 1412 102 46 tuis.
1671 1412 68 46 Et
1705 1412 91 46 mox:
1761 1412 79 46 Sic
1795 1412 91 46 jubet,

1078 1452 133 37 Christus
1178 1452 89 37 bona
1233 1452 100 37 opera
1299 1452 111 37 fieri,
1377 1452 66 37 ut
1410 1452 77 37 non
1454 1452 144 37 nosipsos,
1565 1452 77 37 sed
1609 1452 100 37 Deum,
1676 1452 122 37 velimus
1764 1452 66 37 in
1786 1452 100 37 nostra.

1087 1486 169 35 operatione
1219 1486 145 35 laudari.
1328 1486 84 35 Nam
1376 1486 60 35 &
1400 1486 157 35 Apostolus
1521 1486 72 35 in
1557 1486 96 35 suis
1617 1486 145 35 operibus
1725 1486 133 35 gloriam
1810 1486 84 35 huma¬-

1090 1519 81 43 nam
1137 1519 139 43 vitabat,
1241 1519 81 43 sed
1287 1519 127 43 divinam
1380 1519 127 43 gloriam
1472 1519 162 43 quaerebat.
1600 1519 69 43 Et
1634 1519 104 43 paulo
1704 1519 104 43 post:
1773 1519 69 43 In
1796 1519 93 43 studio

1090 1551 98 34 prgo
1151 1551 134 34 bonorum
1248 1551 122 34 operum
1334 1551 134 34 &laudis
1431 1551 134 34 humanae
1529 1551 159 34 contemtu,
1651 1551 98 34 cave
1712 1551 73 34 ne
1749 1551 110 34 bonum
1810 1551 73 34 quo-

1094 1580 104 45 facis,
1166 1580 73 45 non
1208 1580 114 45 gratiae
1291 1580 83 45 Dei,
1343 1580 73 45 sed
1385 1580 83 45 tuae
1437 1580 94 45 velis
1499 1580 135 45 assignare
1603 1580 125 45 virtuti:
1697 1580 73 45 imo
1738 1580 125 45 firmiter
1821 1580 73 45 tene,

1078 1618 105 33 nullam
1152 1618 84 33 tibi
1205 1618 147 33 facultatem
1320 1618 105 33 inesse
1394 1618 95 33 posse
1457 1618 147 33 uoluntatis
1573 1618 74 33 aut
1615 1618 116 33 operis,
1699 1618 84 33 nisi
1751 1618 63 33 id
1772 1618 116 33 gratuite,

1090 1651 113 42 munere
1169 1651 124 42 divinae
1259 1651 181 42 miserationis
1406 1651 158 42 acceperis.
1530 1651 102 42 Scito
1598 1651 90 42 ergo
1655 1651 90 42 Deum
1711 1651 68 42 in
1745 1651 68 42 te
1779 1651 124 42 operari
1858 1651 34 42 &

1089 1684 105 41 velle
1159 1684 58 41 &
1183 1684 152 41 perficere
1299 1684 82 41 pro
1346 1684 93 41 bona
1404 1684 163 41 uoluntate.
1533 1684 128 41 Proinde
1626 1684 82 41 cum
1673 1684 117 41 timore
1755 1684 58 41 &
1766 1684 117 41 tremore,

1082 1716 94 38 tuam
1141 1716 129 38 salutem
1235 1716 141 38 operare.
1340 1716 153 38 Humiliare
1458 1716 70 38 in
1493 1716 153 38 conspectu
1610 1716 129 38 Domini,
1704 1716 129 38 exaltet
1798 1716 82 38 te.
1833 1716 59 38 Ab¬-

1090 1741 84 50 illo
1143 1741 95 50 posce
1206 1741 147 50 voluntatis
1322 1741 137 50 exordium,
1427 1741 63 50 ab
1459 1741 84 50 ipso
1512 1741 116 50 postula
1596 1741 95 50 bonae
1659 1741 158 50 operationis
1775 1741 105 50 effectum

1084 1780 65 44 ab
1117 1780 87 44 ipso
1171 1780 196 44 perseverantiae
1335 1780 98 44 donum
1400 1780 98 44 pete.
1466 1780 76 44 Nec
1509 1780 142 44 aliquando
1618 1780 65 44 te
1651 1780 109 44 putes,
1727 1780 109 44 illius
1793 1780 98 44 adjuto¬-

1088 1814 72 35 rio
1129 1814 155 35 desistente,
1253 1814 113 35 aliquid
1335 1814 93 35 posse
1397 1814 82 35 boni
1449 1814 93 35 velle
1510 1814 72 35 seu
1552 1814 113 35 facere.
1634 1814 93 35 Illum
1696 1814 82 35 roga
1748 1814 62 35 ut
1779 1814 113 35 avertat
1851 1814 41 35 o¬-

1087 1847 99 35 culos
1153 1847 99 35 tuos,
1219 1847 66 35 ne
1252 1847 121 35 videant
1340 1847 154 35 vanitatem.
1461 1847 99 35 Ipsum
1528 1847 132 35 postula,
1627 1847 66 35 ut
1660 1847 154 35 demonstret
1781 1847 88 35 tibi
1825 1847 55 35 vi¬-

1089 1881 72 42 im
1125 1881 72 42 in
1161 1881 84 42 qua
1208 1881 143 42 ambules.
1316 1881 107 42 Ipsum
1388 1881 143 42 obsecra,
1495 1881 72 42 ut
1531 1881 131 42 gressus
1626 1881 96 42 tuos
1686 1881 131 42 dirigat
1770 1881 119 42 secundum

1103 1910 130 52 verbum
1194 1910 117 52 suum.
1272 1910 104 52 Ipsi
1337 1910 104 52 soli
1402 1910 91 52 Deo
1454 1910 182 52 immortali,
1596 1910 143 52 bonorum
1700 1910 130 52 omnium
1778 1910 78 52 lar¬-

1199 1940 112 54 gitori
1277 1940 56 54 &
1300 1940 157 54 effectori,
1423 1940 78 54 sit
1468 1940 90 54 laus
1524 1940 56 54 &
1546 1940 112 54 gloria
1624 1940 67 54 in
1647 1940 123 54 aeternum.

1355 1978 206 40 AMEN.
