2063 3411
249 142 106 51 valde
320 142 130 51 noxius,
415 142 118 51 Roman.
497 142 71 51 1.
533 142 71 51 v.
568 142 83 51 21,
616 142 83 51 22,
663 142 83 51 23.
710 142 154 51 Propterea
828 142 95 51 quod
887 142 83 51 cum
935 142 95 51 Deum
982 142 59 51 no¬-

253 176 99 45 rint,
319 176 99 45 tamen
385 176 66 45 ut
419 176 88 45 Deum
474 176 77 45 non
518 176 221 45 glorificaverunt,
706 176 99 45 neque
772 176 121 45 gratias
860 176 66 45 ei
893 176 133 45 egerunt:
982 176 55 45 sed

245 212 88 41 vani
300 212 99 41 facti
366 212 88 41 sunt
421 212 66 41 in
454 212 231 41 ratiocinationibus
653 212 99 41 suis,
719 212 55 41 &
741 212 176 41 obtenebratum
884 212 77 41 est
928 212 77 41 cor
961 212 88 41 eorum.

247 244 184 47 intelligentia
399 244 119 47 carens.
485 244 86 47 Quum
539 244 65 47 se
571 244 141 47 dicticent
680 244 151 47 sapientes,
798 244 108 47 stulti
874 244 97 47 facti
939 244 97 47 sunt:
993 244 54 47 Mu¬-

250 280 115 42 tarunt
331 280 92 42 enim
389 280 127 42 gloriam
481 280 219 42 incorruptibilis
665 280 81 42 Dei
711 280 69 42 in
746 280 161 42 efformatam
873 280 138 42 imaginem
965 280 69 42 cor¬-

251 318 166 38 ruptibilis
381 318 142 38 hominis,
488 318 59 38 &
511 318 166 38 volucrium,
642 318 59 38 &
665 318 189 38 quadrupedum,
819 318 59 38 &
831 318 130 38 reptilium

283 332 158 55 Necessitas
407 332 90 55 vero
463 332 56 55 &
486 332 135 55 utilitas
587 332 102 55 verae
655 332 158 55 religionis
779 332 56 55 &
802 332 135 55 pietatis
892 332 158 55 amoenissimis

254 373 216 46 similitudinibus
435 373 114 46 passim
515 373 68 46 in
549 373 148 46 Scriptura
663 373 170 46 declaratur.
799 373 125 46 Exempli
890 373 125 46 gratia.
969 373 80 46 Prov.

251 412 60 48 3.
281 412 60 48 v.
311 412 60 48 8.
340 412 119 48 Salutare
430 412 60 48 id
460 412 79 48 erit
509 412 119 48 umbilico
599 412 79 48 tuo,
648 412 50 48 &
668 412 129 48 irrigatio
767 412 109 48 ossibus
847 412 89 48 tuis,
896 412 50 48 &c.

286 431 95 61 Quod
345 431 71 61 ad
381 431 107 61 totam
452 431 131 61 humanam
547 431 166 61 societatem
678 431 142 61 attinet,
785 431 131 61 religio
880 431 95 61 vera
939 431 83 61 est
975 431 59 61 ne¬-

248 472 134 44 cessaria
348 472 67 44 ac
382 472 123 44 utilis,
471 472 89 44 quia
527 472 78 44 est
571 472 134 44 vinculum
672 472 123 44 humanae
761 472 167 44 societatis,
895 472 67 44 ac
917 472 123 44 firmamen¬-

251 509 81 45 tum
298 509 173 45 Reipublicae
436 509 58 45 &
459 509 104 45 velut
528 509 104 45 basis
586 509 69 45 ejus

280 532 89 55 Sine
335 532 144 55 religione
446 532 89 55 enim
502 532 133 55 societas
602 532 78 55 non
646 532 100 55 erit,
713 532 89 55 quia
768 532 78 55 non
813 532 111 55 fides,
891 532 78 55 non
924 532 122 55 justitia,

244 571 75 44 non
287 571 151 44 humanitas,
406 571 75 44 non
449 571 108 44 virtus
525 571 97 44 ulla;
589 571 75 44 sed
632 571 108 44 fraus,
708 571 140 44 licentia,
816 571 162 44 injustitia,
934 571 108 44 crudeli¬-

254 603 95 47 tas,
313 603 189 47 protervitas,
467 603 59 47 &
491 603 71 47 ut
526 603 83 47 uno
573 603 106 47 verbo
644 603 118 47 dicam,
727 603 142 47 confusio
833 603 130 47 hominum
928 603 71 47 ac
951 603 95 47 rerum;

244 635 67 47 ut
277 635 112 47 Paulus
356 635 146 47 Apostolus
468 635 135 47 testatur
569 635 90 47 Rom.
625 635 67 47 1.
659 635 67 47 v.
692 635 79 47 24.
737 635 56 47 &
760 635 168 47 sequentibus
894 635 101 47 usque
961 635 67 47 ad
984 635 56 47 fi¬-

243 675 83 39 nem
290 675 141 39 capitis;
396 675 83 39 ubi
444 675 106 39 docet
514 675 165 39 religionis
644 675 106 39 verae
715 675 153 39 contemtum
833 675 94 39 esse
892 675 141 39 originem
986 675 47 39 o¬-

256 702 108 46 mnium
328 702 156 46 vitiorum,
448 702 192 46 flagitiorum,
604 702 156 46 scelerum,
723 702 192 46 calamitatum.
879 702 72 46 Id
915 702 120 46 docent
987 702 48 46 ex

241 736 130 45 empla,
332 736 117 45 nempe
410 736 117 45 mundi
488 736 117 45 impii
566 736 104 45 ante
631 736 156 45 diluvium
747 736 104 45 Gen.
812 736 78 45 6.
851 736 117 45 Regni
916 736 130 45 AEgyptii

244 767 83 40 sub
292 767 143 40 Pharaone
399 767 190 40 Israelitatum
553 767 190 40 persequutore
708 767 107 40 Exod.
779 767 71 40 1.
815 767 59 40 &
839 767 178 40 sequentibus
970 767 71 40 capi

244 808 115 35 tibus.
325 808 173 35 Reipublicae
464 808 184 35 Israeliticae
613 808 92 35 post
671 808 115 35 mortem
752 808 138 35 Simsonis
856 808 92 35 Jud.
913 808 81 35 17.
948 808 92 35 capite

249 833 59 44 &
273 833 187 44 sequentibus.
425 833 105 44 Regni
495 833 140 44 Judaici,
600 833 70 44 ut
635 833 59 44 &
659 833 176 44 Israelitici
799 833 82 44 sub
846 833 129 44 regibus
940 833 117 44 impiis
1010 833 35 44 &

251 868 123 40 falsam
337 868 173 40 religionem
473 868 222 40 defendentibus,
658 868 74 40 ut
695 868 123 40 videre
781 868 86 40 est
831 868 74 40 in
868 868 123 40 libris
954 868 111 40 Regum
1016 868 37 40 &

250 901 227 43 Chronicorum,
435 901 270 43 Rerumpublicarum
662 901 185 43 Graecarum
804 901 71 43 &
833 901 142 43 Romani
918 901 128 43 imperi¬-

248 932 135 42 Ethnici,
349 932 135 42 Romanor.
450 932 90 42 cap.
506 932 67 42 1.
539 932 123 42 versic.
629 932 79 42 21,
674 932 56 42 &
696 932 168 42 sequentibus
831 932 101 42 usque
898 932 67 42 ad
932 932 101 42 finem
988 932 56 42 ca¬

231 971 81 49 pitis

291 995 92 49 Illa
348 995 138 49 subditos
451 995 138 49 meliores
554 995 207 49 tranquillosque
727 995 115 49 facit:
807 995 103 49 nulla
876 995 92 49 enim
933 995 80 49 res
968 995 80 49 magis

248 1038 125 40 animos
335 1038 62 40 &
360 1038 112 40 mores
435 1038 162 40 componit,
559 1038 100 40 quam
622 1038 150 40 religio:
734 1038 62 40 &
759 1038 100 40 illa
821 1038 87 40 ubi
871 1038 75 40 in
909 1038 125 40 pectus
984 1038 62 40 de¬-

252 1067 120 45 missa,
336 1067 144 45 virtutum
444 1067 108 45 agmen
517 1067 156 45 sequitur,
637 1067 156 45 in-primis
757 1067 168 45 mansuetudo
890 1067 132 45 quaedam
974 1067 72 45 ani¬-

239 1105 71 41 mi
275 1105 60 41 &
299 1105 214 41 tranquillitas,
477 1105 95 41 quae
537 1105 131 41 faciles
632 1105 95 41 bona
692 1105 191 41 imperantibus
847 1105 179 41 obnoxiosque
978 1105 71 41 edi¬-

244 1134 86 42 ctis
298 1134 118 42 reddit.
384 1134 86 42 Illa
437 1134 118 42 fraenum
523 1134 75 42 est
566 1134 161 42 peccaturis,
694 1134 96 42 Prov.
759 1134 64 42 2.
791 1134 64 42 v.
823 1134 64 42 1.
855 1134 54 42 &
877 1134 129 42 sequent.
973 1134 64 42 Et
1005 1134 86 42 cap.
1048 1134 43 42 D.

247 1168 70 40 8.
282 1168 70 40 v.
317 1168 82 40 13.
364 1168 175 40 Reverentiam
504 1168 140 40 Iehovae,
609 1168 105 40 odium
679 1168 105 40 mali:
749 1168 117 40 fastum
830 1168 58 40 &
854 1168 163 40 elationem,
970 1168 82 40 viam¬-

259 1201 76 39 que
303 1201 98 39 mali,
368 1201 119 39 denique
455 1201 65 39 os
487 1201 206 39 perversitatibus
661 1201 119 39 deditum
748 1201 87 39 odi.
802 1201 87 39 Illa
857 1201 98 39 metum
922 1201 98 39 satis
976 1201 76 39 vali¬-

254 1237 77 35 dum
298 1237 155 35 ingenerat,
420 1237 77 35 qui
464 1237 133 35 cohibeat
563 1237 55 35 a
585 1237 166 35 maleficiis,
718 1237 99 35 Psal.
784 1237 88 35 119.
839 1237 66 35 v.
872 1237 88 35 120.
928 1237 110 35 Horret
994 1237 55 35 pa¬-

252 1270 97 35 vore
313 1270 85 35 tui
361 1270 97 35 caro
422 1270 97 35 mea;
483 1270 97 35 adeo
544 1270 61 35 a
568 1270 146 35 judiciis
678 1270 97 35 tuis
739 1270 122 35 timeo.
824 1270 85 35 Nam
872 1270 146 35 externum
970 1270 85 35 illum

246 1300 110 36 metum
319 1300 86 36 qui
368 1300 61 36 a
393 1300 123 36 poenis
479 1300 86 36 aut
528 1300 110 36 morte
601 1300 98 36 est,
663 1300 110 36 multi
736 1300 184 36 contemnunt,
884 1300 61 36 &
896 1300 147 36 desperatio

250 1332 136 38 impetus
349 1332 87 38 aut
398 1332 161 38 iracundia
522 1332 74 38 eo
559 1332 136 38 ducunt,
658 1332 74 38 ut
695 1332 148 38 exemplum
806 1332 148 38 ostendit
905 1332 148 38 Benjamini¬-

255 1373 103 33 arum
319 1373 180 33 religionem
461 1373 142 33 divinam
564 1373 90 33 non
615 1373 167 33 curantium
744 1373 103 33 Jud.
796 1373 64 33 20.

274 1398 90 43 Sine
330 1398 68 43 ea
364 1398 79 43 nec
409 1398 181 43 Magistratus,
556 1398 79 43 nec
601 1398 124 43 subditi
692 1398 136 43 officium
793 1398 136 43 facient,
895 1398 68 43 ut
929 1398 102 43 docet
986 1398 56 43 ex¬-

246 1432 120 36 emplum
330 1432 156 36 Jarobeami
450 1432 108 36 Regis
522 1432 204 36 Israelitatum.
689 1432 72 36 1.
725 1432 96 36 Reg.
785 1432 72 36 2.
821 1432 96 36 v16.
881 1432 60 36 &
893 1432 156 36 sequentibus

251 1463 125 44 Achaxi
339 1463 113 44 Regis
415 1463 113 44 Judae
490 1463 63 44 &
515 1463 176 44 subditorum
653 1463 100 44 ejus
716 1463 75 44 2.
753 1463 138 44 Reg.16.
854 1463 151 44 Manassis
954 1463 88 44 Regis

252 1498 107 35 Judae
324 1498 60 35 &
348 1498 167 35 subditorum
479 1498 96 35 ejus
539 1498 72 35 2.
574 1498 96 35 Reg.
634 1498 84 35 21.
682 1498 60 35 &
706 1498 167 35 subditorum
837 1498 119 35 Amonis
921 1498 107 35 Regis
980 1498 60 35 Ju¬-

243 1535 103 40 daici
311 1535 69 40 2.
346 1535 92 40 Reg.
403 1535 80 40 21.
449 1535 69 40 v.
483 1535 80 40 23.
529 1535 149 40 Sedechiae
644 1535 92 40 item
701 1535 57 40 &
724 1535 161 40 subditorum
850 1535 92 40 ejus
908 1535 69 40 2.
942 1535 92 40 Reg.
988 1535 46 40 2.

244 1567 57 42 &
266 1567 69 42 2.
301 1567 115 42 Chron.
381 1567 80 42 36.
427 1567 103 42 vers.
496 1567 80 42 11,
542 1567 57 42 &
565 1567 183 42 sequentibus,
714 1567 115 42 Jerem.
794 1567 69 42 36
828 1567 92 42 cap.
886 1567 57 42 &
897 1567 149 42 sequentibus

286 1601 125 39 Utinam
373 1601 100 39 haec
435 1601 212 39 consideratent
610 1601 125 39 Reges,
697 1601 162 39 Principes
822 1601 62 39 &
847 1601 187 39 Magistratus
984 1601 62 39 om¬-

251 1628 79 37 nes
296 1628 79 37 qui
341 1628 102 37 verae
409 1628 158 37 Religionis
533 1628 102 37 curam
601 1628 102 37 nihil
669 1628 68 37 ad
703 1628 68 37 se
737 1628 147 37 pertinere
850 1628 124 37 putant,
940 1628 57 37 &
952 1628 90 37 propo¬-

250 1661 95 38 sitis
314 1661 95 38 solis
377 1661 138 38 politicis
483 1661 127 38 legibus,
579 1661 95 38 fieri
642 1661 95 38 posse
706 1661 127 38 sperant,
801 1661 64 38 ut
833 1661 138 38 justitia,
939 1661 64 38 ac
960 1661 95 38 proinde

250 1696 79 45 pax
295 1696 56 45 &
317 1696 191 45 tranquillitas
474 1696 101 45 inter
541 1696 101 45 cives
609 1696 90 45 suos
665 1696 179 45 conservetur:
811 1696 101 45 quasi
878 1696 101 45 prius
934 1696 112 45 exhauri¬-

280 1732 123 39 possint
369 1732 89 39 rivi
425 1732 89 39 quam
481 1732 89 39 fons
537 1732 89 39 ipse
582 1732 134 39 obstruatur

282 1764 180 46 Magistratui
426 1764 144 46 inprimis
535 1764 96 46 vera
595 1764 132 46 Religio
691 1764 84 46 est
739 1764 193 46 amplectenda:
896 1764 72 46 ut
932 1764 72 46 ex
956 1764 84 46 argu¬-

231 1794 70 54 ae
266 1794 117 54 mentis
348 1794 175 54 sequentibus
489 1794 117 54 planum
559 1794 70 54 fit.

284 1828 119 42 Primum
367 1828 95 42 est,
426 1828 95 42 quia
486 1828 178 42 Magistratui
628 1828 107 42 illam
699 1828 95 42 Deus
758 1828 95 42 ipse
818 1828 190 42 peculiariter
960 1828 83 42 impe¬-

261 1859 84 40 rat,
313 1859 63 40 ut
344 1859 115 40 constat
428 1859 63 40 ex
460 1859 136 40 subjectis
564 1859 168 40 testimoniis.
700 1859 84 40 Gen.
753 1859 73 40 17.
795 1859 63 40 v.
826 1859 63 40 1,
857 1859 63 40 2.
889 1859 126 40 apparuit
973 1859 73 40 Ieho¬-

254 1890 74 47 va
291 1890 160 47 Abrahamo,
414 1890 62 47 &
438 1890 111 47 dixit
512 1890 86 47 ei;
561 1890 86 47 Ego
610 1890 86 47 sum
660 1890 98 47 Deus
721 1890 123 47 fortis
807 1890 185 47 omnipotens;
943 1890 98 47 indesi

250 1929 124 35 nenter
337 1929 124 35 ambula
424 1929 112 35 coram
498 1929 75 35 me
535 1929 62 35 &
560 1929 99 35 esto
622 1929 149 35 integer;
734 1929 62 35 &
759 1929 149 35 disponam
871 1929 112 35 fedus
946 1929 99 35 meum
995 1929 50 35 in

252 1960 84 39 ter
300 1960 72 39 me
336 1960 60 39 &
360 1960 84 39 te;
408 1960 60 39 &
432 1960 192 39 multiplicabo
589 1960 72 39 te
625 1960 96 39 quam
685 1960 156 39 plurimum.
805 1960 156 39 Deuteron.
926 1960 84 39 17.
962 1960 84 39 vers.

250 1994 77 40 18,
294 1994 77 40 19,
338 1994 77 40 20.
382 1994 77 40 Rex
426 1994 143 40 describat
537 1994 88 40 sibi
592 1994 132 40 exemplum
691 1994 99 40 hujus
757 1994 99 40 Legis
823 1994 66 40 in
857 1994 110 40 libro,
934 1994 66 40 ex
967 1994 66 40 eo
989 1994 55 40 quo

245 2024 88 42 erit
300 2024 66 42 in
333 2024 144 42 conspectu
444 2024 155 42 Sacerdotum
566 2024 177 42 Leviticorum;
709 2024 122 42 eritque
798 2024 100 42 penes
864 2024 88 42 eum,
919 2024 55 42 &
941 2024 100 42 leget
997 2024 44 42 i1

246 2055 71 42 eo
282 2055 131 42 omnibus
377 2055 119 42 diebus
460 2055 107 42 vitae
531 2055 107 42 suae;
602 2055 71 42 ut
638 2055 119 42 discat
721 2055 119 42 timere
804 2055 131 42 Iehovam
899 2055 95 42 Deum
959 2055 95 42 suum
1006 2055 36 42 &

250 2092 144 39 observare
361 2092 100 39 omnia
427 2092 100 39 verba
494 2092 100 39 hujus
560 2092 100 39 Legis
626 2092 55 39 &
649 2092 122 39 statuta
737 2092 89 39 ista
792 2092 133 39 faciendo
892 2092 78 39 ea:
936 2092 66 39 Ne
959 2092 78 39 effe¬-

254 2125 97 32 ratur
319 2125 107 32 animus
394 2125 86 32 ejus
448 2125 86 32 prae
501 2125 140 32 fratribus
609 2125 97 32 suis,
673 2125 54 32 &
695 2125 64 32 ne
727 2125 118 32 recedat
813 2125 64 32 ab
845 2125 75 32 hoc
888 2125 140 32 praecepto
985 2125 64 32 dex¬-

244 2154 116 40 trorsum
329 2154 74 40 aut
371 2154 179 40 sinistrorsum:
519 2154 63 40 ut
551 2154 137 40 prolonget
656 2154 84 40 dies
709 2154 63 40 in
740 2154 95 40 regno
804 2154 84 40 suo,
857 2154 84 40 ipse
909 2154 53 40 &
930 2154 95 40 filii
983 2154 53 40 eju

247 2188 65 34 in
280 2188 98 34 medio
345 2188 141 34 Israelis.
453 2188 87 34 Jos.
507 2188 65 34 1.
540 2188 98 34 vers.
605 2188 65 34 7,
638 2188 65 34 8.
670 2188 152 34 Tantummodo
790 2188 152 34 confirmare
909 2188 54 34 &
931 2188 108 34 fortis
996 2188 43 34 e¬-

243 2222 84 39 sto
291 2222 120 39 valde,
375 2222 72 39 ut
411 2222 84 39 cum
460 2222 180 39 observantia
604 2222 132 39 prorsus
700 2222 120 39 facias
784 2222 144 39 secundum
893 2222 108 39 Legem
953 2222 96 39 illam,

253 2257 89 36 quam
308 2257 144 36 praecepit
419 2257 89 36 tibi
474 2257 100 36 Moses
541 2257 111 36 servus
618 2257 100 36 meus,
685 2257 78 36 nec
729 2257 111 36 recede
807 2257 66 36 ab
840 2257 66 36 eo
873 2257 155 36 dextrorsum
984 2257 55 36 au¬-

251 2293 174 34 sinistrorsum:
394 2293 62 34 ut
425 2293 144 34 secunderis
538 2293 133 34 quocunque
640 2293 113 34 iveris.
722 2293 62 34 Ne
753 2293 133 34 discedito
856 2293 92 34 liber
917 2293 82 34 iste
968 2293 62 34 ex
989 2293 51 34 or¬-

244 2324 89 36 tuo,
300 2324 78 36 sed
344 2324 167 36 meditaberis
478 2324 67 36 de
511 2324 67 36 eo
545 2324 134 36 interdiu
645 2324 67 36 ac
678 2324 111 36 noctu:
756 2324 67 36 ut
790 2324 78 36 cum
834 2324 167 36 observantia
957 2324 89 36 facias

248 2354 109 33 omnino
324 2354 98 33 prout
389 2354 130 33 scriptum
487 2354 76 33 est
531 2354 65 33 in
563 2354 76 33 eo:
607 2354 87 33 tunc
661 2354 87 33 enim
715 2354 185 33 prosperaberis
867 2354 65 33 in
900 2354 87 33 viis
954 2354 98 33 tuis,
1008 2354 33 33 &

250 2385 88 37 tunc
305 2385 176 37 secundaberis
448 2385 110 37 Psalm.
525 2385 66 37 2.
558 2385 121 37 versic.
646 2385 77 37 10,
689 2385 77 37 11,
733 2385 77 37 12.
777 2385 88 37 Nunc
832 2385 88 37 ergo
887 2385 99 37 Reges
942 2385 88 37 anima.

254 2419 130 34 vertite,
352 2419 163 34 eruditionem
482 2419 76 34 per
526 2419 109 34 cipite
602 2419 120 34 Iudices
689 2419 120 34 terrae.
776 2419 109 34 Colite
852 2419 120 34 Iehovam
939 2419 76 34 cum
972 2419 65 34 revo

254 2451 112 36 ventia
332 2451 56 36 &
355 2451 145 36 exsultate
466 2451 78 36 cum
511 2451 134 36 tremore.
612 2451 157 36 Osculamini
735 2451 112 36 Filium
813 2451 67 36 ut
847 2451 78 36 non
892 2451 157 36 irascatur,
1003 2451 34 36 &

243 2482 135 46 pereatis
344 2482 68 46 in
378 2482 79 46 via
423 2482 79 46 cum
468 2482 147 46 exarserit
581 2482 79 46 vel
626 2482 124 46 minimum
716 2482 79 46 ira
761 2482 101 46 ejus:
829 2482 101 46 beati
896 2482 101 46 omnes
964 2482 79 46 qui
998 2482 45 46 si

254 2518 131 35 recipiunt
355 2518 61 35 ad
385 2518 81 35 eum.
436 2518 91 35 Psal.
496 2518 71 35 29.
536 2518 91 35 vers.
597 2518 61 35 1,
627 2518 61 35 2.
658 2518 101 35 Cedite
728 2518 111 35 Iehovae
809 2518 91 35 filii
869 2518 121 35 fortium,
950 2518 91 35 cedite.

253 2546 115 41 Iehova
333 2546 127 41 gloriam
425 2546 58 41 &
448 2546 127 41 laudem.
540 2546 115 41 Cedite
621 2546 127 41 Iehovae
713 2546 127 41 gloriam
805 2546 127 41 nominis
897 2546 104 41 ejus,
954 2546 92 41 incur¬-

258 2580 89 39 vate
313 2580 78 39 vos
358 2580 122 39 henorem
447 2580 156 39 echibentes
569 2580 122 39 Iehovae
658 2580 67 39 in
692 2580 111 39 decoro
758 2580 156 39 sanctitatis,

291 2618 167 32 Secundum,
420 2618 103 32 quia
484 2618 193 32 Magistratus
639 2618 64 32 a
665 2618 90 32 Deo
716 2618 116 32 habet
793 2618 180 32 potestatem
922 2618 116 32 quamcum

254 2648 79 37 que
299 2648 113 37 habet,
378 2648 68 37 ac
412 2648 124 37 proinde
502 2648 113 37 gratus
581 2648 68 37 in
615 2648 90 37 Deum
671 2648 90 37 esse
728 2648 102 37 debet
796 2648 102 37 Psal.
863 2648 79 37 75.
909 2648 102 37 vers.
976 2648 68 37 5,
999 2648 45 37 6.

248 2677 75 34 Non
291 2677 86 34 enim
345 2677 64 34 ab
377 2677 107 34 exortu
452 2677 75 34 aut
495 2677 64 34 ab
527 2677 118 34 occasu,
613 2677 96 34 neque
677 2677 54 34 a
698 2677 118 34 deserto
784 2677 75 34 est
827 2677 150 34 exaltatio:
945 2677 75 34 sed
977 2677 64 34 Deis

251 2712 98 35 Iudex
316 2712 87 35 hunc
370 2712 141 35 deprimit,
479 2712 54 35 &
501 2712 98 35 illum
566 2712 141 35 extollit.
674 2712 119 35 Daniel.
761 2712 65 35 4.
794 2712 65 35 v.
826 2712 76 35 17,
869 2712 76 35 34,
913 2712 76 35 35.
956 2712 65 35 eo
978 2712 65 35 quos

254 2749 151 33 dominatus
371 2749 93 33 ejus
429 2749 81 33 sit
475 2749 151 33 dominatus
591 2749 151 33 aeternus,
707 2749 58 33 &
730 2749 116 33 regnum
812 2749 93 33 ejus
870 2749 70 33 in
905 2749 105 33 omnes
963 2749 81 33 gene¬-

253 2776 142 35 rationes:
362 2776 98 35 omnes
428 2776 87 35 vero
483 2776 164 35 habitatores
614 2776 109 35 terrae
690 2776 66 35 ut
723 2776 109 35 nihili
800 2776 164 35 reputentur,
931 2776 55 35 &
953 2776 77 35 pro
985 2776 55 35 vo¬-

254 2809 116 35 luntate
339 2809 74 35 sua
381 2809 105 35 faciat
455 2809 63 35 in
486 2809 126 35 exercitu
581 2809 95 35 coeli
644 2809 53 35 &
666 2809 179 35 habitatoribus
813 2809 116 35 terrae:
897 2809 95 35 neque
961 2809 74 35 est
992 2809 53 35 qui

259 2842 139 39 prohibeat
366 2842 96 39 manum
430 2842 96 39 ejus,
494 2842 75 39 aut
537 2842 96 39 dicat
601 2842 75 39 ei,
643 2842 85 39 quid
697 2842 107 39 facis?
772 2842 128 39 Proverb.
868 2842 64 39 8.
900 2842 96 39 vers.
964 2842 75 39 14,
996 2842 53 39 15.

256 2881 78 37 16,
301 2881 78 37 ait
345 2881 123 37 aeterna
435 2881 78 37 Dei
479 2881 112 37 Patris
558 2881 156 37 sapientia:
680 2881 89 37 Meum
736 2881 89 37 est,
792 2881 89 37 meum
848 2881 78 37 est
893 2881 156 37 consilium:
1004 2881 34 37 &

260 2909 136 36 quicquid
361 2909 90 36 est:
418 2909 79 36 mea
463 2909 79 36 est
508 2909 158 36 prudentia,
633 2909 90 36 meum
689 2909 113 36 robur.
769 2909 79 36 Per
814 2909 68 36 me
848 2909 102 36 Reges
916 2909 136 36 regnant,
1006 2909 34 36 &

266 2941 171 40 dominatores
402 2941 148 40 decernunt
516 2941 159 40 justitiam.
641 2941 80 40 Per
687 2941 68 40 me
721 2941 148 40 Principes
835 2941 114 40 gerunt
903 2941 148 40 principatum

274 2969 56 45 &
296 2969 123 45 ingenti
386 2969 101 45 omnes
453 2969 123 45 judeces
542 2969 123 45 terrae.
631 2969 123 45 Proinde
721 2969 67 45 si
754 2969 168 45 Magistratus
889 2969 78 45 es,
933 2969 56 45 a
956 2969 78 45 Deo
989 2969 56 45 ha¬-

261 2999 99 48 bes:
322 2999 62 48 &
347 2999 86 48 quo
396 2999 111 48 major
470 2999 160 48 altiorque
593 2999 111 48 plura
667 2999 148 48 benefico
778 2999 99 48 illi
840 2999 123 48 Numini
913 2999 99 48 debes.

282 3037 82 36 per
329 3037 117 36 cultum
411 3037 117 36 igitur
492 3037 222 36 venerationemque
679 3037 93 36 ejus
725 3037 117 36 agnosce¬-

302 3065 152 42 Tertium,
416 3065 101 42 quia
480 3065 190 42 Magistratum
632 3065 101 42 Deus
695 3065 101 42 loco
758 3065 127 42 movere
847 3065 63 42 &
872 3065 152 42 deponere
974 3065 63 42 po¬-

265 3092 93 56 test.
327 3092 83 56 Jes.
379 3092 73 56 40.
420 3092 73 56 23,
462 3092 73 56 24.
503 3092 124 56 Disponit
596 3092 155 56 dominatores
721 3092 62 56 in
752 3092 124 56 nihilum,
845 3092 114 56 judices
928 3092 104 56 terrae
1000 3092 93 56 sicut

277 3125 74 53 rem
320 3125 106 53 inanem
394 3125 127 53 efficit.
490 3125 96 53 Neque
553 3125 149 53 plantantur
670 3125 96 53 neque
734 3125 138 53 seruntur,
840 3125 96 53 neque
904 3125 138 53 radicatur
1000 3125 42 53 in

1084 136 101 50 terra
1151 136 134 50 succisus
1252 136 123 50 truncus
1341 136 112 50 eorum:
1419 136 89 50 quia
1475 136 101 50 etiam
1542 136 145 50 sufflante
1654 136 67 50 eo
1688 136 67 50 in
1721 136 101 50 illis
1777 136 112 50 exsicean

1081 181 85 39 tur,
1134 181 64 39 ac
1166 181 95 39 turbo
1230 181 95 39 quasi
1293 181 127 39 stipulam
1388 181 106 39 tollit
1463 181 85 39 cos,
1515 181 85 39 Job.
1568 181 74 39 12.
1611 181 74 39 21,
1653 181 74 39 24,
1695 181 74 39 25.
1738 181 127 39 Effundit
1822 181 64 39 con¬-

1083 212 124 37 temtum
1169 212 74 37 in
1207 212 161 37 Principes
1330 212 62 37 &
1355 212 99 37 zona
1417 212 136 37 validos
1516 212 173 37 destituit:
1653 212 124 37 amovet
1739 212 124 37 animum
1814 212 74 37 pri¬-

1094 245 119 40 moribus
1181 245 108 40 populi
1257 245 119 40 terrae,
1344 245 54 40 &
1365 245 98 40 facit
1430 245 65 40 ut
1463 245 130 40 aberrent
1561 245 65 40 in
1593 245 87 40 loco
1647 245 152 40 inanitatis
1767 245 98 40 avio,
1821 245 65 40 pali

1083 277 105 43 pantes
1157 277 63 43 in
1189 277 127 43 tenebris
1284 277 148 43 deficiente
1400 277 95 43 luce,
1463 277 84 43 quum
1516 277 95 43 facit
1579 277 63 43 ut
1611 277 105 43 errent
1685 277 95 43 sicut
1748 277 116 43 ebrius.
1822 277 63 43 Psa.

1088 315 82 40 76.
1135 315 105 40 vers.
1205 315 82 40 13.
1252 315 152 40 Vindemiat
1369 315 140 40 spiritum
1474 315 164 40 Principum,
1603 315 187 40 formidabilis
1755 315 82 40 est
1790 315 105 40 Regibus

1084 349 111 38 terra.
1162 349 122 38 Proinde
1251 349 67 38 si
1284 349 167 38 Magistratus
1417 349 78 38 es,
1462 349 67 38 ut
1495 349 78 38 diu
1539 349 56 38 &
1562 349 144 38 feliciter
1673 349 89 38 esse
1728 349 122 38 possis,
1806 349 89 38 datori

1081 378 143 46 supplica:
1191 378 55 46 &
1213 378 99 46 scito
1279 378 121 46 tollere
1367 378 110 46 posse,
1444 378 77 46 qui
1488 378 132 46 tribuit,
1587 378 55 46 &
1609 378 132 46 evertere
1708 378 77 46 qui
1752 378 165 46 sublimavit.

1118 413 151 37 Quartum,
1231 413 100 37 quia
1294 413 188 37 Magistratum
1445 413 138 37 religio
1545 413 126 37 reddit
1633 413 151 37 felicem,
1734 413 163 37 venerabilem

1085 436 63 50 &
1111 436 165 50 tutiorom.
1238 436 89 50 Nam
1288 436 114 50 veris
1365 436 178 50 virtutibus
1504 436 114 50 illum
1581 436 140 50 imbuit,
1682 436 63 50 &
1708 436 127 50 maxime
1784 436 114 50 humili¬-

1038 476 65 43 B
1064 476 104 43 tate
1129 476 117 43 coram
1207 476 104 43 Deo,
1273 476 65 43 &
1299 476 156 43 justitia
1416 476 208 43 clementiaque
1585 476 78 43 in
1624 476 156 43 homines.
1742 476 91 43 Tum
1794 476 104 43 amor
1846 476 52 43 ex

1092 505 93 46 illa
1150 505 58 46 &
1173 505 150 46 veneratio
1289 505 93 46 erga
1347 505 104 46 ipsum
1416 505 116 46 animis
1497 505 127 46 aliorum
1590 505 173 46 innascitur:
1729 505 81 46 nec
1775 505 116 46 facile
1844 505 58 46 ex¬-

1092 541 94 45 teri
1151 541 82 45 aut
1198 541 129 45 subditi
1291 541 140 45 laedent,
1397 541 82 45 cui
1443 541 105 45 Numen
1514 541 117 45 amicum
1596 541 59 45 &
1619 541 152 45 propitium
1736 541 187 45 arbitrantur.

1104 575 96 39 Quin
1164 575 144 39 externam
1272 575 120 39 quoque
1356 575 180 39 felicitatem
1500 575 132 39 religio
1597 575 180 39 Magistratui
1741 575 132 39 adfert:
1825 575 72 39 quia

1090 607 72 49 ab
1126 607 96 49 omni
1186 607 96 49 aevo
1246 607 180 49 observatum,
1389 607 96 49 Deum
1449 607 144 49 cultores
1557 607 96 49 suos
1617 607 168 49 attollere,
1748 607 60 49 &
1760 607 132 49 in¬primi¬-

1095 639 93 39 biis
1154 639 198 39 religiosisque
1317 639 198 39 Magistratibus
1480 639 140 39 prospera
1586 639 128 39 plutima
1679 639 140 39 largiti.
1784 639 93 39 Quod
1831 639 58 39 usq

1093 667 101 54 adeo
1157 667 127 54 certum
1245 667 101 54 est,
1309 667 76 54 ut
1347 667 101 54 Deus
1410 667 114 54 etiam
1486 667 152 54 imaginem
1600 667 63 54 &
1625 667 139 54 speciem
1727 667 177 54 religionis
1853 667 51 54 in

1092 704 166 53 Gentilibus
1223 704 178 53 Principibus
1365 704 59 53 &
1388 704 130 53 populis
1483 704 166 53 honestarit
1614 704 59 53 &
1637 704 166 53 muneratit.
1768 704 71 53 1.
1803 704 95 53 Reg.
1851 704 47 53 2.

1089 741 64 40 1,
1121 741 64 40 2,
1153 741 64 40 3.
1185 741 64 40 4.
1217 741 117 40 Quumque
1302 741 96 40 prope
1366 741 106 40 essent
1441 741 85 40 dies
1494 741 128 40 Davidis,
1590 741 64 40 ut
1622 741 149 40 moreretur;
1739 741 138 40 Praecepit
1835 741 53 40 Sa¬-

1089 769 111 36 lomoni
1167 769 100 36 filio
1233 769 89 36 suo,
1288 769 133 36 dicendo:
1388 769 78 36 ego
1433 769 155 36 decessurus
1554 769 78 36 sum
1599 769 100 36 brevi
1665 769 78 36 pro
1710 769 177 36 consuetudine
1843 769 55 36 to¬-

1090 804 90 46 tius
1146 804 124 46 terrae:
1236 804 68 46 tu
1270 804 90 46 vero
1326 804 203 46 confirmaberis,
1495 804 56 46 &
1517 804 79 46 vir
1562 804 124 46 futurus
1652 804 79 46 es:
1697 804 56 46 &
1720 804 158 46 observabis
1844 804 79 46 ob¬

1099 835 166 47 servationes
1232 835 111 47 Iehova
1310 835 78 47 Dei
1354 835 89 47 tui,
1410 835 144 47 ambulando
1521 835 67 47 in
1554 835 89 47 viis
1609 835 100 47 ejus,
1676 835 133 47 servando
1776 835 122 47 statuta
1854 835 44 47 e¬-

1099 873 86 41 jus,
1153 873 54 41 &
1174 873 140 41 praecepta
1282 873 97 41 ejus,
1346 873 150 41 iudiciaque
1464 873 97 41 eius,
1529 873 54 41 &
1550 873 150 41 testimonia
1668 873 97 41 eius,
1733 873 97 41 sicut
1787 873 107 41 scriptum

1090 901 76 40 est
1134 901 66 40 in
1167 901 87 40 lege
1221 901 109 40 Mosis:
1298 901 66 40 ut
1330 901 131 40 secundes
1429 901 131 40 quicquid
1527 901 131 40 feceris,
1625 901 55 40 &
1647 901 142 40 quocunque
1756 901 66 40 te
1778 901 120 40 verteris.

1089 936 73 42 Et
1125 936 98 42 cap.
1187 936 73 42 3.
1223 936 159 42 versicul.
1346 936 220 42 decimo-quarto:
1530 936 86 42 ait
1579 936 122 42 Jehova
1664 936 73 42 ad
1701 936 171 42 Salomonem:
1824 936 73 42 Quod

1100 969 69 35 si
1134 969 171 35 ambulaveris
1271 969 80 35 per
1317 969 91 35 vias
1374 969 91 35 meas
1431 969 160 35 observando
1557 969 126 35 statuta
1648 969 80 35 mea
1694 969 57 35 &
1717 969 149 35 praecepta
1819 969 69 35 meu,

1104 1005 190 36 quemadmodum
1257 1005 165 36 ambulavit
1383 1005 114 36 David
1460 1005 114 36 pater
1536 1005 114 36 tuus,
1612 1005 114 36 etiam
1688 1005 178 36 prolongabo
1815 1005 76 36 die¬-

1098 1040 101 32 tuos.
1165 1040 67 32 Et
1198 1040 112 32 capite
1277 1040 112 32 sexto,
1355 1040 145 32 versiculo
1467 1040 78 32 12,
1512 1040 78 32 13.
1556 1040 67 32 Si
1590 1040 168 32 ambulaveris
1724 1040 67 32 (o
1758 1040 134 32 Salomon)
1847 1040 56 32 in¬-

1106 1067 125 36 tatutis
1196 1067 91 36 meis
1253 1067 57 36 &
1276 1067 125 36 statuta
1367 1067 79 36 mea
1412 1067 170 36 exercueris,
1548 1067 68 36 ac
1582 1067 181 36 observaveris
1730 1067 102 36 omnia
1786 1067 125 36 praecepta

1091 1103 82 33 mea
1138 1103 153 33 ambulando
1256 1103 71 33 in
1291 1103 94 33 eis,
1350 1103 118 33 utique
1433 1103 153 33 praestabo
1551 1103 118 33 verbum
1633 1103 94 33 meum
1692 1103 94 33 erga
1751 1103 82 33 te,
1798 1103 94 33 quod
1845 1103 59 33 lo¬-

1103 1139 116 37 quutus
1184 1139 81 37 sum
1231 1139 116 37 Davidi
1312 1139 150 37 patrituo,
1427 1139 58 37 &
1450 1139 139 37 habitabo
1554 1139 104 37 inter
1624 1139 173 37 Israelitas,
1762 1139 104 37 neque
1820 1139 81 37 dere¬-

1121 1165 116 39 squam
1199 1165 142 39 populum
1302 1165 103 39 meum
1354 1165 129 39 Israelem

1124 1199 139 42 Exempla
1226 1199 165 42 Principum
1352 1199 139 42 piorum,
1454 1199 101 42 quos
1517 1199 101 42 Deus
1581 1199 177 42 felicitate
1720 1199 152 42 ornavit,
1834 1199 101 42 sunt

1108 1236 133 40 plurima,
1208 1236 78 40 tum
1252 1236 66 40 in
1285 1236 100 40 Sacra
1352 1236 155 40 Scriptura,
1474 1236 78 40 tum
1518 1236 66 40 in
1551 1236 133 40 historia
1640 1236 177 40 Ecclesiasticat

1135 1269 147 39 Quintum,
1245 1269 98 39 quia
1306 1269 183 39 Magistratus
1453 1269 134 39 pietate
1550 1269 86 39 sua
1599 1269 110 39 etiam
1673 1269 122 39 populo
1758 1269 147 39 prodest,
1856 1269 49 39 ut

1107 1302 125 36 David,
1194 1302 162 36 Ezechias:
1318 1302 162 36 impietate
1443 1302 112 36 autem
1518 1302 150 36 plurimum
1630 1302 125 36 nocet,
1717 1302 62 36 &
1742 1302 150 36 publicas
1842 1302 62 36 ca¬-

1095 1333 148 34 lamitates
1208 1333 68 34 ei
1243 1333 148 34 accersit,
1356 1333 68 34 ut
1390 1333 114 34 Achax.
1470 1333 68 34 2.
1504 1333 114 34 Chron.
1584 1333 80 34 28.
1629 1333 80 34 19,
1675 1333 80 34 20.
1720 1333 159 34 Deprimebat
1834 1333 57 34 Ie¬-

1088 1367 102 34 hova
1152 1367 115 34 Iudam
1229 1367 141 34 propter
1332 1367 141 34 Achazum
1434 1367 115 34 Regem
1511 1367 166 34 Israelis,
1639 1367 90 34 qui
1690 1367 192 34 abstraxerat
1831 1367 64 34 Iu¬-

1090 1408 95 37 dam,
1149 1408 71 37 ut
1185 1408 118 37 omnino
1268 1408 225 37 praevaricaretur
1457 1408 118 37 contra
1540 1408 142 37 Iehovam.
1647 1408 130 37 Veniens
1741 1408 118 37 itaque
1824 1408 71 37 ad
1848 1408 59 37 eum

1100 1432 123 39 Tligath
1189 1432 145 39 Pilneeser
1301 1432 78 39 Rex
1346 1432 145 39 Assyriae;
1458 1432 134 39 angustia
1558 1432 123 39 affecit
1648 1432 89 39 eum,
1704 1432 78 39 non
1748 1432 101 39 autem
1804 1432 101 39 confir¬-

1089 1477 104 41 mavit
1159 1477 92 41 eum.
1216 1477 69 41 Et
1251 1477 138 41 Manasses
1355 1477 69 41 2.
1389 1477 92 41 Reg.
1447 1477 81 41 21.
1493 1477 69 41 v.
1528 1477 81 41 11,
1574 1477 81 41 12.
1620 1477 58 41 &
1643 1477 92 41 cap.
1700 1477 81 41 23.
1747 1477 69 41 v.
1781 1477 81 41 26.
1827 1477 58 41 &
1839 1477 69 41 cap.

1096 1503 83 36 24.
1143 1503 71 36 3.
1179 1503 71 36 4.
1214 1503 59 36 &
1238 1503 165 36 Jerobeamus
1367 1503 83 36 rex
1403 1503 165 36 Israelitatum

1125 1531 127 54 Sextum,
1218 1531 92 54 quia
1275 1531 173 54 Magistratus
1413 1531 127 54 pietate
1505 1531 81 54 sua
1552 1531 104 54 etiam
1621 1531 127 54 liberis
1713 1531 58 54 &
1736 1531 138 54 posteris
1828 1531 69 54 suis

1101 1570 141 34 prodest,
1207 1570 71 34 ut
1243 1570 141 34 exemplum
1349 1570 130 34 Davidis
1431 1570 130 34 ostendit.

1121 1589 170 53 Septimum,
1251 1589 104 53 quia
1317 1589 196 53 Magistratus
1473 1589 117 53 debet
1552 1589 144 53 exempla
1656 1589 144 53 aliorum
1760 1589 131 53 piorum
1839 1589 65 53 Re¬-

1097 1632 88 45 gum
1148 1632 63 45 &
1173 1632 163 45 Principum
1298 1632 138 45 imitari
1398 1632 75 45 in
1435 1632 100 45 vera
1498 1632 163 45 religione
1623 1632 138 45 amanda,
1723 1632 150 45 colenda,
1823 1632 75 45 con¬-

1099 1667 150 40 pervanda,
1214 1667 104 40 atque
1283 1667 69 40 ad
1317 1667 138 40 posteros
1421 1667 173 40 propaganda,
1559 1667 69 40 ut
1593 1667 115 40 Mosis,
1674 1667 127 40 Josuae,
1766 1667 138 40 Davidis,
1858 1667 35 40 A

1097 1696 69 44 sae
1137 1696 59 44 1.
1166 1696 79 44 Reg.
1216 1696 69 44 15.
1255 1696 69 44 11,
1295 1696 69 44 12,
1334 1696 69 44 13.
1374 1696 129 44 Ezechiae,
1463 1696 79 44 Josiae

1131 1720 293 51 MINISTRIECSLESIAE
1382 1720 139 51 itidem
1480 1720 112 51 prae
1549 1720 167 51 caeteris
1675 1720 153 51 pietati
1786 1720 70 51 &
1800 1720 98 51 reli¬-

1110 1762 102 40 tioni
1178 1762 125 40 studere
1258 1762 102 40 debent.

1130 1795 74 41 Si
1167 1795 198 41 consideremus
1327 1795 173 41 SUBJECTUM,
1463 1795 99 41 vera
1525 1795 136 41 religio
1624 1795 87 41 est
1674 1795 185 41 Christiana,
1822 1795 62 41 &
1834 1795 62 41 in¬-

1094 1828 102 43 terna
1162 1828 114 43 potius
1241 1828 91 43 quam
1298 1828 136 43 externa.
1401 1828 159 43 Christiana
1526 1828 91 43 est,
1583 1828 80 43 tum
1628 1828 136 43 respectu
1730 1828 125 43 objecti
1810 1828 91 43 circae

1108 1860 98 45 quod
1169 1860 159 45 praecipue
1291 1860 159 45 versatur,
1413 1860 98 45 quod
1474 1860 85 45 est
1523 1860 146 45 CHRISTUS
1633 1860 122 45 IESUS,
1718 1860 85 45 seu
1767 1860 85 45 per
1804 1860 85 45 Chri¬-

1099 1896 95 34 stum
1158 1896 95 34 Deus
1218 1896 178 34 omnipotens,
1360 1896 83 34 cui
1407 1896 83 34 uni
1454 1896 130 34 religio
1549 1896 83 34 nos
1596 1896 142 34 religat;
1703 1896 95 34 quia
1762 1896 107 34 inter
1821 1896 71 34 men¬-

1089 1927 81 43 tem
1136 1927 127 43 nostram
1228 1927 81 43 qua
1275 1927 104 43 illum
1344 1927 185 43 intelligimus
1495 1927 58 43 &
1518 1927 162 43 veritatem,
1645 1927 69 43 id
1680 1927 93 43 est,
1738 1927 104 43 lucem
1795 1927 93 43 interi

1098 1962 122 41 porem,
1183 1962 85 41 per
1232 1962 98 41 quam
1293 1962 110 41 illum
1366 1962 183 41 agnoscimus,
1512 1962 122 41 quaque
1598 1962 110 41 illum
1671 1962 146 41 colimus,
1780 1962 110 41 nulla
1841 1962 49 41 in

1103 1990 140 36 perposita
1211 1990 129 36 creatura
1307 1990 86 36 est,
1361 1990 107 36 Johan.
1436 1990 75 36 20.
1479 1990 75 36 31.
1522 1990 86 36 Haec
1576 1990 97 36 autem
1640 1990 118 36 scripta
1726 1990 97 36 sunt,
1791 1990 64 36 ut
1812 1990 86 36 creda¬-

1096 2022 81 38 tis
1142 2022 104 38 Iesum
1211 2022 92 38 esse
1268 2022 138 38 Christum
1372 2022 104 38 illum
1441 2022 115 38 Filium
1521 2022 92 38 Dei,
1579 2022 58 38 &
1602 2022 69 38 ut
1636 2022 150 38 credentes
1751 2022 104 38 vitam
1809 2022 81 38 haba¬-

1090 2055 85 43 atis
1144 2055 74 43 per
1186 2055 96 43 nomen
1250 2055 96 43 eius.
1314 2055 106 43 Actor.
1388 2055 64 43 9.
1420 2055 96 43 vers.
1484 2055 74 43 20.
1526 2055 106 43 Statim
1601 2055 64 43 in
1633 2055 138 43 synagogis
1739 2055 170 43 praedicavit.

1100 2092 147 36 Christum,
1213 2092 102 36 nempe
1280 2092 79 36 eum
1325 2092 90 36 esse
1382 2092 113 36 Filium
1461 2092 102 36 illum
1529 2092 90 36 Dei.
1585 2092 68 36 1.
1619 2092 135 36 Corinth.
1720 2092 68 36 2.
1754 2092 102 36 vers.
1822 2092 68 36 2.
1845 2092 56 36 Non

1092 2121 88 44 enim
1147 2121 109 44 statui
1223 2121 99 44 scire
1289 2121 131 44 quicquam
1388 2121 99 44 inter
1453 2121 88 44 vos,
1508 2121 88 44 nisi
1563 2121 99 44 Iesum
1628 2121 142 44 Christum,
1738 2121 109 44 eumque
1803 2121 88 44 cruci¬-

1089 2158 115 42 fixum:
1170 2158 81 42 tum
1216 2158 138 42 respectu
1320 2158 138 42 subiecti
1424 2158 81 42 cui
1470 2158 115 42 inest,
1551 2158 92 42 quod
1609 2158 81 42 est
1655 2158 173 42 Christianus
1782 2158 115 42 populus,

1092 2196 83 32 qui
1140 2196 119 32 induit
1223 2196 143 32 Christum
1330 2196 131 32 ejusque
1425 2196 154 32 particeps
1544 2196 59 32 &
1567 2196 143 32 imitator
1674 2196 95 32 est,
1734 2196 83 32 hoc
1781 2196 95 32 est,
1829 2196 59 32 ver

1100 2223 172 43 Christiana,
1237 2223 149 43 Catholica
1352 2223 103 43 atque
1421 2223 149 43 orthodoxa
1536 2223 149 43 Ecclesia,
1651 2223 69 43 in
1685 2223 80 43 qua
1731 2223 92 43 sola
1789 2223 80 43 est
1823 2223 69 43 vera

1083 2260 143 31 religio,
1190 2260 83 31 cum
1238 2260 95 31 ipsa
1297 2260 95 31 sola
1356 2260 71 31 in
1392 2260 107 31 mundo
1463 2260 83 31 sit
1511 2260 131 31 columna
1606 2260 59 31 &
1630 2260 202 31 stabilimentum
1784 2260 107 31 verita.

1085 2286 86 37 tis,
1139 2286 64 37 1.
1171 2286 86 37 Tim.
1225 2286 64 37 3.
1257 2286 64 37 v.
1289 2286 75 37 15.
1332 2286 86 37 Quod
1385 2286 64 37 si
1417 2286 150 37 tardavero,
1535 2286 64 37 ut
1568 2286 96 37 noris
1632 2286 118 37 quomodo
1718 2286 129 37 oporteat
1814 2286 64 37 in
1835 2286 54 37 do¬-

1086 2323 71 44 mo
1122 2323 83 44 Dei
1169 2323 143 44 versari,
1276 2323 95 44 quae
1336 2323 83 44 est
1383 2323 143 44 Ecclesia
1491 2323 83 44 Dei
1538 2323 107 44 vivi,
1610 2323 131 44 columna
1705 2323 59 44 &
1717 2323 178 44 stabilimentum

1084 2352 121 38 veritatis,

1119 2380 109 40 Eadem
1191 2380 85 40 est
1240 2380 133 40 interna
1336 2380 121 40 potius
1421 2380 97 40 quam
1481 2380 145 40 externa,
1590 2380 97 40 quia
1650 2380 72 40 in
1687 2380 121 40 animis
1759 2380 133 40 Christia¬-

1097 2420 94 46 norum
1159 2420 83 46 sita
1211 2420 83 46 est,
1263 2420 94 46 Jesa.
1326 2420 62 46 1.
1357 2420 94 46 vers.
1419 2420 73 46 11.
1461 2420 52 46 &
1482 2420 167 46 sequentibus:
1617 2420 83 46 quia
1669 2420 73 46 non
1711 2420 62 46 in
1742 2420 114 46 litera,
1825 2420 73 46 sed
1856 2420 42 46 in

1089 2454 130 41 spiritu
1184 2454 165 41 consistit,
1313 2454 83 41 hoc
1360 2454 94 41 est,
1419 2454 83 41 non
1467 2454 71 41 in
1502 2454 130 41 externa
1596 2454 165 41 tantummodo
1714 2454 177 41 sacramentorum

1087 2490 184 32 acceptione,
1234 2490 135 32 externa
1333 2490 111 32 verbi
1406 2490 123 32 divini
1492 2490 209 32 auscultatione
1664 2490 61 32 &
1689 2490 197 32 ceremoniarum
1837 2490 61 32 ob¬-

1091 2518 167 38 servatione;
1225 2518 78 38 sed
1269 2518 145 38 interiore
1381 2518 56 38 &
1403 2518 89 38 vera
1459 2518 111 38 cordis
1537 2518 134 38 pietate,
1637 2518 89 38 Rom.
1693 2518 67 38 2.
1726 2518 56 38 v
1748 2518 78 38 27,
1793 2518 78 38 28,
1826 2518 56 38 25.

1092 2552 68 35 Et
1126 2552 91 35 quod
1183 2552 80 35 est
1228 2552 68 35 ex
1262 2552 114 35 natura
1342 2552 171 35 praeputium,
1478 2552 102 35 Legem
1546 2552 159 35 praestans,
1672 2552 136 35 damnabit
1774 2552 68 35 te
1808 2552 80 35 qui
1842 2552 57 35 per

1093 2583 129 43 literam
1187 2583 59 43 &
1210 2583 211 43 circumcisionem
1386 2583 187 43 transgressor
1538 2583 70 43 es
1573 2583 117 43 Legis.
1655 2583 82 43 Non
1702 2583 94 43 enim
1760 2583 82 43 qui
1807 2583 82 43 est
1842 2583 47 43 in

1091 2615 135 43 propatulo
1194 2615 125 43 Iudaeus,
1288 2615 114 43 Iudaeus
1371 2615 83 43 est:
1423 2615 73 43 nec
1464 2615 62 43 ea
1496 2615 83 43 quae
1547 2615 73 43 est
1589 2615 62 43 in
1620 2615 135 43 propatulo
1724 2615 166 43 circumcisio,
1848 2615 42 43 id

1091 2651 85 34 est,
1144 2651 64 34 in
1176 2651 106 34 carne,
1250 2651 159 34 circumcisio
1378 2651 85 34 est:
1431 2651 74 34 Sed
1473 2651 74 34 qui
1515 2651 64 34 in
1547 2651 117 34 occulto
1632 2651 106 34 Iudeus
1706 2651 85 34 est,
1759 2651 53 34 &
1780 2651 85 34 circ
1823 2651 74 34 umci¬-

1094 2679 70 39 sio
1134 2679 110 39 cordis,
1214 2679 60 39 id
1244 2679 80 39 est,
1294 2679 60 39 in
1325 2679 120 39 spiritu,
1415 2679 70 39 non
1455 2679 110 39 litera:
1535 2679 90 39 cuius
1595 2679 100 39 Iudaei
1665 2679 80 39 laus
1716 2679 70 39 non
1756 2679 70 39 est
1796 2679 60 39 ex
1816 2679 70 39 homi¬-

1093 2713 111 43 nibus,
1170 2713 77 43 sed
1215 2713 66 43 ex
1237 2713 55 43 Deo

1120 2741 77 51 Si
1159 2741 153 51 ADJUNCTA
1273 2741 191 51 expendamus,
1426 2741 140 51 religio
1528 2741 102 51 vera
1592 2741 89 51 est
1643 2741 128 51 prima,
1732 2741 64 51 &
1758 2741 166 51 antiquis¬

1100 2774 100 45 sima,
1166 2774 78 45 hoc
1211 2774 89 45 est,
1266 2774 89 45 quae
1322 2774 67 45 in
1355 2774 133 45 paradiso
1455 2774 111 45 coepit
1532 2774 55 45 &
1554 2774 78 45 per
1599 2774 122 45 sanctos
1687 2774 166 45 Patriarchas
1809 2774 89 45 conti¬-

1105 2813 108 37 quata
1177 2813 84 37 est
1225 2813 60 37 &
1249 2813 60 37 a
1273 2813 96 37 Mose
1333 2813 120 37 deinde
1417 2813 132 37 literis
1514 2813 180 37 consignata,
1658 2813 60 37 &
1682 2813 156 37 postmodum
1802 2813 60 37 a
1814 2813 72 37 Pro¬-

1092 2852 117 36 phetis
1174 2852 59 36 &
1198 2852 152 36 Apostolis
1315 2852 176 36 illustrata,
1455 2852 59 36 &
1479 2852 70 36 in
1514 2852 152 36 Scriptura
1631 2852 105 36 Sacra
1702 2852 187 36 comprehensa:
1842 2852 47 36 ac

1097 2878 144 35 proinde
1202 2878 197 35 testimonium
1359 2878 118 35 habet
1438 2878 66 35 &
1464 2878 183 35 approbatur
1608 2878 66 35 a
1634 2878 105 35 Lege
1700 2878 66 35 &
1726 2878 66 35 a
1739 2878 144 35 Prophetis

1100 2910 65 38 ib
1133 2910 141 38 Apostolis
1241 2910 65 38 in
1273 2910 65 38 Sc
1306 2910 119 38 riptura
1392 2910 119 38 Sancta.
1479 2910 65 38 2.
1511 2910 97 38 Petr.
1576 2910 65 38 1.
1609 2910 65 38 v.
1641 2910 76 38 19.
1684 2910 65 38 Et
1717 2910 119 38 habemus
1793 2910 97 38 firmio¬-

1091 2945 83 45 rem
1139 2945 107 45 illum
1210 2945 142 45 sermonem
1317 2945 154 45 Praophet:
1435 2945 95 45 cum:
1495 2945 95 45 quam
1554 2945 178 45 benefacitis
1696 2945 95 45 quod
1744 2945 142 45 attenditis

1105 2974 98 41 pelut
1170 2974 130 41 lucernam
1268 2974 163 41 splindentem
1399 2974 65 41 in
1431 2974 120 41 obscure
1518 2974 98 41 loco,
1584 2974 130 41 usquedum
1681 2974 87 41 dies
1725 2974 163 41 illucescerit,

1104 3008 51 41 &
1124 3008 113 41 lucifer
1206 3008 133 41 exoriatur
1309 3008 61 41 in
1339 3008 123 41 cordibus
1431 3008 123 41 vestris.
1523 3008 61 41 Et
1554 3008 82 41 cap.
1605 3008 61 41 3.
1636 3008 61 41 2.
1667 3008 61 41 Vt
1698 3008 113 41 memores
1779 3008 92 41 sitis
1831 3008 61 41 ver¬-

1101 3037 92 49 porum
1162 3037 82 49 quae
1213 3037 133 49 praedicta
1315 3037 82 49 sunt
1367 3037 51 49 a
1387 3037 112 49 sanctis
1469 3037 143 49 Prophetis,
1581 3037 51 49 &
1602 3037 133 49 praecepti
1704 3037 102 49 illius
1775 3037 102 49 nostri
1847 3037 72 49 qui

1102 3072 102 43 sumus
1170 3072 136 43 Apostoli
1271 3072 113 43 Domini
1351 3072 57 43 &
1373 3072 170 43 Servatoris.
1509 3072 68 43 1.
1543 3072 91 43 Joh.
1600 3072 68 43 2.
1634 3072 68 43 v.
1668 3072 79 43 24.
1713 3072 91 43 Quod
1769 3072 113 43 igitur
1837 3072 57 43 au¬-

1094 3105 132 41 divistis
1193 3105 55 41 a
1215 3105 154 41 principio,
1336 3105 66 41 in
1369 3105 99 41 vobis
1435 3105 121 41 maneat:
1523 3105 66 41 si
1556 3105 66 41 in
1589 3105 99 41 vobis
1655 3105 132 41 manserit
1754 3105 88 41 quod
1798 3105 88 41 audivi

1096 3138 84 56 stis
1149 3138 53 56 a
1170 3138 148 56 principio,
1286 3138 74 56 vos
1328 3138 105 56 quoque
1402 3138 63 56 in
1434 3138 95 56 Filio
1497 3138 53 56 &
1518 3138 95 56 Patre
1571 3138 126 56 manebitis.
