2063 3465
240 189 100 59 Haec
303 189 100 59 enim
366 189 88 59 est
416 189 100 59 vera
478 189 175 59 religionis
616 189 188 59 antiquitas,
766 189 100 59 quam
829 189 163 59 Scriptura
954 189 113 59 Sacra
1017 189 50 59 A¬-

194 221 122 69 semper
279 221 171 69 commendat,
414 221 73 69 ut
451 221 122 69 Genes.
536 221 86 69 48.
585 221 73 69 v.
622 221 86 69 15,
671 221 86 69 16.
720 221 73 69 1.
756 221 98 69 Reg.
817 221 86 69 15.
866 221 86 69 11.
915 221 73 69 2.
940 221 73 69 Reg.

202 262 80 50 18.
247 262 69 50 3.
282 262 57 50 &
305 262 92 50 cap.
362 262 80 50 22.
407 262 69 50 2.
442 262 92 50 Act.
499 262 80 50 24.
545 262 80 50 14.
591 262 69 50 2.
625 262 92 50 Tim.
682 262 69 50 1.
716 262 69 50 v.
739 262 46 50 5.

238 295 63 47 I.
269 295 84 47 Vera
322 295 116 47 religio
406 295 74 47 est
448 295 84 47 sola
490 295 95 47 sancta.

238 324 93 54 Quia
296 324 93 54 sola
355 324 128 54 autorem
448 324 105 54 habet
517 324 93 54 Deum
575 324 81 54 qui
622 324 128 54 sanctus
715 324 93 54 est,
773 324 116 54 Levit.
854 324 81 54 19.
901 324 105 54 vers.
959 324 58 54 21.

203 364 116 47 Postea
285 364 128 47 afferet
378 364 82 47 vir
425 364 116 47 reatum
506 364 93 47 suum
564 364 140 47 Iehovae,
669 364 70 47 ad
704 364 116 47 portam
786 364 140 47 tentorii
879 364 128 47 conventus

195 399 133 43 arietem
280 399 109 43 reatus.

239 421 63 61 2.
271 421 84 61 Quia
324 421 127 61 doctrina
419 421 105 61 illius
492 421 105 61 solius
566 421 105 61 sancta
640 421 84 61 est,
693 421 84 61 quae
745 421 74 61 huc
788 421 127 61 spectat,
883 421 63 61 ut
914 421 74 61 per
946 421 63 61 agi¬-

202 467 142 39 nitionem
309 467 95 39 Iesu
368 467 130 39 Christi
462 467 142 39 fugiamus
569 467 189 39 inquinamenta
722 467 118 39 mundi,
805 467 71 39 2.
841 467 106 39 Petr.
911 467 71 39 2.
935 467 71 39 ver.

204 504 87 37 20,
253 504 87 37 21.
303 504 87 37 Nam
353 504 75 37 si
391 504 150 37 postquam
503 504 187 37 pollutiones
653 504 112 37 mundi
728 504 87 37 per
778 504 175 37 agnitionem
915 504 125 37 Domini
1003 504 62 37 &

200 535 152 37 Servatoris
320 535 163 37 IesuChristi
450 535 163 37 effugerint,
580 535 76 37 his
624 535 109 37 rursum
700 535 141 37 implicati
809 535 163 37 superentur,
928 535 87 37 facta¬-

196 574 80 39 est
241 574 126 39 ultimam
333 574 103 39 eorum
402 574 138 39 conditio
505 574 138 39 deterior
609 574 126 39 priore.
701 574 115 39 Melius
781 574 92 39 enim
838 574 126 39 fuisset
930 574 80 39 eis
965 574 57 39 non

207 604 144 47 cognovisse
320 604 82 47 viam
372 604 144 47 iustitiae,
485 604 82 47 quam
537 604 113 47 cognita
619 604 93 47 illa,
681 604 113 47 regredi
764 604 52 47 a
784 604 103 47 sancto
856 604 134 47 praecepto
949 604 62 47 sibi

182 633 120 41 tradito.

238 666 66 44 3.
271 666 89 44 Quia
327 666 100 44 genti
393 666 122 44 sanctae
482 666 144 44 divinitus
592 666 144 44 patefacta
703 666 89 44 est,
758 666 66 44 1.
792 666 100 44 Petr.
858 666 66 44 2.
891 666 111 44 vers9.
958 666 55 44 Vo¬-

212 700 103 46 autem
280 700 103 46 genus
349 700 126 46 electum
441 700 115 46 regale
521 700 184 46 sacerdotium,
670 700 92 46 gens
728 700 126 46 sancta,
820 700 126 46 populus
911 700 92 46 quem
957 700 69 46 sibi

205 735 88 35 Deus
260 735 66 35 ut
293 735 132 35 proprium
392 735 143 35 vendicat:
503 735 66 35 ut
536 735 132 35 virtutes
635 735 165 35 praedicetis
767 735 110 35 illius
845 735 77 35 qui
889 735 77 35 vos
922 735 88 35 vocavi

204 764 70 41 se
239 764 139 41 tenebris
344 764 70 41 in
379 764 174 41 admirabilem
518 764 93 41 suam
565 764 81 41 lucem

236 796 80 41 Est
281 796 91 41 sola
338 796 159 41 salutatis,
463 796 80 41 hoc
509 796 91 41 est,
566 796 68 41 in
600 796 68 41 ea
634 796 91 41 sola
691 796 125 41 homines
782 796 137 41 aeternum
873 796 137 41 servantur.

207 837 104 44 quia
272 837 157 44 Christum
390 837 117 44 Iesum
468 837 117 44 solum
546 837 157 44 agnoscit
664 837 104 44 esse
729 837 144 44 salutem
833 837 91 44 Dei
885 837 104 44 quam
938 837 117 44 paravit

196 871 71 35 in
232 871 119 35 oculis
315 871 119 35 omnium
398 871 166 35 populorum,
528 871 95 35 Luc.
587 871 71 35 2.
623 871 83 35 30,
670 871 83 35 31.
718 871 83 35 Nec
765 871 83 35 est
813 871 71 35 in
848 871 95 35 alio
907 871 142 35 quoquam,

212 901 112 38 salus,
290 901 78 38 nec
335 901 90 38 enim
391 901 101 38 aliud
458 901 101 38 nomen
526 901 78 38 est
571 901 78 38 sub
615 901 101 38 coelo
683 901 90 38 quod
739 901 101 38 datum
806 901 78 38 sit
851 901 101 38 inter
907 901 112 38 homines,

215 938 72 33 per
256 938 82 33 quod
307 938 123 33 oporteat
399 938 72 33 nos
440 938 123 33 servari,
532 938 82 33 Act.
584 938 61 33 4.
614 938 61 33 v.
635 938 51 33 12.

223 959 79 43 Est
268 959 90 43 sola
324 959 147 43 perfecta,
437 959 79 43 cui
482 959 101 43 nihil
550 959 113 43 omnino
629 959 113 43 deest,
707 959 68 43 ac
741 959 124 43 proinde
831 959 101 43 nihil
899 959 56 43 a
922 959 124 43 quoquam

214 996 59 38 i
238 996 152 38 addendum,
355 996 105 38 nihil
425 996 164 38 adimendum.
554 996 140 38 Perfecta
659 996 94 38 fuit
718 996 117 38 statim
800 996 70 38 ab
835 996 129 38 initio,
928 996 70 38 ad
952 996 70 38 sco¬-

210 1033 85 45 pum
259 1033 98 45 suum
320 1033 122 45 idonea
405 1033 61 45 &
417 1033 159 45 sufficiens:

244 1061 85 40 Non
292 1061 85 40 est
341 1061 134 40 similis
438 1061 146 40 inventis
548 1061 146 40 humanis:
657 1061 97 40 quae
718 1061 97 40 enim
779 1061 134 40 homines
876 1061 85 40 seu
925 1061 73 40 ad
949 1061 61 40 vo¬-

201 1093 143 42 luptatem
308 1093 83 42 seu
356 1093 71 42 ad
391 1093 166 42 utilitatem
522 1093 166 42 inveniunt,
653 1093 202 42 progrediuntur
819 1093 71 42 ab
855 1093 154 42 aphorismo
961 1093 48 42 ad

198 1134 192 44 aphorismum,
352 1134 64 44 a
377 1134 179 44 theoremate
518 1134 77 44 ad
556 1134 166 44 theorema,
684 1134 77 44 ab
723 1134 192 44 experimento
876 1134 77 44 ad
902 1134 115 44 experi¬-

194 1166 138 42 mentum,
295 1166 63 42 &
320 1166 113 42 rudia
395 1166 125 42 primum
483 1166 100 42 sunt
545 1166 175 42 scabraque,
683 1166 125 42 deinde
771 1166 188 42 expoliuntur
909 1166 100 42 paula.

205 1204 95 39 tim,
264 1204 83 39 non
312 1204 71 39 ab
348 1204 83 39 uno
395 1204 119 39 aliquo
478 1204 131 39 homine,
573 1204 83 39 sed
621 1204 59 39 a
644 1204 154 39 pluribus,
763 1204 59 39 &
787 1204 83 39 per
834 1204 119 39 secula
905 1204 119 39 interdum

211 1236 85 37 plura.

219 1254 188 57 Deformatur
366 1254 94 57 vel
420 1254 175 57 additione
555 1254 175 57 humanarum
689 1254 175 57 opinionum
823 1254 67 57 &
837 1254 188 57 traditionum:

205 1303 83 39 vel
253 1303 178 39 detractione
395 1303 95 39 eius
454 1303 95 39 quod
514 1303 95 39 Deus
573 1303 190 39 praescripsit
727 1303 107 39 Deut.
799 1303 71 39 4,
834 1303 71 39 2.
870 1303 71 39 Ne
905 1303 119 39 addite
977 1303 47 39 ad

211 1334 101 40 verbum
282 1334 91 40 illud
343 1334 81 40 quod
393 1334 71 40 ego
434 1334 132 40 praecipio
535 1334 101 40 vobis,
606 1334 91 40 neque
667 1334 132 40 detrahite
769 1334 61 40 de
799 1334 71 40 eo,
840 1334 61 40 ut
870 1334 122 40 servetis
951 1334 61 40 prae

205 1370 98 40 cepta
270 1370 109 40 Iehova
347 1370 76 40 Dei
390 1370 109 40 vestri
466 1370 87 40 quae
521 1370 76 40 ego
564 1370 141 40 praecipio
673 1370 109 40 vobis.
749 1370 65 40 Et
782 1370 87 40 cap.
836 1370 76 40 12.
880 1370 65 40 v.
912 1370 76 40 32.
945 1370 76 40 Unam¬-

214 1399 122 47 quamque
303 1399 78 47 rem
347 1399 89 47 quam
403 1399 78 47 ego
448 1399 145 47 praecipio
559 1399 111 47 vobis,
637 1399 78 47 eam
681 1399 167 47 observantes
815 1399 122 47 facite:
904 1399 67 47 ne
926 1399 89 47 addit.

207 1435 81 40 ei,
254 1435 104 40 neque
323 1435 150 40 detrahito
438 1435 69 40 ex
472 1435 81 40 ea.
518 1435 81 40 Vel
564 1435 184 40 perversitate
714 1435 104 40 morum
783 1435 150 40 religioni
898 1435 104 40 verae
955 1435 58 40 non

204 1464 204 43 respondentium
372 1464 96 43 Rom.
432 1464 72 43 2.
468 1464 72 43 v.
504 1464 84 43 17.
552 1464 60 43 &
576 1464 96 43 seq.
636 1464 96 43 Ecce
696 1464 72 43 tu
732 1464 192 43 cognominaris
888 1464 132 43 Iudaeus
972 1464 36 43 &

202 1504 160 37 acquiescis
328 1504 69 37 in
362 1504 103 37 Lege,
431 1504 57 37 &
454 1504 149 37 gloriaris
568 1504 69 37 in
603 1504 92 37 Deo.
660 1504 69 37 Et
694 1504 103 37 nosti
763 1504 92 37 eius
820 1504 172 37 uoluntatem,
958 1504 57 37 &
969 1504 46 37 ex

215 1533 103 40 ploras
287 1533 83 40 quae
339 1533 155 40 discrepant,
463 1533 145 40 institutus
576 1533 62 40 ex
607 1533 93 40 Legis
670 1533 114 40 auditu.
752 1533 155 40 Confidisque
876 1533 62 40 te
907 1533 83 40 viae
949 1533 72 40 ducem

217 1564 85 46 esse
271 1564 117 46 caecis,
356 1564 96 46 lucem
420 1564 96 46 eorum
484 1564 75 46 qui
526 1564 85 46 sunt
579 1564 64 46 in
611 1564 138 46 tenebris,
718 1564 149 46 Eruditorem
835 1564 170 46 desipietium,
963 1564 53 46 ma¬-

204 1595 128 51 gistrum
297 1595 162 51 infantium,
425 1595 93 51 quod
483 1595 116 51 habeas
564 1595 197 51 informationem
726 1595 128 51 cognit,
819 1595 93 51 onis
877 1595 70 51 ac
900 1595 128 51 veritatis

211 1630 66 43 in
244 1630 98 43 Lege.
309 1630 76 43 Qui
353 1630 109 43 igitur
429 1630 98 43 doces
495 1630 109 43 alium,
571 1630 120 43 teipsum
659 1630 76 43 non
702 1630 109 43 doces?
779 1630 76 43 qui
822 1630 142 43 praedicas
932 1630 76 43 non
964 1630 55 43 fu¬-

211 1665 133 41 randum,
308 1665 145 41 furaris?
416 1665 85 41 Qui
465 1665 109 41 dicis
537 1665 85 41 non
586 1665 181 41 moechandum,
731 1665 169 41 moecharis?
864 1665 85 41 qui
900 1665 121 41 abomina¬-

211 1700 77 39 ris
255 1700 111 39 idola,
333 1700 166 39 sacrilegium
465 1700 144 39 admittis?
565 1700 55 39 &c.

224 1720 177 51 Reformatur
364 1720 89 51 tum
414 1720 139 51 errorum
516 1720 89 51 qui
567 1720 190 51 invaluerunt
719 1720 203 51 eradicatione
884 1720 63 51 &
896 1720 127 51 falsorum

216 1763 136 42 cultuum
315 1763 198 42 abrogatione,
476 1763 149 42 abolitis
587 1763 87 42 tum
637 1763 186 42 opinionibus
786 1763 87 42 cum
835 1763 112 42 verbo
909 1763 87 42 Dei
947 1763 74 42 pug¬-

213 1805 143 33 nantibus
321 1805 84 33 tum
368 1805 167 33 ceremoniis
500 1805 107 33 verae
571 1805 155 33 religioni
691 1805 119 33 humana
774 1805 131 33 audacia
870 1805 155 33 adspersis
977 1805 48 33 in

219 1831 176 45 Sacramentis
360 1831 59 45 &
383 1831 129 45 reliquo
477 1831 105 45 cultu
547 1831 94 45 Dei:
606 1831 82 45 tum
653 1831 105 45 verae
723 1831 164 45 religionis
840 1831 176 45 instauratione

207 1863 58 42 &
231 1863 69 42 in
265 1863 127 42 theoria
358 1863 58 42 &
381 1863 69 42 in
416 1863 104 42 praxi
485 1863 127 42 illius,
578 1863 151 42 revocatis
694 1863 116 42 omnibs
775 1863 69 42 ad
810 1863 162 42 prudentiam
925 1863 93 42 iusto¬-

213 1893 86 41 rum,
267 1893 65 41 ut
300 1893 97 41 omnes
364 1893 119 41 pendeat
451 1893 86 41 toti
505 1893 54 41 a
526 1893 119 41 patrib.
613 1893 97 41 illis
677 1893 108 41 iustis
753 1893 76 41 qui
796 1893 86 41 vera
850 1893 140 41 sapientia
947 1893 76 41 divi¬-

211 1924 95 43 nitus
275 1924 137 43 instructi
380 1924 74 43 per
422 1924 126 43 Spiritum
517 1924 63 43 S.
548 1924 116 43 loquuti
633 1924 95 43 sunt,
696 1924 63 43 id
727 1924 84 43 est,
780 1924 137 43 Prophetis
885 1924 53 43 &
896 1924 126 43 Apostolis,

208 1961 86 43 Luc.
262 1961 64 43 1.
294 1961 64 43 v.
326 1961 75 43 17.
369 1961 86 43 Pet.
423 1961 64 43 1.
455 1961 75 43 10.
498 1961 64 43 De
530 1961 75 43 qua
573 1961 107 43 salute
648 1961 182 43 exquisierunt,
798 1961 54 43 &
820 1961 86 43 quam
874 1961 129 43 scrutati
959 1961 54 43 sum

212 1989 149 46 Prophetae,
329 1989 75 46 qui
372 1989 64 46 de
404 1989 106 46 vetura
479 1989 64 46 in
511 1989 75 46 vos
553 1989 106 46 gratia
628 1989 181 46 prophetarunt.
777 1989 64 46 2.
809 1989 85 46 Pet.
862 1989 64 46 1.
894 1989 75 46 19.
936 1989 64 46 Et
958 1989 53 46 ha¬-

207 2022 110 46 bemus
280 2022 160 46 firmiorem
403 2022 110 46 illum
477 2022 147 46 sermonem
587 2022 196 46 propheticum:
747 2022 98 46 quem
808 2022 184 46 benefacitis
943 2022 74 46 quod

220 2054 169 44 attenditis,
355 2054 102 44 velut
423 2054 135 44 lucernam
525 2054 169 44 splendentem
660 2054 68 44 in
694 2054 124 44 obscuro
784 2054 102 44 loco,
852 2054 135 44 usquedum
942 2054 68 44 die¬-

212 2093 154 42 illucescat,
335 2093 51 42 &
355 2093 113 42 lucifer
437 2093 133 42 exoriatur
540 2093 62 42 in
571 2093 123 42 cordibus
663 2093 123 42 vestris.
756 2093 62 42 Et
786 2093 62 42 c.
817 2093 62 42 3.
848 2093 62 42 1.
879 2093 62 42 2.
909 2093 92 42 Hasce
961 2093 51 42 iam

226 2123 113 48 alteras
308 2123 92 48 vobis
369 2123 113 48 literas
452 2123 103 48 scribo
523 2123 113 48 dilecti
605 2123 103 48 quibus
677 2123 123 48 sinceram
770 2123 103 48 mentem
842 2123 113 48 vestram
924 2123 72 48 per
954 2123 62 48 sub¬-

223 2157 158 41 monitionem
347 2157 192 41 expergefacio:
505 2157 68 41 Vt
539 2157 124 41 memores
629 2157 102 41 sitis
697 2157 135 41 verborum
798 2157 90 41 quae
855 2157 147 41 praedicta
957 2157 56 41 sum

223 2189 55 46 a
245 2189 120 46 sanctis
332 2189 153 46 Prophetis,
452 2189 55 46 &
474 2189 142 46 praecepti
583 2189 109 46 illius
660 2189 109 46 nostri
736 2189 76 46 qui
780 2189 98 46 sumus
845 2189 131 46 Apostoli
933 2189 98 46 Domini¬-

225 2232 58 47 &
237 2232 151 47 Servatoris.

252 2245 173 54 Introductio
391 2245 127 54 publica
483 2245 104 54 verae
552 2245 161 54 religionis
679 2245 81 54 aut
725 2245 127 54 publica
817 2245 161 54 Reformatio
944 2245 58 54 a
956 2245 69 54 cor¬-

219 2291 139 46 ruptelis
323 2291 104 46 fieri
393 2291 150 46 ordinatie
508 2291 58 46 a
531 2291 139 46 Principe
635 2291 81 46 seu
681 2291 162 46 Magistratu
808 2291 104 46 summo
877 2291 115 46 debet:
958 2291 81 46 Es¬

214 2321 92 44 enim
271 2321 126 44 officii
363 2321 126 44 ipsius,
454 2321 69 44 ut
489 2321 138 44 ostendit
592 2321 138 44 exemplum
695 2321 115 44 Mosis,
775 2321 126 44 Iosuae,
867 2321 138 44 Davidis,
959 2321 57 44 Asa

214 2351 67 47 2.
247 2351 101 47 Chro.
315 2351 79 47 14.
360 2351 56 47 &
382 2351 79 47 15.
427 2351 146 47 Iosaphati
540 2351 90 47 c17.
596 2351 56 47 &
618 2351 79 47 19.
663 2351 112 47 Ezech.
742 2351 79 47 ca.
787 2351 79 47 29.
832 2351 56 47 &
854 2351 67 47 30
888 2351 56 47 &
911 2351 112 47 losiae
978 2351 45 47 2.

219 2391 157 45 Chronic.
337 2391 92 45 34.
389 2391 65 45 &
415 2391 92 45 35.
468 2391 196 45 Constantini
625 2391 105 45 item
690 2391 118 45 Magni
769 2391 65 45 &
795 2391 170 45 Theodosii
926 2391 118 45 Magni
992 2391 39 45 &

202 2434 138 42 aliorum.

248 2457 102 47 Quod
312 2457 77 47 si
350 2457 153 47 Princeps
465 2457 89 47 seu
516 2457 192 47 Magistratus
670 2457 128 47 summus
759 2457 179 47 religionem
899 2457 115 47 veram
963 2457 64 47 non

215 2485 112 46 curet,
293 2485 78 46 aut
338 2485 100 46 etiam
404 2485 156 46 hostiliter
527 2485 56 46 &
549 2485 134 46 tyranice
650 2485 134 46 impediat
750 2485 78 46 aut
795 2485 145 46 opprimat:
906 2485 100 46 licet
962 2485 56 46 et¬-

218 2520 88 54 iam
269 2520 150 54 frequens
381 2520 138 54 populus
481 2520 125 54 falsam
569 2520 175 54 religionem
707 2520 150 54 sequatur
819 2520 63 54 &
844 2520 100 54 vera
894 2520 138 54 persequa¬-

219 2556 106 43 tur:
285 2556 93 43 tum
338 2556 80 43 ad
378 2556 225 43 introducendam
563 2556 93 43 aut
616 2556 199 43 reformandam
775 2556 199 43 religionem,
921 2556 106 43 operam

219 2586 96 46 iure
279 2586 157 46 impendit,
400 2586 157 46 quicunque
520 2586 60 46 a
545 2586 84 46 Deo
593 2586 181 46 cognitionem
738 2586 109 46 eius,
810 2586 60 46 &
834 2586 169 46 facultatem
967 2586 84 46 eam

219 2619 197 54 introducendi
379 2619 86 54 aut
428 2619 173 54 reformandi
564 2619 185 54 consequutus
712 2619 99 54 est:
773 2619 86 54 nec
823 2619 86 54 tum
859 2619 173 54 exspectandus

225 2657 80 50 est
270 2657 136 50 Politici
372 2657 171 50 Magistratus
509 2657 159 50 consensus,
634 2657 68 50 ut
668 2657 80 50 nec
702 2657 91 50 populi

252 2687 68 48 I.
286 2687 91 48 Quia
343 2687 125 48 religio
434 2687 80 48 est
479 2687 91 48 Dei,
536 2687 80 48 non
582 2687 171 48 Magistratus
719 2687 148 48 Politici,
833 2687 68 48 ut
867 2687 80 48 nec
901 2687 91 48 populi

255 2717 80 52 II.
300 2717 92 52 Quia
358 2717 57 52 &
381 2717 92 52 olim
438 2717 161 52 introducta
564 2717 80 52 aut
610 2717 149 52 reformata
725 2717 92 52 fuit
782 2717 57 52 a
805 2717 103 52 piis,
874 2717 80 52 qui
909 2717 126 52 principes

225 2760 58 42 &
249 2760 174 42 Magistratus
388 2760 140 42 politici
493 2760 81 42 non
539 2760 116 42 erant,
621 2760 70 42 ut
656 2760 58 42 a
679 2760 163 42 Iehojadaho
807 2760 163 42 Sacerdote,
935 2760 70 42 2.
958 2760 70 42 Chr¬-

224 2788 85 44 23.
272 2788 60 44 a
296 2788 181 44 Machabaeis,
442 2788 109 44 iuxta
514 2788 169 44 prophetiam
647 2788 97 44 Dan.
708 2788 73 44 11
744 2788 60 44 &
768 2788 85 44 12.
816 2788 157 44 Apostolis
937 2788 60 44 &
949 2788 85 44 aliis

224 2819 177 48 Christianis
366 2819 71 48 in
401 2819 153 48 primitiva
519 2819 153 48 Ecclesia,
637 2819 83 48 non
685 2819 165 48 exspectato
814 2819 142 48 consensu
909 2819 118 48 Magistra

219 2855 76 39 tus
263 2855 130 39 politici
360 2855 54 39 &
382 2855 119 39 populi,
468 2855 76 39 Act
512 2855 65 39 2.
544 2855 65 39 4.
577 2855 54 39 &
598 2855 98 39 seqq.
664 2855 65 39 ut
696 2855 54 39 &
718 2855 65 39 in
750 2855 98 39 aliis
815 2855 141 39 capitibus
924 2855 76 39 per
956 2855 76 39 totum

221 2898 135 41 librum.
319 2898 172 41 Censuerunt
454 2898 98 41 enim
515 2898 123 41 potius
601 2898 172 41 obediendum
736 2898 98 41 esse
798 2898 98 41 Deo,
859 2898 86 41 qua
896 2898 135 41 hominibus

264 2918 84 61 Imo
312 2918 84 61 nec
360 2918 157 61 Ecclesiae
481 2918 121 61 ipsius
566 2918 84 61 aut
614 2918 181 61 Episcoporum
759 2918 97 61 eius
819 2918 157 61 consensus
939 2918 84 61 est
976 2918 60 61 ex¬

218 2963 163 55 spectandus.

261 2987 73 55 I.
297 2987 97 55 Quia
358 2987 110 55 talem
431 2987 158 55 consensum
553 2987 146 55 Christus
662 2987 170 55 exspectare
796 2987 85 55 non
833 2987 85 55 iussi

263 3019 81 59 II.
310 3019 93 59 Quia
368 3019 128 59 quisque
460 3019 81 59 pro
507 3019 116 59 seipso
588 3019 70 59 in
623 3019 128 59 solidum
715 3019 185 59 adstringitur
866 3019 93 59 Legi
924 3019 93 59 Dei,
970 3019 70 59 sive

233 3070 83 45 alii
285 3070 166 45 consentiant,
420 3070 83 45 sive
461 3070 146 45 dissentiant.

252 3092 96 54 III.
312 3092 96 54 Quia
371 3092 143 54 Apostoli
479 3092 60 54 &
503 3092 96 54 alii
562 3092 131 54 fideles
658 3092 155 54 Ecclesiae
777 3092 143 54 Iudaicae
885 3092 60 54 &
897 3092 143 54 Pontificum

226 3128 168 52 Summorum
352 3128 126 52 atque
436 3128 196 52 Sacerdotum
590 3128 182 52 consensum
731 3128 98 52 non
787 3128 266 52 exspectaverunt:
997 3128 42 52 &

231 3162 124 45 contra
318 3162 187 45 interdictum
467 3162 137 45 illorum
566 3162 174 45 annunciare
703 3162 174 45 Evangelium
840 3162 137 45 Christi
940 3162 87 45 non
977 3162 62 45 de¬-

238 3203 156 43 stiterunt,
360 3203 67 43 ut
394 3203 89 43 Acta
449 3203 156 43 Apostolica
561 3203 100 43 docent.

243 3226 83 54 IV.
290 3226 95 54 Quia
350 3226 71 54 si
385 3226 154 54 Ecclesiae
504 3226 118 54 nomine
586 3226 201 54 intelligantur
752 3226 166 54 Pontisices
882 3226 130 54 Romani,
965 3226 71 54 Car¬

1044 202 135 49 dinales
1142 202 61 49 &
1166 202 135 49 caeteri
1264 202 135 49 Cletici
1363 202 184 49 Romanenses,
1510 202 98 49 illi
1571 202 208 49 reformationem
1743 202 135 49 nunquam

1056 245 201 40 approbabunt,
1220 245 138 40 nunquam
1320 245 75 40 in
1358 245 88 40 eam
1408 245 201 40 consentient:
1571 245 151 40 quamquam
1684 245 100 40 ipsi
1747 245 100 40 vera
1797 245 63 40 Ec¬-

1057 273 103 40 clesia
1129 273 114 40 Christi
1211 273 72 40 non
1253 273 93 40 sunt,

1090 307 148 47 Praeterea
1204 307 91 47 vera
1261 307 126 47 religio
1352 307 80 47 est
1386 307 126 47 spontanea

1062 333 67 53 I.
1095 333 89 53 Quia
1151 333 78 53 non
1195 333 144 53 imperatur
1306 333 67 53 ab
1339 333 144 53 hominibus
1450 333 78 53 sed
1495 333 67 53 ex
1528 333 144 53 praecepta
1639 333 144 53 veritatis
1739 333 111 53 opinione

1048 379 148 39 accedente
1161 379 114 39 divini
1241 379 125 39 Numinis
1332 379 125 39 gratia,
1423 379 91 39 bene
1480 379 171 39 praeparatis
1616 379 125 39 mentibs
1707 379 171 39 infunditur.

1082 407 80 47 II.
1127 407 91 47 Quia
1184 407 91 47 cogi
1242 407 80 47 non
1287 407 103 47 vult,
1356 407 80 47 sed
1402 407 114 47 doceri
1470 407 103 47 expetio

1089 440 92 47 III.
1147 440 92 47 Quia
1205 440 162 47 immanitate
1332 440 81 47 non
1378 440 173 47 stabilitur,
1517 440 81 47 sed
1552 440 127 47 evertitur

1089 472 86 43 IV.
1138 472 98 43 Quia
1199 472 135 43 exempla
1298 472 98 43 idem
1359 472 135 43 docent,
1458 472 111 43 losu.
1532 472 74 43 24
1569 472 86 43 21.
1605 472 62 43 22.

1071 497 129 53 Proinde
1165 497 105 53 armis
1235 497 176 53 corporalib.
1376 497 82 53 non
1423 497 82 53 est
1470 497 187 53 introducenda
1622 497 82 53 aut
1669 497 176 53 propaganda,
1797 497 59 53 non

1053 541 240 35 coniurationibus
1255 541 152 35 adversus
1369 541 164 35 Principem
1495 541 88 35 seu
1546 541 189 35 Magistratum
1697 541 139 35 summum,
1786 541 63 35 non

1064 576 160 40 parricidiis
1193 576 107 40 Regum,
1267 576 75 40 non
1310 576 160 40 oppressione
1438 576 128 40 violenta
1534 576 118 40 aliorum
1620 576 75 40 sed
1663 576 96 40 verbi
1727 576 75 40 Dei
1759 576 96 40 praedi¬-

1051 615 134 33 catione,
1151 615 78 33 sed
1196 615 134 33 doctrina
1296 615 56 33 &
1318 615 111 33 sedula
1396 615 189 33 institutione,
1552 615 89 33 quae
1608 615 67 33 in
1641 615 111 33 animum
1719 615 123 33 leniter
1797 615 56 33 in¬-

1054 640 133 40 stillata
1154 640 155 40 descendit:
1275 640 77 40 sed
1320 640 166 40 confessione
1452 640 144 40 intrepida
1563 640 100 40 coram
1630 640 155 40 quibusvis:
1751 640 77 40 sed
1796 640 55 40 &
1807 640 55 40 vi¬-

1061 674 80 40 tae
1106 674 91 40 suae
1163 674 183 40 sanguinisque
1312 674 149 40 effusione
1426 674 69 40 ad
1460 674 91 40 eius
1506 674 183 40 obsignationem:

1101 707 109 35 Armis
1173 707 109 35 tamen
1246 707 133 35 defendi
1343 707 109 35 atque
1415 707 121 35 asseri
1500 707 121 35 potest
1584 707 145 35 adversus
1693 707 85 35 vim
1729 707 121 35 publicam

1066 739 106 39 atque
1137 739 153 39 iniustam,
1255 739 83 39 tum
1302 739 153 39 in-primis
1420 739 130 39 hostium
1515 739 177 39 externorum,
1656 739 83 39 tum
1704 739 106 39 etiam
1763 739 94 39 inter¬-

1061 771 101 38 norum
1128 771 101 38 dolis
1196 771 56 38 &
1218 771 101 38 armis
1286 771 135 38 sinceros
1387 771 79 38 Dei
1432 771 135 38 cultores
1533 771 56 38 &
1556 771 101 38 verae
1623 771 157 38 religionis
1736 771 112 38 asserto¬-

1053 806 87 42 res
1102 806 161 42 opprimere
1226 806 62 42 &
1251 806 174 42 exstitpare
1388 806 161 42 conantium
1512 806 124 42 contra
1598 806 112 42 legem
1673 806 99 42 Dei,
1735 806 136 42 naturae
1822 806 37 42 &

1054 838 97 47 omnis
1119 838 141 47 legitimae
1216 838 130 47 politiae:;

1081 864 63 44 I.
1113 864 85 44 Quia
1166 864 74 44 vim
1208 864 63 44 vi
1240 864 148 44 repellere,
1356 864 95 44 etiam
1420 864 85 44 jure
1473 864 127 44 naturae,
1568 864 95 44 licet

1082 900 89 41 II.
1133 900 101 41 Quia
1196 900 114 41 veram
1272 900 177 41 religionem
1412 900 114 41 armis
1488 900 190 41 defenderunt
1640 900 114 41 atque
1703 900 165 41 asseruerunt

1059 938 86 34 cum
1108 938 110 34 laude
1181 938 135 34 aeterna
1279 938 98 34 olim
1340 938 86 34 pii
1389 938 110 34 Reges
1462 938 61 34 &
1487 938 110 34 Duces
1560 938 122 34 populi
1646 938 86 34 Dei
1695 938 147 34 adversus
1793 938 73 34 Phi¬-

1069 971 133 40 istaeos
1166 971 60 40 &
1190 971 109 40 alios
1262 971 121 40 hostes
1347 971 133 40 populum
1443 971 85 40 Dei
1492 971 60 40 &
1516 971 169 40 religionem
1649 971 133 40 divinam
1745 971 97 40 odio
1794 971 60 40 ha¬-

1060 1001 120 38 bentes
1144 1001 72 38 ac
1180 1001 168 38 exstirpare
1312 1001 156 38 conantes:
1432 1001 96 38 idem
1491 1001 144 38 fecerunt
1599 1001 144 38 Machabei
1707 1001 144 38 adversus
1803 1001 60 38 An¬-

1056 1036 140 37 tiochum
1158 1036 178 37 Epiphanem:
1298 1036 178 37 Christiani
1437 1036 191 37 imperatores
1590 1036 64 37 &
1615 1036 127 37 Reges,
1704 1036 76 37 ut
1730 1036 114 37 Constan

1058 1069 113 43 tinus
1134 1069 126 43 Magnus
1222 1069 176 43 Theodosius
1361 1069 138 43 Magnus,
1461 1069 63 43 &
1486 1069 101 43 alii
1549 1069 151 43 adversus
1663 1069 164 43 Gentiles:
1788 1069 63 43 &
1801 1069 63 43 iam

1061 1101 58 43 a
1084 1101 115 43 multis
1164 1101 127 43 seculis
1256 1101 138 43 adversus
1348 1101 92 43 Turca¬-

1093 1125 122 50 Adhaec
1178 1125 134 50 religio
1276 1125 98 50 vera
1337 1125 147 50 acerrime
1447 1125 171 50 oppugnatur
1581 1125 61 50 a
1606 1125 122 50 mundo:
1691 1125 61 50 &
1715 1125 122 50 quidem
1789 1125 73 50 nul¬-

1067 1158 89 44 lius
1123 1158 78 44 rei
1167 1158 145 44 praetextu
1279 1158 145 44 crudelius
1390 1158 56 44 &
1413 1158 167 44 vehementius
1547 1158 167 44 oppugnatur,
1680 1158 89 44 quam
1736 1158 112 44 ipsius
1803 1158 56 44 re¬-

1062 1202 136 36 ligionis,
1166 1202 94 36 idque
1229 1202 63 36 ab
1260 1202 94 36 illis
1323 1202 94 36 ipsis
1386 1202 73 36 qui
1427 1202 94 36 verae
1490 1202 146 36 religionis
1605 1202 188 36 conservatores,
1762 1202 52 36 &
1772 1202 84 36 colum:

1069 1237 77 39 nae
1113 1237 142 39 Ecclesiae
1222 1237 109 39 videri
1299 1237 120 39 volunt.
1386 1237 77 39 Sic
1430 1237 87 39 enim
1484 1237 142 39 oppugnata
1594 1237 87 39 fuit
1648 1237 55 39 a
1670 1237 120 39 Iudaeis
1747 1237 109 39 praetex¬-

1061 1267 60 46 tu
1091 1267 141 46 Sabbathi.,
1202 1267 80 46 Ioh.
1252 1267 60 46 5.
1282 1267 60 46 v.
1312 1267 70 46 10.
1352 1267 101 46 Iudaei
1423 1267 80 46 ergo
1473 1267 121 46 dicebant
1564 1267 70 46 ei,
1604 1267 70 46 qui
1644 1267 111 46 curatus
1724 1267 111 46 fuerat,
1795 1267 60 46 Sab¬-

1067 1297 104 46 bathum
1139 1297 83 46 est,
1192 1297 73 46 non
1233 1297 94 46 licet
1296 1297 83 46 tibi
1348 1297 135 46 attollere
1452 1297 125 46 grabatum

1093 1327 82 43 Est
1140 1327 105 43 firma
1210 1327 70 43 ac
1245 1327 211 43 insuperabilis:
1421 1327 82 43 nam
1468 1327 70 43 ad
1503 1327 82 43 eam
1549 1327 187 43 extorquendam
1702 1327 94 43 vere
1760 1327 117 43 fideli
1830 1327 47 43 &:

1072 1363 171 41 regenerato,
1208 1363 102 41 nihil
1276 1363 114 41 valent
1356 1363 159 41 cruciatus,
1481 1363 148 41 carceres,
1595 1363 136 41 mulctae,
1697 1363 159 41 facultatum
1811 1363 68 41 ere¬-

1070 1400 121 42 ptiones,
1161 1400 202 42 praescriptiones,
1333 1400 121 42 exsilia,
1424 1400 121 42 perversa
1515 1400 131 42 consilia,
1616 1400 101 42 pravae
1687 1400 142 42 suasiones,
1798 1400 91 42 auteo
1849 1400 30 42 o

1063 1432 87 35 rum
1112 1432 136 35 montium
1211 1432 211 35 promissiones,
1385 1432 173 35 dignitates
1521 1432 62 35 &
1546 1432 136 35 honores
1645 1432 111 35 mundi
1719 1432 124 35 istius
1806 1432 62 35 &
1818 1432 62 35 sii

1073 1463 85 48 quae
1127 1463 96 48 aliae
1190 1463 85 48 sunt
1243 1463 159 48 tentationes
1371 1463 53 48 a
1392 1463 117 48 dextris
1477 1463 74 48 vel
1520 1463 149 48 sinistris.
1637 1463 96 48 Certe
1700 1463 85 48 quod
1753 1463 64 48 de
1785 1463 74 48 sua
1817 1463 64 48 illa

1062 1499 150 38 sapientia
1178 1499 81 38 tam
1224 1499 150 38 magnifice
1339 1499 184 38 praedicavere
1489 1499 127 38 Stoici,
1581 1499 81 38 hoc
1627 1499 81 38 nos
1673 1499 104 38 multo
1743 1499 127 38 iustius
1835 1499 69 38 de

1058 1532 161 38 religione
1181 1532 99 38 vera
1243 1532 173 38 dixerimus.
1379 1532 87 38 Nam
1429 1532 87 38 ubi
1478 1532 99 38 quis
1540 1532 111 38 veram
1615 1532 173 38 religionem
1738 1532 124 38 Spiritus

1067 1561 115 39 divini
1147 1561 115 39 gratia
1227 1561 126 39 infusam
1319 1561 103 39 animo
1387 1561 126 39 penitus
1479 1561 115 39 hausit
1559 1561 57 39 &
1582 1561 115 39 tenet,
1662 1561 69 39 in
1697 1561 69 39 eo
1731 1561 115 39 nullum
1800 1561 57 39 ha¬-

1064 1594 101 42 bent
1127 1594 151 42 momentum
1240 1594 138 42 vexatio
1341 1594 63 42 &
1366 1594 126 42 dolor,
1454 1594 63 42 &
1479 1594 151 42 quicquid
1592 1594 113 42 aliud
1668 1594 163 42 incommodi
1781 1594 75 42 est:

1076 1624 120 43 virtute
1163 1624 54 43 &
1185 1624 152 43 alacritate
1304 1624 87 43 quae
1359 1624 54 43 a
1381 1624 141 43 religione
1489 1624 141 43 praecepta
1598 1624 174 43 ingeneratur,
1729 1624 130 43 superatur:

1070 1662 100 41 Nihil
1136 1662 88 41 illi
1192 1662 100 41 eorum
1258 1662 88 41 quae
1313 1662 122 41 ferenda
1402 1662 88 41 sunt
1457 1662 155 41 displicet:
1579 1662 133 41 quicquid
1678 1662 111 41 cadere
1755 1662 66 41 in
1778 1662 77 41 homi¬-

1075 1693 75 42 nem
1118 1693 117 42 potest,
1203 1693 64 42 in
1235 1693 64 42 se
1267 1693 138 42 cecidisse
1374 1693 75 42 non
1416 1693 149 42 quaeritur:
1533 1693 96 42 vires
1597 1693 85 42 suas
1650 1693 106 42 novit,
1725 1693 106 42 dumque
1799 1693 64 42 se
1821 1693 53 42 Dei

1068 1726 118 48 gratia
1151 1726 118 48 fretum
1234 1726 154 48 persuasus
1353 1726 95 48 est,
1412 1726 107 48 oneri
1483 1726 130 48 ferendo
1578 1726 71 48 se
1613 1726 118 48 quoque
1696 1726 107 48 parem
1755 1726 107 48 futurum

1065 1764 142 34 confidit:
1175 1764 88 34 stet
1229 1764 99 34 illic
1295 1764 99 34 licet
1361 1764 142 34 carnifex,
1471 1764 99 34 licet
1536 1764 110 34 tortor
1613 1764 110 34 ferrum
1690 1764 55 34 &
1712 1764 121 34 fiammam
1788 1764 77 34 admo¬-

1076 1793 93 42 peat,
1138 1793 177 42 perseverabit:
1283 1793 73 42 nec
1325 1793 83 42 quid
1377 1793 135 42 passurus,
1481 1793 73 42 sed
1522 1793 83 42 quid
1574 1793 125 42 facturus
1668 1793 73 42 sit
1709 1793 145 42 cogitabit.
1813 1793 52 42 Fe¬-

1066 1826 118 39 licitas
1152 1826 86 39 illi
1206 1826 107 39 quippe
1281 1826 139 39 domestica
1388 1826 86 39 est:
1442 1826 54 39 &
1463 1826 64 39 si
1495 1826 86 39 quid
1549 1826 161 39 extrinsecus
1678 1826 161 39 intervenit,
1796 1826 75 39 leve¬-

1054 1865 84 34 est
1102 1865 60 34 &
1126 1865 120 34 summam
1210 1865 120 34 tantum
1294 1865 108 34 cutem
1366 1865 156 34 stringit.
1487 1865 108 34 Docet
1559 1865 84 34 hoc
1607 1865 96 34 Iobi
1667 1865 156 34 exemplum,
1775 1865 84 34 cuius

1070 1894 160 39 religionem
1195 1894 68 39 ac
1229 1894 68 39 in
1263 1894 91 39 Deum
1321 1894 125 39 pietate
1412 1894 103 39 nulla
1480 1894 148 39 calamitas
1594 1894 114 39 potuit
1674 1894 160 39 expugnare,
1800 1894 57 39 &
1811 1894 57 39 cum

1058 1925 66 39 ab
1091 1925 87 39 illa
1146 1925 131 39 dimovere
1244 1925 87 39 Iob.
1299 1925 66 39 1.
1331 1925 66 39 v.
1364 1925 66 39 8.
1397 1925 55 39 &
1419 1925 98 39 seqq.
1484 1925 77 39 tum
1528 1925 120 39 versibi
1616 1925 77 39 tum
1659 1925 142 39 capitibus
1758 1925 109 39 Exemplum

1053 1955 95 42 item
1112 1955 119 42 septem
1195 1955 130 42 fratrum
1290 1955 71 42 in
1326 1955 201 42 Macchabaeorum
1492 1955 154 42 historia,
1610 1955 142 42 Johannis
1717 1955 119 42 Hussi,
1788 1955 71 42 Hie¬-

1061 1991 125 36 ronymi
1149 1991 163 36 Pragensis
1275 1991 63 36 &
1300 1991 138 36 aliorum
1400 1991 163 36 Martyrum,
1525 1991 100 36 quos
1588 1991 113 36 nulla
1663 1991 113 36 damna
1739 1991 88 36 rei
1776 1991 88 36 fami¬

1063 2060 56 43 &
1085 2060 56 43 a
1108 2060 90 43 vera
1164 2060 146 43 religione
1276 2060 146 43 dimovere,
1388 2060 79 43 sed
1433 2060 90 43 ipsi
1489 2060 79 43 cum
1534 2060 101 43 victi
1601 2060 79 43 per
1646 2060 146 43 supplicia
1747 2060 112 43 putaten¬-

1059 2093 92 32 tur,
1117 2093 138 32 victores
1221 2093 161 32 constanter
1347 2093 104 32 omnia
1416 2093 161 32 perferendo
1543 2093 150 32 evaserunt
1646 2093 35 32 .

1326 2134 243 46 CAPUT
1461 2134 135 46 II.

1110 2180 86 53 In
1153 2180 100 53 quo
1210 2180 215 53 repugnantia
1382 2180 129 53 verae
1468 2180 186 53 religioni
1612 2180 215 53 exponuntur.

1086 2224 218 42 TIDISSENTANBA
1266 2224 179 42 religionis
1407 2224 115 42 verae
1483 2224 179 42 spectemus:
1624 2224 77 42 ei
1663 2224 179 42 opponuntur
1791 2224 64 42 que

1115 2265 84 37 dam
1163 2265 72 37 ut
1199 2265 179 37 repugnantia
1342 2265 131 37 quaedam
1437 2265 72 37 ut
1473 2265 167 37 contraria,
1592 2265 60 37 &c.

1133 2283 188 50 REPUGNANTIA
1284 2283 113 50 verae
1359 2283 163 50 religioni
1485 2283 113 50 multa
1560 2283 113 50 sunt:
1635 2283 113 50 Primo
1710 2283 113 50 nulla
1773 2283 88 50 plane

1061 2324 90 45 vera
1117 2324 124 45 religio
1207 2324 113 45 homini
1286 2324 124 45 animali
1377 2324 113 45 tribui
1444 2324 102 45 potest:

1091 2342 67 59 I.
1124 2342 90 59 Quia
1181 2342 90 59 illa
1237 2342 79 59 cum
1282 2342 135 59 veritate
1383 2342 146 59 conjuncta
1495 2342 90 59 est:
1551 2342 79 59 hic
1596 2342 101 59 autem
1663 2342 112 59 mendax
1731 2342 67 59 est.

1099 2380 67 55 2.
1132 2380 90 55 Quia
1188 2380 90 55 vera
1244 2380 123 55 religio
1334 2380 78 55 non
1379 2380 101 55 solum
1446 2380 67 55 in
1479 2380 146 55 agnitione
1591 2380 78 55 Dei
1636 2380 112 55 posita
1714 2380 90 55 est,
1770 2380 78 55 sed
1804 2380 56 55 et¬-

1061 2424 81 40 iam
1108 2424 69 40 in
1142 2424 185 40 ardentissima
1293 2424 151 40 charitate
1409 2424 93 40 erga
1467 2424 93 40 eum,
1525 2424 151 40 studioque
1641 2424 104 40 summo
1710 2424 69 40 ei
1733 2424 116 40 obedient

1068 2450 76 49 di:
1112 2450 119 49 neutrum
1198 2450 98 49 autem
1264 2450 109 49 homini
1340 2450 109 49 Vυχικῳ
1416 2450 141 49 competit,
1524 2450 65 49 1.
1557 2450 87 49 Cor.
1611 2450 65 49 2.
1644 2450 65 49 v.
1676 2450 65 49 6,
1709 2450 54 49 &
1731 2450 98 49 sequ.
1796 2450 76 49 Ec¬

1066 2486 112 45 nomine
1144 2486 112 45 Paulus
1223 2486 101 45 dicit
1291 2486 112 45 Gentes
1369 2486 112 45 fuisse
1448 2486 112 45 αθεος,
1527 2486 146 45 serviisse
1639 2486 79 45 iis
1684 2486 79 45 qui
1729 2486 112 45 natura
1797 2486 56 45 non

1064 2526 81 47 sunt
1114 2526 81 47 Dii,
1165 2526 81 47 Gal.
1215 2526 61 47 4.
1246 2526 61 47 v.
1266 2526 30 47 8

1086 2543 113 53 Deinde
1165 2543 124 53 religio
1255 2543 90 53 vera
1311 2543 79 53 non
1356 2543 79 53 est
1401 2543 146 53 ἐμπορικη,
1513 2543 79 53 hoc
1558 2543 90 53 est,
1615 2543 158 53 institoria
1738 2543 79 53 seu
1772 2543 90 53 merca¬-

1067 2582 114 52 toria,
1146 2582 68 52 in
1181 2582 80 52 qua
1226 2582 125 52 nimirum
1317 2582 114 52 turpis
1397 2582 103 52 lucri
1466 2582 148 52 compendia
1579 2582 160 52 queruntur,
1705 2582 171 52 nundinatio¬

1069 2621 63 46 ne
1101 2621 53 46 &
1122 2621 147 46 venditione
1238 2621 116 46 gratiae
1322 2621 126 46 divinae,
1417 2621 158 46 remissionis
1543 2621 158 46 peccatorum,
1670 2621 84 46 celi
1722 2621 53 46 &
1743 2621 116 46 salutis
1817 2621 42 46 e¬-

1067 2651 117 49 terne,
1149 2651 164 49 dignitatum
1278 2651 59 49 &
1302 2651 164 49 functionum
1430 2651 246 49 Ecclesiasticarum,
1641 2651 211 49 dispensationis
1805 2651 47 49 de

1080 2686 86 46 Lege
1134 2686 107 46 divina
1209 2686 64 46 in
1241 2686 150 46 coniugiis,
1359 2686 97 46 rerum
1424 2686 193 46 consecratarum,
1585 2686 107 46 veluti
1660 2686 172 46 sphaerularum
1789 2686 64 46 pre¬-

1075 2722 170 42 catoriarum
1208 2722 109 42 quib.
1281 2722 85 42 Deo
1329 2722 121 42 preces
1414 2722 206 42 adnumerantur,
1583 2722 133 42 rosarum
1680 2722 157 42 autearum,
1789 2722 73 42 gla¬-

1065 2751 124 45 diorum
1151 2751 62 45 &
1176 2751 149 45 pileorum
1288 2751 62 45 a
1313 2751 99 45 Papa
1375 2751 112 45 nocte
1449 2751 74 45 ac
1487 2751 87 45 die
1536 2751 186 45 Nativitatis
1685 2751 124 45 Domini
1760 2751 99 45 conse¬-

1070 2785 157 54 cratorum,
1191 2785 85 54 &c.
1239 2785 97 54 item
1300 2785 182 54 reliquiarum
1445 2785 61 54 &
1469 2785 133 54 aliarum
1554 2785 97 54 rerum.

1108 2806 130 56 Religio
1203 2806 94 56 enim
1261 2806 189 56 nundinatoria
1415 2806 83 56 est
1462 2806 130 56 propria
1556 2806 177 56 seductorum,
1686 2806 165 56 haereticorum

1081 2842 53 52 &
1103 2842 171 52 Antichristi,
1242 2842 96 52 Matt.
1306 2842 75 52 21.
1349 2842 75 52 12,
1391 2842 75 52 13.
1434 2842 64 52 Et
1466 2842 139 52 introivit
1573 2842 96 52 Iesus
1637 2842 64 52 in
1670 2842 118 52 templum
1755 2842 86 52 Dei,
1809 2842 53 52 &
1819 2842 43 52 e¬-

1084 2877 100 50 jecit
1151 2877 100 50 omnes
1218 2877 78 50 qui
1262 2877 156 50 vendebant,
1385 2877 56 50 &
1407 2877 78 50 qui
1452 2877 123 50 emebant
1541 2877 67 50 in
1574 2877 123 50 templo,
1664 2877 145 50 mensasque
1764 2877 89 50 numula

1070 2911 121 54 riorum,
1158 2911 55 54 &
1180 2911 143 54 cathedras
1290 2911 154 54 vendentium
1411 2911 132 54 columbas
1509 2911 154 54 subvertit.
1630 2911 66 54 Et
1663 2911 99 54 dixit
1729 2911 88 54 eis,
1773 2911 77 54 Scri¬-

1085 2942 72 50 tum
1126 2942 83 50 est,
1178 2942 93 50 Domus
1240 2942 83 50 mea,
1292 2942 93 50 domus
1354 2942 155 50 precationis
1478 2942 145 50 vocabitur:
1591 2942 62 50 at
1622 2942 72 50 vos
1664 2942 124 50 fecistis
1757 2942 72 50 eam
1788 2942 62 50 spe¬-

1074 2975 112 51 luncam
1152 2975 146 51 latronum.
1265 2975 90 51 Act.
1321 2975 67 51 8.
1355 2975 67 51 v.
1389 2975 79 51 18.
1434 2975 56 51 &
1456 2975 101 51 seqq.
1524 2975 90 51 Quum
1580 2975 101 51 autem
1647 2975 180 51 conspexisset
1782 2975 79 51 Simon

1073 3006 80 60 per
1118 3006 184 60 impositionem
1268 3006 115 60 manuum
1348 3006 172 60 Apostolorum
1486 3006 92 60 dari
1543 3006 69 60 S.
1578 3006 69 60 S.
1612 3006 126 60 obtulit
1704 3006 80 60 eis
1739 3006 126 60 pecunias,

1077 3042 122 49 Dicens,
1166 3042 89 49 Date
1221 3042 100 49 etiam
1288 3042 89 49 mihi
1343 3042 144 49 potestate
1454 3042 111 49 istam,
1531 3042 67 49 ut
1565 3042 144 49 cuicumque
1676 3042 144 49 imposuero
1775 3042 78 49 manus

1077 3075 129 50 recipiat
1174 3075 129 50 Spiritum
1271 3075 129 50 Sanctum:
1368 3075 108 50 Petrus
1443 3075 97 50 autem
1507 3075 97 50 dixit
1572 3075 75 50 ei,
1615 3075 118 50 Pecunia
1701 3075 86 50 tua:
1755 3075 86 50 eciu
1798 3075 65 50 per¬-

1087 3108 84 50 cat,
1140 3108 74 50 qui
1182 3108 95 50 donum
1245 3108 74 50 Dei
1287 3108 158 50 existimaris
1414 3108 126 50 pecuntis
1508 3108 126 50 acquiri:
1603 3108 74 50 Non
1645 3108 74 50 est
1687 3108 84 50 tibi
1740 3108 84 50 pars
1792 3108 95 50 neque

1072 3148 84 54 sors
1124 3148 63 54 in
1155 3148 73 54 hoc
1197 3148 125 54 negotio:
1291 3148 73 54 cor
1333 3148 84 54 enim
1385 3148 84 54 tuum
1437 3148 73 54 non
1479 3148 73 54 est
1521 3148 104 54 rectum
1594 3148 63 54 in
1625 3148 73 54 Dei
1667 3148 146 54 conspectu.
1782 3148 84 54 Tit.
1824 3148 31 54 1

1086 3173 64 54 v.
1118 3173 75 54 11.
1161 3173 107 54 Quibus
1236 3173 118 54 oportet
1322 3173 64 54 os
1354 3173 150 54 obthurare,
1472 3173 75 54 qui
1515 3173 97 54 totas
1580 3173 97 54 domos
1644 3173 161 54 subvertunt,
1762 3173 107 54 docentes

1078 3202 79 66 quae
1127 3202 69 66 non
1167 3202 118 66 oportet,
1256 3202 99 66 turpis
1325 3202 89 66 lucri
1384 3202 109 66 gratia.
1463 3202 59 66 2.
1493 3202 69 66 Pet
1532 3202 59 66 2.
1562 3202 59 66 v3
1592 3202 59 66 Et
1621 3202 69 66 per
1661 3202 118 66 avaritio
1750 3202 99 66 fictis
1809 3202 59 66 ser¬
