2063 3414
213 188 135 46 monibus
311 188 86 46 vos
360 188 221 46 negotiabintur,
545 188 123 46 quibus
631 188 148 46 damnatio
742 188 86 46 jam
791 188 98 46 olim
852 188 86 46 non
901 188 148 46 otiatur,
1012 188 61 46 &

227 229 119 45 quorum
311 229 131 45 exitium
406 229 84 45 non
454 229 155 45 dormitat.
573 229 131 45 Apocal.
669 229 84 45 18.
717 229 167 45 versic.11.
848 229 60 45 &
860 229 155 45 sequentibus

259 263 69 38 Et
294 263 161 38 prohibetur
421 263 150 38 Episcopis
536 263 161 38 Ecclesiae,
663 263 69 38 1.
698 263 92 38 Tim.
755 263 69 38 3.
790 263 69 38 v.
825 263 69 38 3.
859 263 127 38 Oportet
940 263 69 38 Epr¬-

225 290 114 43 scopum
304 290 91 43 esse
361 290 205 43 irreprehensum,
532 290 114 43 turpem
612 290 137 43 quaestum
714 290 148 43 facietem,
828 290 80 43 sed
874 290 114 43 aquum,
942 290 80 43 alie¬-

217 324 80 43 num
262 324 171 43 abavaritia.
399 324 68 43 Et
433 324 102 43 vers.
501 324 68 43 8.
535 324 137 43 Diaconos
638 324 114 43 itidem
718 324 171 43 venerandos,
854 324 80 43 non
888 324 137 43 bilingues,

227 354 76 45 non
270 354 97 45 multo
335 354 86 45 vino
389 354 140 45 addictos,
497 354 76 45 non
541 354 108 45 turpem
616 354 130 45 quaestum
713 354 151 45 facientes.
832 354 86 45 Tit.
886 354 65 45 1.
919 354 65 45 v.
951 354 65 45 7.
973 354 43 45 O¬-

222 385 115 45 portet
303 385 150 45 Episcopum
419 385 162 45 inculpatum
546 385 104 45 esse,
615 385 127 45 tanquam
707 385 81 45 Dei
753 385 208 45 dispensatorem,
927 385 81 45 non
961 385 58 45 sit

223 421 70 53 bi
258 421 187 53 pertinaciter
410 421 163 53 placentem,
538 421 82 53 non
585 421 163 53 iracundum,
713 421 82 53 non
760 421 140 53 vinosum,
865 421 82 53 non
900 421 128 53 percusso¬-

217 459 96 39 rem,
277 459 84 39 non
325 459 120 39 turpem
409 459 144 39 quaestum
504 459 144 39 facientem,

256 487 149 45 Praeterea
370 487 91 45 vera
427 487 126 45 religio
518 487 80 45 non
564 487 80 45 est
610 487 91 45 apud
667 487 171 45 Philosophos
804 487 137 45 Gentiles
896 487 114 45 quaerer:

229 519 75 42 da,
272 519 75 42 qui
315 519 85 42 sunt
368 519 64 42 in
400 519 96 42 rebus
464 519 117 42 divinis
550 519 107 42 caeci,
625 519 85 42 Rom.
678 519 64 42 1.
710 519 64 42 v.
742 519 75 42 21.
785 519 53 42 &
806 519 171 42 sequentibus:
945 519 64 42 1.
966 519 43 42 Ce

220 561 111 34 rinth.
297 561 66 34 1.
331 561 100 34 vers.
397 561 77 34 19.
441 561 55 34 &
463 561 89 34 seq.
519 561 122 34 Coloss.
607 561 66 34 2.
641 561 100 34 vers.
707 561 66 34 8.
740 561 111 34 Videte
818 561 111 34 nequis
895 561 77 34 sit
939 561 77 34 qui
973 561 55 34 vos

222 589 168 41 depradetur
354 589 84 41 per
402 589 205 41 philosophiam:
571 589 60 41 &
595 589 120 41 inanem
679 589 180 41 seductionem
824 589 144 41 secundum
920 589 96 41 tradi¬-

223 622 122 39 tionem
308 622 146 39 hominum,
418 622 146 39 secundum
528 622 146 39 elementa
637 622 122 39 mundi,
723 622 61 39 &
747 622 85 39 non
796 622 134 39 secundu
881 622 134 39 Christum.

234 652 87 41 Non
283 652 111 41 habet
357 652 87 41 pro
407 652 124 41 regula
493 652 74 41 ac
531 652 111 41 norma
605 652 136 41 nostram
704 652 173 41 voluntatem
840 652 87 41 aut
877 652 136 41 intentio¬-

221 689 89 34 nem
272 689 127 34 bonam:
361 689 102 34 Num.
425 689 89 34 15.
476 689 76 34 v.
514 689 76 34 39
552 689 191 34 recordemini
705 689 127 34 omnium
794 689 178 34 mandatorum
921 689 89 34 Iehe¬-

230 714 78 44 vae
274 714 56 44 &
297 714 134 44 faciatis
397 714 78 44 ea,
442 714 67 44 ac
475 714 78 44 non
520 714 123 44 attenta
609 714 179 44 observatione
754 714 145 44 sequamini
866 714 78 44 cor
910 714 123 44 vistrum
989 714 33 44 &

217 759 118 36 oculos
300 759 142 36 vestros:
407 759 83 36 nec
454 759 130 36 aliorum
549 759 130 36 quamvis
643 759 142 36 multorum
750 759 130 36 exepla:
844 759 107 36 Exod.
915 759 83 36 32.
951 759 59 36 mu¬-

226 786 71 40 ti
262 786 130 40 Lavitae
356 786 83 40 non
404 786 130 40 sequuti
498 786 95 40 sunt
558 786 142 40 exemplum
664 786 142 40 Aaronis,
771 786 166 40 aliorumque
889 786 130 40 Levitarum

216 818 55 40 &
238 818 176 40 Israelitatum
381 818 165 40 idololatria
513 818 110 40 vituli
590 818 99 40 aurei
656 818 77 40 per
700 818 132 40 cantium,
799 818 66 40 ut
832 818 110 40 videre
909 818 77 40 est
942 818 77 40 Deut,

220 855 64 40 33
252 855 64 40 v.
284 855 64 40 9.
316 855 107 40 Ezech.
391 855 75 40 44.
434 855 64 40 v,
466 855 64 40 1.
498 855 85 40 Ruth
551 855 107 40 noluit
626 855 128 40 fratriae
722 855 85 40 suae
775 855 107 40 Horpae
850 855 128 40 exemplum
946 855 96 40 sequi

220 887 59 43 &
244 887 165 43 religionem
373 887 188 43 Israeliticam
526 887 177 43 relinquere,
668 887 106 43 Ruth.
738 887 71 43 1.
774 887 71 43 v.
809 887 118 43 15,16.
891 887 71 43 Et
915 887 106 43 Apostol

215 920 144 50 Christi
319 920 170 50 noluerunt
450 920 157 50 Christum
568 920 157 50 deserere
685 920 144 50 aliorum
790 920 157 50 multorum
894 920 131 50 exemplo,

221 953 80 48 Joh.
271 953 60 48 6.
301 953 60 48 v.
331 953 70 48 66.
370 953 70 48 67,
410 953 70 48 68,
440 953 50 48 69.

256 984 87 43 Nec
305 984 112 43 habet
380 984 87 43 pro
430 984 125 43 regula
517 984 62 43 &
542 984 112 43 norma
617 984 187 43 autoritatem
767 984 112 43 atque
841 984 137 43 exempla
929 984 87 43 Majo¬-

216 1027 81 32 rum
263 1027 92 32 Jer.
320 1027 69 32 9.
355 1027 58 32 v
378 1027 81 32 14.
424 1027 150 32 sequuntur
540 1027 162 32 sentertiam
667 1027 104 32 animi
736 1027 81 32 sui
782 1027 58 32 &
806 1027 150 32 Baalimos,
921 1027 92 32 quod
967 1027 58 32 do¬-

219 1051 131 39 cuerunt
314 1051 107 39 ipsos
386 1051 131 39 maiores
481 1051 143 39 ipserum.
588 1051 83 39 Nam
635 1051 131 39 Majores
731 1051 155 39 potuerunt
849 1051 95 39 esse
897 1051 119 39 idolola;

215 1092 99 35 trae,
281 1092 99 35 sicut
347 1092 66 35 ad
380 1092 121 35 populum
467 1092 176 35 Israeliticum
610 1092 88 35 Deus
665 1092 77 35 per
709 1092 110 35 Iosuam
786 1092 110 35 dicit,
862 1092 110 35 losuae
939 1092 66 35 c.
961 1092 55 35 24.

217 1119 69 37 2.
252 1119 104 37 Ultra
322 1119 116 37 flumen
403 1119 151 37 Euphratem
518 1119 162 37 habitabant
646 1119 127 37 maiores
739 1119 116 37 vestri
820 1119 104 37 olim,
889 1119 116 37 utpote
959 1119 69 37 The¬-

217 1150 89 40 rach
273 1150 100 40 pater
339 1150 134 40 Abrahami
440 1150 56 40 &
462 1150 100 40 pater
529 1150 145 40 Nachoris,
640 1150 167 40 colebantque
774 1150 89 40 deos
830 1150 134 40 alienos.
919 1150 100 40 Stepha¬-

220 1189 82 34 nus
267 1189 105 34 Hiero
337 1189 117 34 Martyr
419 1189 129 34 Christi
512 1189 70 34 in
548 1189 140 34 oratione
653 1189 93 34 quae
711 1189 70 34 A.
746 1189 70 34 7.
781 1189 187 34 describitur,
922 1189 93 34 comme¬-

216 1219 112 39 morat
290 1219 174 39 diligenter
427 1219 125 39 Patrum
515 1219 162 39 quorundam
639 1219 112 39 etiam
714 1219 150 39 horrenda
826 1219 150 39 scelera,
938 1219 75 39 ut
963 1219 50 39 do

210 1258 111 33 ceat,
284 1258 86 33 non
333 1258 111 33 temes
407 1258 62 33 e
431 1258 209 33 acquiescendum
604 1258 98 33 esse
665 1258 74 33 in
702 1258 123 33 Patrum
788 1258 172 33 autoritate
924 1258 62 33 &
936 1258 86 33 exem¬-

214 1288 119 44 plis.
293 1288 145 44 Maiorum
399 1288 145 44 proinde
504 1288 172 44 quorumvis
636 1288 158 44 exemplum
755 1288 79 44 in
794 1288 172 44 religione
926 1288 92 44 non
966 1288 66 44 se¬-

220 1319 169 46 quendum,
347 1319 99 46 sed
403 1319 99 46 Dei
460 1319 183 46 mandatum.
601 1319 99 46 Non
657 1319 127 46 debet
742 1319 198 46 commisceri
897 1319 99 46 cum
939 1319 85 46 dog¬-

216 1353 112 34 matib
290 1353 62 34 &
315 1353 174 34 ceremoniis
451 1353 124 34 humano
538 1353 149 34 arbitrio
650 1353 199 34 excogitatis:
811 1353 87 34 sic
861 1353 99 34 enim
910 1353 112 34 Christu

217 1386 90 32 ait,
273 1386 90 32 Matt
329 1386 79 32 15.
374 1386 68 32 9.
408 1386 124 32 Frustra
498 1386 68 32 me
532 1386 113 32 colunt
611 1386 135 32 docentes
712 1386 146 32 doctrinas
824 1386 90 32 quae
881 1386 90 32 sunt
926 1386 101 32 mandata

216 1417 139 37 hominum:
321 1417 70 37 Et
356 1417 151 37 Apostolus
471 1417 93 37 Heb.
529 1417 81 37 13.
576 1417 70 37 v.
611 1417 70 37 9.
645 1417 151 37 Doctrinis
761 1417 116 37 variis
842 1417 58 37 &
866 1417 162 37 peregrinis
982 1417 46 37 ne

217 1453 234 37 circumferemini.
413 1453 86 37 Imo
463 1453 86 37 non
512 1453 111 37 debet
585 1453 148 37 coniungi
696 1453 86 37 cum
745 1453 172 37 ceremoniis
880 1453 135 37 typicis
967 1453 61 37 ab¬-

218 1483 124 46 ipsomet
308 1483 79 46 Deo
353 1483 169 46 institutis,
488 1483 79 46 sed
533 1483 112 46 possea
611 1483 135 46 veritate
712 1483 67 46 in
746 1483 124 46 Christo
836 1483 135 46 exhibita
926 1483 90 46 abroga

210 1520 94 33 tis:
269 1520 106 33 sicut
340 1520 118 33 Paulus
422 1520 153 33 Apostolus
540 1520 82 33 ait
587 1520 94 33 Heb.
646 1520 82 33 13.
693 1520 59 33 v
716 1520 82 33 10.
763 1520 129 33 Habemus
857 1520 129 33 altare,
952 1520 71 33 ex
975 1520 59 33 quo

223 1554 79 43 non
268 1554 113 43 habent
347 1554 79 43 ius
392 1554 113 43 edendi
471 1554 79 43 qui
516 1554 169 43 tabernaculo
651 1554 169 43 deserviunt,
786 1554 68 43 id
820 1554 90 43 est,
876 1554 79 43 non
921 1554 135 43 possunt,

213 1588 125 33 Christi
303 1588 102 33 fieri
371 1588 170 33 participes,
507 1588 79 33 qui
553 1588 125 33 legales
644 1588 102 33 ritus
712 1588 147 33 obstinate
825 1588 147 33 retinent.
938 1588 79 33 Non
972 1588 57 33 est

217 1619 164 32 aestimanda
346 1619 176 32 qualicumque
487 1619 176 32 antiquitate
627 1619 59 32 &
650 1619 164 32 duratione,
779 1619 70 32 ne
814 1619 187 32 consuetudine
966 1619 82 32 qui

217 1650 110 41 tumvis
294 1650 144 41 diuturna.
405 1650 77 41 Ps.
449 1650 77 41 95.
493 1650 66 41 8,
526 1650 66 41 9,
559 1650 66 41 0.
592 1650 110 41 Ezech.
670 1650 77 41 20.
714 1650 77 41 18,
758 1650 66 41 19
791 1650 99 41 Edixi
857 1650 88 41 enim
913 1650 110 41 filiis
979 1650 55 41 il¬-

219 1683 101 33 lorum
286 1683 67 33 in
320 1683 134 33 deserto,
420 1683 67 33 in
454 1683 134 33 statutis
555 1683 112 33 patrum
633 1683 146 33 vestrorum
745 1683 67 33 ne
779 1683 157 33 ambuletis,
902 1683 56 33 &
924 1683 90 33 tura
969 1683 56 33 il¬-

227 1713 92 37 lorum
288 1713 61 37 ne
318 1713 153 37 observetis:
441 1713 92 37 neque
502 1713 143 37 stercoreis
614 1713 81 37 diis
665 1713 112 37 illorum
746 1713 71 37 vos
787 1713 143 37 polluatis:
899 1713 71 37 Ego
940 1713 71 37 sum
970 1713 51 37 Io¬-

224 1748 92 35 hova
281 1748 92 35 Deus
338 1748 126 35 vester,
430 1748 69 35 in
465 1748 138 35 statutis
568 1748 92 35 meis
626 1748 149 35 ambulate:
741 1748 57 35 &
764 1748 92 35 jura
821 1748 80 35 mea
867 1748 161 35 observate,
982 1748 46 35 ad

224 1781 103 44 facite
296 1781 92 44 ipsa.
357 1781 92 44 Zach.
419 1781 62 44 1.
449 1781 72 44 v4.
490 1781 62 44 Ne
521 1781 92 44 sitis
583 1781 113 44 similes
665 1781 133 44 maioribus
767 1781 123 44 vestris,
860 1781 103 44 quibro
921 1781 113 44 proclama¬-

220 1815 110 35 verant
297 1815 143 35 Prophetae
407 1815 132 35 priores,
506 1815 132 35 dicendo,
605 1815 77 35 Sic
649 1815 77 35 ait
693 1815 110 35 Iehova
770 1815 165 35 exercituum,
891 1815 143 35 revertimini

217 1846 77 35 iam
261 1846 55 35 a
283 1846 88 35 viis
338 1846 121 35 vestris
426 1846 132 35 pessimis
524 1846 55 35 &
546 1846 66 35 ab
579 1846 143 35 actionibs
689 1846 121 35 vestris
777 1846 143 35 pessimis:
886 1846 77 35 Non
930 1846 88 35 enim
974 1846 44 35 au

223 1883 178 37 scultarunt,
365 1883 107 37 naque
436 1883 178 37 attenderunt
578 1883 71 37 ad
614 1883 83 37 me,
661 1883 118 37 dictum
744 1883 142 37 Iehovae.
850 1883 107 37 Neque
921 1883 71 37 ex
945 1883 83 37 homi¬-

225 1917 88 31 num
276 1917 88 31 eam
326 1917 215 31 amplectentium
503 1917 63 31 &
529 1917 190 31 sectantium,
680 1917 88 31 aut
731 1917 76 31 ad
769 1917 88 31 eam
819 1917 202 31 deficientium
971 1917 63 31 au¬-

223 1948 145 41 toritate,
334 1948 156 41 dignitate,
457 1948 145 41 potentia,
568 1948 178 41 multitudine,
712 1948 167 41 eruditione.
846 1948 100 41 Neque
913 1948 67 41 ex
935 1948 100 41 felici¬-

232 1980 83 36 ate
279 1980 130 36 externa
374 1980 71 36 ac
409 1980 165 36 temporali,
539 1980 106 36 neque
609 1980 71 36 ex
645 1980 141 36 ubertate
751 1980 59 36 &
774 1980 212 36 tranquillitate
939 1980 83 36 rerum

236 2016 115 34 Eadem
313 2016 89 34 non
364 2016 128 34 pendet
453 2016 64 34 a
479 2016 128 34 Romani
568 2016 179 34 Pontificis
708 2016 89 34 aut
759 2016 115 34 sedis
836 2016 140 34 Romanae
925 2016 102 34 autori

219 2051 119 32 tate,
298 2051 158 32 iudicio,
417 2051 198 32 testimonio,
575 2051 237 32 confirmatione.
772 2051 119 32 Neque
851 2051 92 32 per
891 2051 145 32 Romanorum

218 2080 152 37 duntaxat
332 2080 190 37 pontificum,
484 2080 88 37 sed
534 2080 114 37 etiam
610 2080 139 37 aliorum
711 2080 190 37 Episcoporum
850 2080 177 37 successione.

227 2118 67 35 &
253 2118 173 35 consensum
387 2118 107 35 olim
453 2118 227 35 ostendebatur.
640 2118 120 35 Neque
720 2118 80 35 ab
760 2118 147 35 hominum
867 2118 147 35 aliorum
960 2118 67 35 cu¬-

228 2148 150 44 juscunque
344 2148 92 44 sint
401 2148 138 44 ordinis,
505 2148 161 44 dignitatis
631 2148 58 44 &
654 2148 115 44 status
735 2148 161 44 autoritate
861 2148 58 44 &
873 2148 161 44 approbatione

219 2180 128 43 pendet.
312 2180 105 43 Neque
382 2180 93 43 eius
440 2180 163 43 exercendae
568 2180 140 43 potestas
673 2180 58 43 &
697 2180 140 43 libertas
801 2180 128 43 nititur
883 2180 151 43 privilegiis

228 2216 58 35 &
252 2216 198 35 concessionibs
414 2216 140 35 humanis,
519 2216 81 35 sed
566 2216 128 35 Christi
659 2216 93 35 sive
717 2216 81 35 Dei
763 2216 116 35 solius
845 2216 128 35 mandato
938 2216 58 35 &
949 2216 70 35 aute

226 2247 121 35 ritate,
314 2247 99 35 Matt.
380 2247 77 35 10.
424 2247 66 35 7.
456 2247 88 35 Iter
511 2247 143 35 facientes
621 2247 88 35 vero
676 2247 165 35 proclamate,
808 2247 143 35 dicentes,
906 2247 121 35 Appropin¬-

219 2283 120 41 quavit
303 2283 120 41 regnum
387 2283 156 41 caelorum.
508 2283 96 41 Item
568 2283 72 41 v.
604 2283 84 41 23.
652 2283 96 41 Quum
712 2283 108 41 autem
784 2283 192 41 persequentur
941 2283 84 41 vos
977 2283 48 41 in

228 2311 68 39 ea
262 2311 91 39 urbe
319 2311 114 39 fugite
398 2311 68 39 in
432 2311 114 39 aliam,
512 2311 91 39 Amen
569 2311 91 39 enim
626 2311 91 39 dico
683 2311 114 39 vobis,
762 2311 148 39 nequaquam
876 2311 148 39 obieritis
978 2311 46 39 ut

224 2346 74 34 bes
267 2346 126 34 Israelis
361 2346 84 34 quin
414 2346 116 34 venerit
498 2346 105 34 Filius
572 2346 126 34 hominis.
667 2346 63 34 Et
698 2346 63 34 v.
730 2346 74 34 27.
772 2346 84 34 Quod
825 2346 84 34 dico
878 2346 95 34 vobis
941 2346 63 34 in
962 2346 63 34 ten¬-

230 2375 93 48 bris,
292 2375 103 48 dicite
364 2375 62 48 in
395 2375 93 48 luce:
457 2375 52 48 &
477 2375 83 48 quod
529 2375 62 48 in
560 2375 93 48 aurem
622 2375 124 48 auditis,
715 2375 145 48 praedicate
829 2375 62 48 in
859 2375 134 48 solariis.
963 2375 62 48 c.
983 2375 52 48 28.

226 2411 74 36 18,
269 2411 74 36 19.
311 2411 128 36 Accedens
407 2411 96 36 autem
471 2411 64 36 ad
503 2411 74 36 eos
545 2411 106 36 Iesus,
620 2411 128 36 loquutus
715 2411 74 36 est
758 2411 74 36 eis
800 2411 117 36 dicens,
885 2411 85 36 Data
938 2411 74 36 est
970 2411 64 36 mihi

220 2445 95 40 omnis
284 2445 137 40 autoritas
389 2445 63 40 in
421 2445 95 40 caelo
484 2445 53 40 &
505 2445 63 40 in
536 2445 105 40 terra:
610 2445 126 40 Profecti
705 2445 84 40 ergo
758 2445 105 40 docete
831 2445 95 40 omnes
895 2445 116 40 gentes,
968 2445 53 40 ba¬-

227 2475 145 40 ptizantes
338 2475 78 40 eos
383 2475 67 40 in
416 2475 100 40 nomen
483 2475 111 40 Patris
561 2475 56 40 &
583 2475 100 40 Filij
650 2475 56 40 &
673 2475 134 40 Spiritus
773 2475 123 40 Sancti.
862 2475 78 40 Act
907 2475 67 40 5.
940 2475 67 40 v.
962 2475 56 40 20.

226 2510 78 34 te,
271 2510 56 34 &
293 2510 78 34 vos
338 2510 146 34 sistentes
450 2510 146 34 loquimini
562 2510 112 34 populo
641 2510 67 34 in
674 2510 112 34 templo
753 2510 101 34 omnia
820 2510 101 34 verba
887 2510 101 34 vitae
943 2510 90 34 huius.

229 2542 68 41 Et
263 2542 68 41 c.
297 2542 79 41 10.
342 2542 68 41 v.
376 2542 79 41 42.
421 2542 136 41 Mandavit
524 2542 102 41 autem
592 2542 102 41 nobis
660 2542 68 41 ut
694 2542 170 41 praedicemus
830 2542 125 41 populo,
921 2542 57 41 &
943 2542 79 41 cum
977 2542 57 41 te¬-

229 2574 183 39 stificatione
377 2574 148 39 denunemus
491 2574 80 39 eum
537 2574 91 39 esse
594 2574 80 39 qui
640 2574 148 39 definitus
754 2574 80 39 sit
800 2574 57 39 a
822 2574 80 39 Deo
868 2574 103 39 tudex
925 2574 103 39 vivorum

225 2609 72 33 ac
261 2609 169 33 mortuorum.
394 2609 109 33 Neque
466 2609 72 33 in
503 2609 157 33 periculis
623 2609 157 33 deserenda
744 2609 85 33 aut
793 2609 181 33 negligenda,
937 2609 85 33 aut
974 2609 48 33 e¬-

229 2641 85 36 ius
277 2641 170 36 exercitium
411 2641 218 36 intermittendum
592 2641 61 36 a
616 2641 97 36 piis
677 2641 133 36 propter
774 2641 121 36 edicta
858 2641 121 36 severa
931 2641 97 36 Regum.

227 2673 164 36 Principum
353 2673 88 36 vel
404 2673 139 36 aliorum
505 2673 214 36 Magistratuum,
681 2673 101 36 Dan.
744 2673 76 36 6.
782 2673 76 36 v.
820 2673 88 36 11.
870 2673 126 36 Daniel
946 2673 88 36 autem

238 2708 79 31 cum
283 2708 168 31 cognovisset
417 2708 135 31 exaratum
518 2708 90 31 esse
574 2708 135 31 scriptum
675 2708 101 31 illud
742 2708 146 31 ingressus
855 2708 79 31 est
899 2708 101 31 domum
956 2708 79 31 suam.

227 2742 72 37 cui
268 2742 133 37 fenestrae
370 2742 61 37 at
401 2742 92 37 ertae
462 2742 92 37 erant
523 2742 61 37 in
554 2742 133 37 caenaculo
656 2742 82 37 eius
707 2742 61 37 ex
738 2742 112 37 adverso
820 2742 174 37 Ieruschelem::
963 2742 51 37 &
973 2742 51 37 te¬-

239 2775 113 32 poribus
321 2775 92 32 trib.
382 2775 62 32 de
413 2775 72 32 die
454 2775 82 32 ipse
505 2775 144 32 procumbens
618 2775 62 32 in
649 2775 92 32 genua
710 2775 72 32 sua
751 2775 103 32 orabat
823 2775 51 32 &
844 2775 164 32 confitebatur
967 2775 51 32 co¬-

226 2809 77 36 ram
270 2809 77 36 Deo
314 2809 88 36 suo,
370 2809 166 36 quemadmodum
502 2809 122 36 fecerat
591 2809 111 36 antea.
668 2809 88 36 Act.
723 2809 66 36 4.
757 2809 66 36 v.
790 2809 77 36 18,
834 2809 77 36 19.
878 2809 111 36 Itaque
956 2809 88 36 voca

244 2836 69 38 is
278 2836 103 38 ipsis
347 2836 183 38 denunciarunt
496 2836 69 38 ne
530 2836 115 38 omnino
610 2836 172 38 loquerentur
748 2836 92 38 neve
805 2836 137 38 docerent
908 2836 69 38 in
931 2836 103 38 nomine.

232 2867 102 46 Iesu.
300 2867 114 46 Petrus
379 2867 102 46 autem
448 2867 57 46 &
470 2867 136 46 lohannes
573 2867 182 46 respondentes
721 2867 136 46 dixerunt
823 2867 91 46 eis,
880 2867 68 46 An
914 2867 114 46 iustum
982 2867 57 46 sit

245 2904 63 39 in
277 2904 137 39 conspectu
383 2904 74 39 Dei
425 2904 95 39 vobis
489 2904 106 39 potius
563 2904 148 39 auscultare
679 2904 85 39 quam
732 2904 85 39 Deo,
785 2904 137 39 judicate.
891 2904 63 39 Et
922 2904 85 39 cap.
975 2904 63 39 5.
996 2904 32 39 v

237 2937 81 38 28.
284 2937 81 38 29.
330 2937 105 38 Nonne
400 2937 105 38 etiam
470 2937 105 38 atque
539 2937 105 38 etiam
609 2937 186 38 demandavimus
760 2937 105 38 vobis
830 2937 70 38 ne
864 2937 151 38 doceretis
969 2937 58 38 no¬-

250 2971 85 36 mine
304 2971 96 36 isto?
367 2971 53 36 &
389 2971 96 36 ecce,
453 2971 160 36 replevistis
580 2971 170 36 Hierosolymam
718 2971 128 36 doctrina
814 2971 117 36 vestra,
899 2971 53 36 &
921 2971 106 36 vultis
984 2971 43 36 i1

246 2999 82 38 nos
293 2999 140 38 inducere
398 2999 151 38 sanguinem
514 2999 128 38 hominis
608 2999 128 38 istius.
701 2999 163 38 Respondens
829 2999 105 38 autem
899 2999 117 38 Petrus
980 2999 58 38 &
992 2999 35 38 A

242 3034 124 42 postoli
332 3034 147 42 dixeruns,
445 3034 124 42 obedire
536 3034 124 42 oportet
626 3034 79 42 Deo
671 3034 113 42 potius
750 3034 90 42 quam
807 3034 158 42 hominibus.
931 3034 79 42 Ita
965 3034 68 42 enim

237 3065 100 43 Deus
299 3065 150 43 imperat,
411 3065 112 43 ratio
486 3065 137 43 suadet,
585 3065 137 43 exempla
685 3065 112 43 proba
760 3065 150 43 firmant.
872 3065 150 43 Mandatum
972 3065 62 43 Dei

253 3094 74 45 est
296 3094 95 45 Matt.
359 3094 63 45 10
390 3094 63 45 v.
422 3094 74 45 26,
464 3094 74 45 27.
506 3094 63 45 Ne
537 3094 74 45 eos
579 3094 116 45 timete:
664 3094 95 45 uthil
727 3094 84 45 enim
779 3094 74 45 est
821 3094 116 45 opertum
905 3094 84 45 quod
958 3094 74 45 non
989 3094 53 45 sit

247 3128 94 49 ret,
306 3128 129 49 gendum,
400 3128 59 49 &
423 3128 106 49 athil
494 3128 141 49 occultum
600 3128 94 49 quod
658 3128 82 49 non
705 3128 82 49 sit
752 3128 200 49 cognoscendum.
917 3128 94 49 Quod
964 3128 70 49 dice

245 3159 92 44 vobis
306 3159 61 44 in
337 3159 133 44 tenebris,
439 3159 102 44 dicite
511 3159 61 44 in
541 3159 92 44 luces
603 3159 51 44 &
623 3159 82 44 quod
674 3159 61 44 in
705 3159 92 44 aurem
766 3159 123 44 auditis,
858 3159 143 44 praedicate
970 3159 61 44 in
991 3159 51 44 so¬-

253 3186 100 58 lariu.
323 3186 60 58 Et
353 3186 60 58 2.
383 3186 70 58 28.
424 3186 60 58 v.
454 3186 70 58 19.
494 3186 70 58 Do,
534 3186 70 58 ete
574 3186 90 58 omnes
634 3186 110 58 geutes.
715 3186 90 58 Marci
775 3186 70 58 10.
815 3186 60 58 v.
845 3186 70 58 15.
885 3186 141 58 praedicute
986 3186 50 58 Ev.

1063 169 141 67 angelium
1169 169 94 67 omni
1228 169 164 67 creaturae,
1357 169 94 67 Heb.
1415 169 82 67 10,
1462 169 70 67 25
1498 169 82 67 Non
1545 169 164 67 deserentes
1674 169 200 67 aggregationem
1826 169 59 67 no¬-

1074 224 78 48 tri
1118 224 122 48 mutuam,
1207 224 111 48 sicuti
1285 224 78 48 est
1329 224 78 48 mos
1374 224 156 48 quibusdam,
1496 224 78 48 sed
1540 224 167 48 adhortantes
1674 224 89 48 alij
1718 224 78 48 alios

1072 262 103 46 Ratio
1140 262 91 46 est,
1197 262 91 46 quia
1254 262 137 46 quicquid
1357 262 69 46 eo
1392 262 114 46 facit,
1472 262 69 46 ne
1506 262 69 46 in
1540 262 103 46 Deum,
1609 262 69 46 in
1643 262 137 46 naturam,
1746 262 69 46 in
1769 262 114 46 religio¬-

1075 296 83 41 nem
1123 296 119 41 veram,
1206 296 71 41 in
1242 296 131 41 patriam
1337 296 60 41 &
1361 296 119 41 gentem
1444 296 131 41 nostram
1540 296 71 41 in
1575 296 83 41 nos
1623 296 119 41 ipsos,
1706 296 60 41 &
1730 296 71 41 in
1754 296 119 41 liberta¬-

1077 329 75 42 em
1114 329 149 42 publicam
1226 329 162 42 Ecclesiae
1350 329 162 42 peccemus:
1475 329 75 42 id
1512 329 162 42 nequaquam
1636 329 75 42 ob
1674 329 174 42 interdicta
1798 329 87 42 pote¬-

1063 359 83 41 tum
1111 359 226 41 intermittendum.
1301 359 72 41 At
1337 359 167 41 religionis
1468 359 107 41 verae
1540 359 167 41 exercitium
1671 359 72 41 eo
1695 359 95 41 facit?

1101 390 96 51 Erga
1161 390 96 51 Deum
1221 390 96 51 enim
1281 390 168 51 religionis
1412 390 108 51 verae
1484 390 156 51 exercitio
1604 390 144 51 officium
1711 390 108 51 fieri
1771 390 108 51 oportes

1070 420 64 45 re
1102 420 118 45 constat
1188 420 64 45 ex
1221 420 107 45 reipsa
1296 420 54 45 &
1317 420 64 45 ex
1339 420 118 45 contrari¬-

1095 454 77 44 Ex
1134 454 141 44 reipsa.
1236 454 102 44 quia
1300 454 115 44 omnes
1377 454 128 44 sciunt
1466 454 90 44 Dei
1517 454 128 44 cultum
1607 454 115 44 rebus
1683 454 141 44 omnibus
1773 454 115 44 antepo¬-

1065 488 127 42 nendum
1154 488 115 42 esse:
1231 488 102 42 unde
1295 488 102 42 fuit
1358 488 115 42 vetus
1435 488 115 42 illud
1511 488 153 42 adagium,
1626 488 76 42 Us
1664 488 89 42 QUe
1702 488 102 42 ADARAS

1088 525 75 41 Ex
1126 525 175 41 contrario:
1264 525 100 41 quia
1326 525 125 41 impium
1414 525 88 41 est
1464 525 63 41 &
1489 525 75 41 in
1527 525 100 41 Deum
1589 525 150 41 opinione
1702 525 113 41 etiam
1764 525 113 41 Gentii.

1069 561 268 45 contumeliosissimum
1300 561 110 45 verae
1373 561 171 45 Religionis
1507 561 171 45 exercitium
1641 561 134 45 vetare:
1739 561 122 45 impiis
1812 561 73 45 aute

1066 593 142 36 mandatis
1173 593 71 36 ne
1208 593 118 36 specie
1291 593 130 36 quidem,
1386 593 83 36 pia
1433 593 59 36 &
1457 593 107 36 proba
1528 593 95 36 mens
1587 593 154 36 assentiri
1693 593 95 36 debet.

1101 621 96 52 Erga
1161 621 132 52 naturam
1257 621 168 52 religionis
1389 621 108 52 verae
1461 621 156 52 exercitio
1580 621 144 52 officium
1688 621 168 52 faciendum:
1808 621 72 52 quia

1060 653 105 46 illud
1130 653 105 46 ipsum
1200 653 140 46 officium
1305 653 105 46 jnris
1375 653 151 46 naturalis
1491 653 93 46 est,
1550 653 93 46 quod
1608 653 82 46 ius
1655 653 140 46 naturale
1759 653 82 46 non
1794 653 82 46 homi¬-

1062 693 87 55 nes
1111 693 174 55 genuerunt,
1248 693 87 55 sed
1297 693 161 55 hominibus
1421 693 124 55 natura
1508 693 198 55 ingeneravit,
1669 693 124 55 eosque
1744 693 136 55 tantisper

1060 724 171 37 obstrictos
1194 724 122 37 tenet,
1280 724 86 37 dum
1329 724 73 37 in
1366 724 110 37 rerum
1439 724 122 37 natura
1513 724 61 37 sum

1097 758 139 46 Propter
1198 758 113 46 ipsam
1274 758 176 46 religionem
1413 758 113 46 veram
1488 758 189 46 praestandum
1639 758 88 46 hoc
1690 758 164 46 officium:
1803 758 76 46 quia

1065 796 127 41 praeter
1158 796 104 41 illum
1227 796 162 41 religionis
1354 796 150 41 naturalem
1470 796 116 41 sensum
1551 796 116 41 imbuti
1632 796 92 41 sunt
1690 796 162 41 Christiani
1805 796 81 41 jure¬-

1063 826 189 42 supernaturali
1219 826 134 42 gratiae.
1319 826 78 42 quo
1364 826 89 42 jure
1419 826 78 42 tam
1464 826 189 42 obstringuntur
1620 826 123 42 singuli
1709 826 78 42 pii
1753 826 67 42 in
1776 826 100 42 consci¬-

1062 861 120 53 entia,
1146 861 84 53 qua
1194 861 180 53 conscientia
1338 861 84 53 pui
1386 861 108 53 sunt,
1458 861 96 53 quam
1518 861 204 53 obstringuntur
1686 861 132 53 singuli
1770 861 108 53 homines

1066 889 70 40 in
1101 889 117 40 natura
1183 889 82 40 sua
1230 889 82 40 qua
1276 889 128 40 homines
1369 889 105 40 sunt.

1068 923 138 43 Propter
1168 923 138 43 patriam
1268 923 63 43 &
1293 923 138 43 genteni
1393 923 138 43 nostram
1493 923 150 43 officium
1605 923 88 43 hoc
1655 923 200 43 praestandum:
1805 923 75 43 quia

1070 961 141 41 patriae
1172 961 64 41 &
1198 961 128 41 gentis
1287 961 141 41 nostrae
1390 961 179 41 praecipuum
1530 961 179 41 ornamentum
1671 961 64 41 &
1696 961 115 41 decus
1773 961 89 41 est
1811 961 77 41 vera

1059 993 150 41 religio,
1171 993 75 41 ac
1208 993 137 41 proinde
1308 993 75 41 ad
1345 993 100 41 hanc
1408 993 200 41 conservandam
1570 993 137 41 exemplo
1670 993 200 41 praelucendum
1820 993 62 41 po¬-

1078 1028 166 34 pularibus,
1208 1028 130 34 etiamsi
1303 1028 118 34 certum
1386 1028 178 34 dignitatis,
1528 1028 166 34 facultatum
1658 1028 59 34 &
1682 1028 107 34 vitae
1741 1028 142 34 discrimen¬-

1058 1064 167 35 subeundum
1187 1064 129 35 foret.
1277 1064 142 35 Propter
1380 1064 90 35 nos
1431 1064 116 35 ipsos
1509 1064 154 35 officium
1625 1064 90 35 hoc
1676 1064 180 35 faciendum:
1805 1064 77 35 quia

1069 1092 94 41 etsi
1128 1092 129 41 quantum
1222 1092 71 41 ad
1257 1092 118 41 corpus
1340 1092 59 41 &
1363 1092 106 41 vitam
1434 1092 165 41 praesentem
1563 1092 129 41 attinet
1657 1092 141 41 expedire
1751 1092 129 41 videatur.

1066 1123 70 44 si
1101 1123 163 44 interdicto
1229 1123 163 44 religionis
1357 1123 151 44 parcatur:
1473 1123 104 44 tamen
1542 1123 81 44 nos
1589 1123 104 44 docet
1658 1123 174 44 conscientia
1798 1123 70 44 id
1821 1123 58 44 ma¬-

1084 1157 65 46 is
1117 1157 140 46 expedire,
1224 1157 86 46 quod
1278 1157 86 46 Deo,
1332 1157 129 46 naturae,
1428 1157 140 46 religioni
1536 1157 97 46 ipsi,
1600 1157 118 46 patriae
1686 1157 54 46 &
1708 1157 108 46 saluti
1772 1157 108 46 aeternae

1072 1193 163 34 animarum
1194 1193 176 34 nostrarum
1330 1193 163 34 debemus.
1452 1193 149 34 Propter
1560 1193 190 34 libertatem
1709 1193 163 34 publicam
1817 1193 68 34 Ec¬-

1066 1223 126 44 clesiae
1157 1223 172 44 praestandum
1294 1223 80 44 hoc
1340 1223 149 44 officium:
1454 1223 91 44 quia
1512 1223 80 44 non
1557 1223 80 44 est
1603 1223 206 44 praeiudicandum
1775 1223 103 44 aliis
1832 1223 57 44 fi¬-

1074 1256 135 40 delibus
1172 1256 159 40 ubicunque
1294 1256 147 40 terrarum
1405 1256 172 40 versantur:
1540 1256 86 40 qui
1589 1256 135 40 exemplo
1687 1256 123 40 nostro
1773 1256 74 40 si
1797 1256 86 40 impie

1072 1291 117 48 edicto
1154 1291 152 48 pareamus,
1271 1291 163 48 oppugnari,
1399 1291 128 48 urgeri,
1492 1291 105 48 premi
1562 1291 58 48 &
1585 1291 128 48 opprimi
1679 1291 140 48 possent:
1784 1291 82 48 nec
1819 1291 58 48 li¬-

1071 1322 122 43 bertas
1156 1322 171 43 Christiana
1291 1322 73 43 in
1328 1322 110 43 bonum
1401 1322 135 43 commune
1499 1322 110 43 data,
1573 1322 159 43 servituti
1695 1322 122 43 impiae
1781 1322 73 43 in
1805 1322 86 43 malum

1068 1360 176 42 subiicienda.
1211 1360 88 42 Etsi
1266 1360 132 42 Ecclesia
1365 1360 121 42 Christi
1453 1360 121 42 partibs
1540 1360 66 42 in
1573 1360 99 42 multa
1639 1360 55 42 &
1661 1360 121 42 diversa
1749 1360 88 42 loca
1793 1360 99 42 distri¬-

1074 1389 89 45 buta
1130 1389 89 45 sit,
1185 1389 78 45 uno
1230 1389 100 45 tamen
1297 1389 123 45 Spiritu
1386 1389 134 45 fovetur,
1487 1389 78 45 una
1531 1389 156 45 charitatis
1654 1389 56 45 &
1676 1389 156 45 libertatis
1788 1389 100 45 consci¬-

1081 1428 148 32 entiarum
1192 1428 99 32 lege
1253 1428 185 32 continetur.
1402 1428 173 32 Quapropter
1537 1428 173 32 religionis
1673 1428 111 32 verae
1735 1428 148 32 exercitium

1073 1459 79 37 ob
1112 1459 185 37 interdicta
1258 1459 132 37 Regum,
1351 1459 185 37 Principum,
1497 1459 172 37 aliorumve
1629 1459 212 37 Magistratuum
1788 1459 106 37 neuti¬-

1090 1493 98 37 quam
1151 1493 233 37 intermittendum.
1347 1493 135 37 Exempla
1445 1493 110 37 eaque
1519 1493 110 37 proba
1592 1493 98 37 idem
1653 1493 147 37 firmant.
1764 1493 110 37 Socii
1825 1493 61 37 Da¬-

1057 1526 126 36 nielis
1146 1526 177 36 Schadrach,
1285 1526 152 36 Meschach
1399 1526 63 36 &
1424 1526 152 36 Abednego
1538 1526 215 36 perseveratunt
1715 1526 76 36 in
1740 1526 139 36 religione

1071 1561 102 42 vera
1135 1561 140 42 eiusque
1237 1561 204 42 confessione,
1403 1561 153 42 contemto
1517 1561 127 42 edicto
1607 1561 242 42 Nebucadnetzaris
1798 1561 89 42 Magne

1077 1589 125 43 Daniel
1164 1589 75 43 3.
1201 1589 137 43 DANIEI.
1301 1589 150 43 Propheta
1413 1589 150 43 perrexit
1525 1589 150 43 quotidie
1638 1589 75 43 in
1675 1589 150 43 precibus
1787 1589 75 43 ad
1812 1589 75 43 Deum

1085 1627 130 32 ehovam
1176 1627 169 32 habendis,
1306 1627 91 32 non
1358 1627 130 32 curato
1449 1627 130 32 edicto
1541 1627 117 32 regio
1619 1627 91 32 quo
1671 1627 169 32 invocatio
1801 1627 91 32 DEI
1840 1627 52 32 ad

1084 1651 91 45 dies
1141 1651 137 45 triginta
1244 1651 114 45 vetita
1324 1651 114 45 fuerat
1404 1651 91 45 Dan.
1461 1651 69 45 6.
1495 1651 137 45 Apostoli
1598 1651 57 45 &
1621 1651 91 45 alii
1678 1651 126 45 fideles
1758 1651 137 45 Christiani

1070 1693 213 36 continuarunt
1243 1693 80 36 in
1283 1693 133 36 templo
1376 1693 240 36 Ierosolymitano
1576 1693 173 36 conventus
1709 1693 80 36 ad
1749 1693 160 36 docendum
1855 1693 40 36 &

1079 1725 169 38 audiendum
1209 1725 182 38 Evangelium
1352 1725 104 38 Iesu
1417 1725 143 38 Christi
1521 1725 130 38 contra
1612 1725 195 38 interdictum
1755 1725 130 38 summorum

1089 1758 183 35 nontificum,
1235 1758 146 35 primorum
1345 1758 61 35 &
1369 1758 146 35 Seniorum
1479 1758 122 35 populi
1565 1758 146 35 Iudaici,
1675 1758 98 35 Act.
1736 1758 73 35 4.
1772 1758 61 35 &
1797 1758 73 35 5.
1821 1758 61 35 Ca¬-

1086 1787 122 48 holici
1171 1787 73 48 in
1208 1787 146 48 civitate
1317 1787 122 48 Edessa
1403 1787 85 48 non
1451 1787 207 48 intermiserunt
1622 1787 219 48 congregationes
1793 1787 97 48 sacras

1099 1822 124 38 namvis
1185 1822 161 38 Imperator
1309 1822 124 38 Valens
1396 1822 87 38 eas
1446 1822 186 38 severissime
1594 1822 211 38 prohibuisset,
1768 1822 74 38 ut
1793 1822 99 38 refert

1082 1856 158 36 Theodoretus
1209 1856 137 36 Historiae
1314 1856 190 36 Ecclesiasticae
1472 1856 84 36 lib.
1525 1856 63 36 4.
1556 1856 63 36 c.
1577 1856 53 36 16.

1088 1892 99 33 Quin
1149 1892 74 33 ne
1186 1892 148 33 Gentiles
1297 1892 123 33 quidem
1384 1892 74 33 in
1421 1892 160 33 periculis
1544 1892 173 33 religionem
1679 1892 111 33 suam,
1753 1892 99 33 quae
1803 1892 86 33 tamen

1073 1920 113 40 falsa
1149 1920 113 40 erat,
1225 1920 189 40 negligendam
1376 1920 189 40 censuerunt:
1527 1920 76 40 ut
1565 1920 151 40 exemplum
1678 1920 151 40 ostendit
1779 1920 113 40 OEABIL.

1079 1954 153 37 obsessis
1194 1954 140 37 Romanis
1296 1954 76 37 in
1334 1954 102 37 arce
1398 1954 178 37 Capitolina
1538 1954 64 37 a
1564 1954 140 37 Gallis:
1666 1954 64 37 &
1691 1954 166 37 PAUSANIAE
1806 1954 89 37 Spar¬-

1081 1988 127 38 anorum
1170 1988 114 38 Regis
1246 1988 76 38 in
1284 1988 114 38 pugna
1361 1988 127 38 nobili
1450 1988 76 38 ad
1488 1988 152 38 Plataeas
1602 1988 89 38 cum
1653 1988 140 38 Petsis.
1754 1988 127 38 Quanto
1831 1988 63 38 mi¬-

1081 2017 80 47 nus
1126 2017 114 47 igitur
1206 2017 91 47 vera
1263 2017 126 47 religio
1343 2017 149 47 negligenda,

1105 2050 138 40 Insuper
1206 2050 138 40 religio
1307 2050 101 40 vera
1370 2050 88 40 non
1420 2050 151 40 formidat
1533 2050 138 40 homines
1634 2050 176 40 quantumvis
1760 2050 126 40 potentes

1073 2085 57 34 &
1095 2085 149 34 crudeles,
1210 2085 91 34 Matt
1267 2085 80 34 10.
1313 2085 69 34 v.
1347 2085 80 34 28.
1393 2085 69 34 Ne
1427 2085 126 34 metuite
1519 2085 103 34 vobis
1587 2085 69 34 ab
1622 2085 80 34 iis
1667 2085 80 34 qui
1713 2085 160 34 interimunt
1827 2085 69 34 cor¬-

1088 2126 91 44 jus,
1144 2126 113 44 animam
1224 2126 102 44 autem
1292 2126 79 44 non
1337 2126 125 44 possunt
1428 2126 170 44 interimere:
1563 2126 79 44 sed
1609 2126 125 44 metuite
1699 2126 113 44 potius
1779 2126 79 44 eum
1824 2126 91 44 qui¬

1084 2151 117 46 potest
1166 2151 117 46 animam
1249 2151 59 46 &
1272 2151 117 46 corpus
1354 2151 129 46 perdere
1448 2151 70 46 in
1472 2151 117 46 gehenna.

1110 2181 92 40 Non
1162 2181 118 40 debet
1241 2181 131 40 mutari
1332 2181 65 40 a
1359 2181 144 40 quoquam
1463 2181 118 40 regum
1542 2181 65 40 &
1568 2181 183 40 Principum,
1712 2181 92 40 nec
1764 2181 65 40 a
1777 2181 105 40 Conci¬-

1068 2213 97 43 liis
1129 2213 122 43 ullis,
1214 2213 85 43 imo
1262 2213 85 43 nec
1311 2213 61 43 a
1335 2213 97 43 toto
1396 2213 122 43 genere
1481 2213 134 43 humano,
1578 2213 85 43 imo
1627 2213 73 43 ne
1663 2213 122 43 quidem
1748 2213 73 43 ab
1773 2213 109 43 Angelis

1088 2253 82 38 Sal.
1139 2253 61 38 1.
1169 2253 61 38 v.
1200 2253 61 38 8.
1231 2253 61 38 9.
1261 2253 71 38 Sed
1302 2253 92 38 etiam
1363 2253 61 38 si
1394 2253 71 38 nos
1434 2253 71 38 aut
1475 2253 112 38 Angelus
1557 2253 51 38 e
1577 2253 92 38 caelo
1638 2253 153 38 evangelixet
1761 2253 92 38 vobis
1812 2253 71 38 prae¬-

1082 2285 80 37 ter
1127 2285 69 37 id
1162 2285 91 37 quod
1219 2285 103 37 vobis
1287 2285 229 37 Evangelizavimus,
1482 2285 137 37 anathema
1585 2285 103 37 esto.
1653 2285 69 37 Vt
1688 2285 91 37 ante
1745 2285 137 37 diximus,
1836 2285 46 37 et

1081 2317 82 38 iam
1128 2317 94 38 nunc
1187 2317 118 38 iterum
1269 2317 106 38 dico:
1340 2317 71 38 Si
1375 2317 94 38 quis
1434 2317 106 38 vobis
1505 2317 223 38 evangelizaverit
1693 2317 129 38 praeter
1787 2317 71 38 id
1810 2317 71 38 quod

1075 2356 185 34 accepistis,
1223 2356 148 34 anathema
1333 2356 111 34 esto.
1407 2356 86 34 Non
1457 2356 123 34 potest
1543 2356 148 34 impediri
1654 2356 123 34 humana
1728 2356 160 34 autoritate,

1079 2386 120 35 edictis,
1169 2386 130 35 potentia,
1270 2386 90 35 astu,
1330 2386 90 35 sicut
1390 2386 120 35 Christus
1480 2386 70 35 ait
1521 2386 90 35 Matt.
1581 2386 70 35 10.
1621 2386 50 35 v
1641 2386 70 35 26.
1681 2386 100 35 Itaque
1752 2386 60 35 ne
1782 2386 90 35 ipsos
1832 2386 50 35 me¬-

1075 2423 114 43 tuite:
1154 2423 102 43 Nihil
1223 2423 91 43 enim
1280 2423 80 43 est
1325 2423 125 43 opertum
1416 2423 91 43 quod
1473 2423 80 43 non
1519 2423 159 43 detegatur,
1644 2423 57 43 &
1667 2423 102 43 nihil
1735 2423 125 43 occulti
1815 2423 68 43 quod

1074 2456 70 37 non
1114 2456 150 37 innotescat.
1234 2456 80 37 Act.
1284 2456 60 37 4.
1314 2456 60 37 v.
1343 2456 60 37 18
1373 2456 50 37 &
1393 2456 70 37 19.
1433 2456 50 37 &
1453 2456 60 37 c.
1483 2456 60 37 5.
1513 2456 60 37 v.
1533 2456 50 37 25.

1111 2478 79 44 Non
1156 2478 114 44 potest
1236 2478 159 44 consistere
1360 2478 79 44 cum
1406 2478 148 44 hypocrisi
1519 2478 57 44 &
1542 2478 159 44 falsitate,
1667 2478 114 44 quibro
1746 2478 68 44 in
1769 2478 125 44 religione

1077 2519 134 34 nililest
1177 2519 201 34 exsecrabilius,
1345 2519 78 34 Ps.
1389 2519 67 34 32
1423 2519 67 34 v.
1456 2519 67 34 2.
1490 2519 112 34 Beatus
1568 2519 100 34 homo,
1634 2519 78 34 cui
1679 2519 78 34 non
1724 2519 123 34 imputat
1802 2519 89 34 Iehova

1085 2549 174 43 benignitate,
1227 2549 54 43 &
1248 2549 98 43 cuius
1314 2549 131 43 spiritui
1412 2549 76 43 non
1455 2549 98 43 inest
1521 2549 109 43 dolus,
1597 2549 98 43 Matt.
1662 2549 207 43 vigesimotertio,
1826 2549 54 43 ver

1085 2579 112 40 siculo
1163 2579 191 40 decimotertio.
1321 2579 79 40 Vae
1365 2579 101 40 vobis
1433 2579 124 40 Scribae
1523 2579 56 40 &
1545 2579 146 40 Pharisaei
1657 2579 168 40 hypocritae,
1781 2579 101 40 quoniam

1076 2621 135 45 exeditis
1177 2621 101 45 domos
1244 2621 146 45 viduarum,
1357 2621 101 45 idque
1424 2621 67 45 in
1458 2621 124 45 speciem
1548 2621 124 45 utentes
1638 2621 112 45 longis
1716 2621 146 45 precibus:
1818 2621 67 45 pro¬-

1071 2652 124 44 pterea
1157 2652 161 44 auferetis
1281 2652 161 44 graviorem
1393 2652 210 44 condemnationem.

1109 2680 88 38 Non
1159 2680 88 38 est
1196 2680 150 38 inconstans

1107 2708 90 42 Non
1158 2708 90 42 est
1210 2708 77 42 in
1248 2708 128 42 multas
1338 2708 128 42 sectas
1427 2708 166 42 dissecta:
1555 2708 102 42 quia
1619 2708 90 42 est
1670 2708 128 42 unica.
1760 2708 77 42 Si
1786 2708 102 42 accre¬-

1083 2742 105 48 scunt
1153 2742 128 48 sectae,
1247 2742 82 48 eae
1294 2742 82 48 non
1340 2742 93 48 sunt
1399 2742 70 48 de
1434 2742 163 48 religione.
1562 2742 163 48 Adventitia
1691 2742 93 48 sunt
1749 2742 105 48 vitia
1819 2742 93 48 haec

1083 2781 93 36 non
1136 2781 133 36 innata
1229 2781 120 36 bona.
1309 2781 160 36 Quanquam
1429 2781 186 36 catachresi
1575 2781 133 36 quadam
1669 2781 133 36 fectae
1762 2781 160 36 vocentur

1078 2810 110 46 vulgo
1139 2810 146 46 religiones

1112 2836 115 46 Nobis
1189 2836 103 46 vero
1253 2836 141 46 liberum
1356 2836 64 46 &
1381 2836 90 46 fas
1433 2836 90 46 non
1484 2836 90 46 est
1535 2836 179 46 quamcunque
1676 2836 141 46 velimus
1766 2836 128 46 religio¬-

1085 2881 85 35 nem
1133 2881 157 35 amplecti:
1254 2881 85 35 sed
1302 2881 97 35 illa
1363 2881 121 35 tantum
1447 2881 181 35 amplectenda
1592 2881 97 35 quae
1653 2881 109 35 nobis
1725 2881 60 35 a
1749 2881 85 35 Deo
1785 2881 97 35 manda,

1090 2917 56 36 a
1112 2917 78 36 est
1157 2917 56 36 &
1179 2917 67 36 in
1212 2917 156 36 Scripturis
1335 2917 122 36 Sanctis
1412 2917 156 36 praescripta.

1103 2940 135 54 Religio
1201 2940 98 54 vera
1262 2940 86 54 non
1312 2940 86 54 est
1361 2940 123 54 hostis
1447 2940 123 54 ullius
1533 2940 160 54 regiminis
1656 2940 147 54 legitimi
1766 2940 61 54 &
1778 2940 111 54 divini¬-

1083 2978 86 40 tus
1132 2978 172 40 instituti,
1267 2978 74 40 ac
1304 2978 135 40 proinde
1403 2978 86 40 nec
1452 2978 185 40 Monarchiae,
1600 2978 98 40 quam
1661 2978 160 40 nequaquam
1784 2978 135 40 tollit,

1077 3011 85 30 sed
1125 3011 121 30 potius
1210 3011 145 30 stabiit,
1318 3011 72 30 ut
1355 3011 145 30 testatur
1463 3011 121 30 Paulus
1548 3011 157 30 Romanorum
1669 3011 205 30 decimotertio,
1826 3011 72 30 ver¬-

1086 3041 118 41 siculo
1169 3041 106 41 primo
1239 3041 59 41 &
1263 3041 177 41 sequentibus
1405 3041 59 41 &
1428 3041 118 41 Petrus
1511 3041 118 41 priori
1593 3041 141 41 epistola
1699 3041 141 41 secundo,
1794 3041 94 41 verfi¬-

1082 3077 104 51 culo
1147 3077 221 51 decimotertio,
1329 3077 221 51 decimoquarto,
1511 3077 65 51 &
1537 3077 156 51 ostendit
1654 3077 156 51 exemplum
1758 3077 143 51 Monarchis

1131 3108 150 53 Dauidis,
1244 3108 175 53 Salomonis,
1382 3108 163 53 Ezechiae,
1507 3108 138 53 Iosiae,
1607 3108 188 53 Constantini
1745 3108 100 53 Magni,

1372 3142 180 52 Theodosii
1497 3142 97 52 Magni
