2063 3442
192 156 134 49 nomina
286 156 148 49 Magorum
393 156 201 49 AEgyptiorum
554 156 134 49 Jannis
648 156 67 49 &
675 156 148 49 Jambris
782 156 94 49 qui
822 156 175 49 restiterunt

199 201 101 37 Mosi,
266 201 56 37 &
289 201 90 37 Tit.
345 201 68 37 1.
379 201 101 37 vers.
446 201 79 37 12,
491 201 113 37 versum
570 201 68 37 ex
604 201 158 37 Epimenide,
728 201 113 37 κρήπος
807 201 79 37 ἀει
852 201 124 37 ψουται,
930 201 68 37 κακο

201 226 118 47 θήρια,
284 226 130 47 γασορες
378 226 118 47 λργαι:
461 226 106 47 Judas
532 226 153 47 Apostolus
650 226 106 47 vers.
721 226 83 47 14.
768 226 59 47 &
791 226 83 47 15.
839 226 165 47 Prophetiam
957 226 47 47 E-

194 259 126 46 nochi:
283 259 164 46 Nequaquam
409 259 114 46 tamen
485 259 101 46 dari
548 259 139 46 potest,
650 259 126 46 libros
738 259 114 46 illos
814 259 76 46 ex
852 259 126 46 quibus
928 259 63 46 ist

195 299 161 42 Prophetae
319 299 62 42 &
343 299 149 42 Apostoli
455 299 161 42 citarunt,
579 299 99 42 esse
641 299 174 42 Canonicos,
778 299 112 42 nedum
852 299 99 42 vere
914 299 62 42 &
927 299 74 42 uni-

202 324 99 50 voce
263 324 172 50 Canonicos.
399 324 99 50 Quin
460 324 111 50 etiam
534 324 123 50 Oratio
620 324 148 50 Manassae
731 324 99 50 Regi
793 324 135 50 Judaico
879 324 111 50 adscri-

208 358 88 51 pta,
263 358 55 51 &
285 358 121 51 tertius
373 358 154 51 quartusque
493 358 99 51 libri
559 358 110 51 Esdrae
636 358 55 51 a
658 358 143 51 nonnullis
768 358 121 51 sanctis
855 358 132 51 Patribus
943 358 55 51 in-

198 396 121 46 terdum
283 396 157 46 citantur,
404 396 73 46 ut
440 396 121 46 aperte
525 396 133 46 dicitur
622 396 73 46 in
658 396 218 46 praefatiuncula
840 396 145 46 Orationi
936 396 61 46 Ma-

200 433 113 37 nassae
279 433 57 37 &
302 433 102 37 libro
369 433 113 37 tertio
449 433 57 37 &
471 433 113 37 quarto
551 433 113 37 Esdrae
630 433 147 37 praemissa
743 433 68 37 in
777 433 136 37 editione
867 433 125 37 Bibliorum

196 455 140 51 Vulgatae
301 455 151 51 versionis
417 455 140 51 Latinae,
522 455 105 51 Sixti
592 455 116 51 quinti
673 455 163 51 Pontificis
801 455 116 51 Romani
882 455 105 51 jussu
940 455 47 51 re

199 487 145 54 cognitae
307 487 60 54 &
332 487 169 54 Antverpiae
464 487 72 54 in
500 487 145 54 officina
609 487 181 54 Plantiniana
754 487 133 54 excusae
850 487 96 54 Anno
911 487 109 54 1599.
971 487 36 54 &

194 532 124 40 tamen
277 532 151 40 Synodus
387 532 179 40 Tridentma
524 532 124 40 extra
607 532 138 40 seriem
703 532 206 40 Canonicorum
855 532 151 40 librorum.

199 555 83 50 eos
247 555 130 50 posuit.
341 555 154 50 Similiter
460 555 166 50 Athanasius
590 555 71 50 de
625 555 189 50 incarnatione
779 555 118 50 Verbi,
862 555 118 50 pagina
933 555 59 50 tri

200 592 175 50 gesimanona
338 592 100 50 tomi
401 592 113 50 primi
476 592 163 50 editionis
601 592 213 50 Commelinianae
776 592 113 50 citat
851 592 125 50 librum
926 592 63 50 Pa-

195 628 133 46 storis,
292 628 97 46 quem
352 628 121 46 Hermae
437 628 109 46 vulgo
510 628 157 46 tribuunt,
631 628 121 46 eumque
716 628 109 46 vocat
788 628 194 46 utilissimum,
933 628 61 46 ne-

196 664 110 42 tamen
269 664 86 42 est
318 664 171 42 Canonicus.
453 664 73 42 Ex
490 664 86 42 his
539 664 171 42 instantiis
673 664 122 42 patet,
759 664 86 42 non
808 664 110 42 omnes
882 664 122 42 libros
955 664 49 42 ex

200 695 130 47 quibus
291 695 130 47 Patres
382 695 169 47 Orthodoxi
512 695 182 47 testimonia
656 695 195 47 allegarunt,
812 695 104 47 vere
877 695 65 47 &
890 695 104 47 univoc

198 728 159 43 Canonicos
320 728 110 43 esse.
393 728 86 43 Hoc
442 728 183 43 Bellarminus
589 728 134 43 ipsemet
686 728 122 43 fateri
772 728 134 43 cogitur
870 728 110 43 libro
931 728 73 43 pri-

198 756 72 44 mo
234 756 72 44 de
270 756 109 44 verbo
343 756 97 44 Dei,
403 756 121 44 capite
488 756 205 44 decimooctavo,
657 756 145 44 sectione
766 756 181 44 decimanona,
910 756 85 44 ubi
947 756 48 44 i1

198 797 101 39 hunc
262 797 114 39 modum
338 797 76 39 de
376 797 114 39 libro
452 797 140 39 Henoch,
553 797 76 39 ex
591 797 89 39 quo
642 797 114 39 Judas
718 797 165 39 Apostolus
845 797 76 39 in
870 797 140 39 epistola;

199 822 82 46 sua
246 822 129 46 citasse
340 822 164 46 Prophetiam
468 822 187 46 existimatur,
620 822 140 46 scribit;
725 822 164 46 Respondeo,
854 822 129 46 quamvis
936 822 70 46 Ter-

196 860 153 44 tullianus
314 860 106 44 libro
385 860 71 44 de
420 860 118 44 habitu
503 860 141 44 muliebri
609 860 165 44 contendat,
739 860 118 44 librum
821 860 118 44 Henoch
892 860 106 44 esseCa-

204 897 145 41 nonicum,
313 897 60 41 &
337 897 97 41 Beda
397 897 72 41 in
433 897 97 41 hanc
494 897 157 41 epistolam
615 897 121 41 dicat,
699 897 133 41 tempore
796 897 109 41 Iudae
868 897 121 41 librum
941 897 60 41 He-

207 920 107 51 noch
274 920 121 51 verum
354 920 67 51 &
381 920 174 51 Canonicum
515 920 80 51 in
555 920 147 51 manibus
662 920 147 51 hominum
769 920 147 51 fuisse,
876 920 107 51 etsi
930 920 80 51 modo

196 958 84 44 non
244 958 132 44 exstet:
340 958 108 44 tamen
411 958 180 44 probabilius
555 958 120 44 videri
639 958 120 44 librum
723 958 96 44 esse
783 958 180 44 apocryphum.
914 958 96 44 Caete-

198 993 91 42 rum
250 993 78 42 ut
289 993 182 42 Hieronymus
432 993 78 42 in
471 993 130 42 capite
562 993 117 42 primo
640 993 78 42 ad
679 993 117 42 Titum
757 993 65 42 &
783 993 182 42 Augustinus
913 993 91 42 libra

205 1023 79 45 15.
250 1023 68 45 de
284 1023 136 45 civitate
386 1023 91 45 Dei,
443 1023 91 45 cap.
499 1023 79 45 23.
545 1023 57 45 &
567 1023 102 45 libro
635 1023 79 45 18.
681 1023 91 45 cap.
737 1023 79 45 38.
783 1023 125 45 dicunt,
873 1023 102 45 etiam
941 1023 68 45 in
964 1023 34 45 A

203 1060 153 43 poeryphis
321 1060 94 43 esse
380 1060 130 43 aliquid
474 1060 106 43 veri,
545 1060 59 43 &
568 1060 82 43 hoc
615 1060 106 43 Iudam
686 1060 177 43 protulisse,
827 1060 82 43 nec
874 1060 106 43 tamen
933 1060 71 43 pro-

220 1093 105 41 terea
290 1093 105 41 totum
360 1093 116 41 librum
441 1093 174 41 approbasse;
580 1093 105 41 sicut
650 1093 105 41 etiam
720 1093 116 41 Paulus
801 1093 116 41 Actor.
882 1093 81 41 17.
929 1093 70 41 1.
952 1093 58 41 Co-

211 1120 116 42 rinth.
292 1120 81 42 15.
339 1120 58 42 &
362 1120 69 42 ad
397 1120 93 42 Tit.
455 1120 69 42 1.
489 1120 127 42 profert
582 1120 162 42 testimonia
709 1120 69 42 ex
744 1120 139 42 Ethnicis
848 1120 127 42 Poetis,
929 1120 93 42 Arato,

213 1155 144 41 Menandro
321 1155 60 41 &
345 1155 168 41 Epimenide:
478 1155 84 41 nec
526 1155 108 41 tamen
598 1155 132 41 idcirco
694 1155 120 41 poetas
778 1155 108 41 illos
839 1155 168 41 consecravit.

208 1193 90 38 Ita
260 1193 180 38 Bedarminus
401 1193 90 38 non
452 1193 167 38 concedit,
581 1193 141 38 quodvis
684 1193 154 38 scriptum
799 1193 129 38 illico
877 1193 141 38 Canonicum

204 1218 108 47 esse,
276 1218 132 47 etiamsi
372 1218 144 47 Apostoli
480 1218 96 47 inde
540 1218 132 47 aliquid
635 1218 192 47 protulerunt.
791 1218 120 47 Quanto
875 1218 108 47 minus
935 1218 72 47 igi-

216 1252 86 43 tur
265 1252 99 43 erit
327 1252 123 43 illico
413 1252 160 43 Canonicum
536 1252 160 43 scriptum,
659 1252 74 43 eo
696 1252 99 43 quod
758 1252 123 43 Patres
844 1252 86 43 qui
881 1252 136 43 Apostolis

207 1292 107 34 longe
278 1292 167 34 inferiores
409 1292 107 34 sunt,
481 1292 95 34 inde
540 1292 167 34 testimonia
671 1292 178 34 citaverint?
814 1292 95 34 Idem
861 1292 155 34 Bellarminus

219 1325 107 33 libro
290 1325 107 33 primo
362 1325 71 33 de
398 1325 107 33 Verbo
469 1325 95 33 Dei,
528 1325 119 33 capite
612 1325 143 33 vigesimo
719 1325 143 33 fatetur,
826 1325 119 33 Patres
897 1325 119 33 testimo-

212 1350 79 48 nia
257 1350 135 48 proferre
358 1350 67 48 ex
391 1350 101 48 libro
459 1350 146 48 Hermetis,
571 1350 79 48 qui
616 1350 112 48 Pastor
694 1350 180 48 inscribitur,
840 1350 90 48 item
897 1350 67 48 ex
919 1350 101 48 tertio-

211 1388 61 41 &
235 1388 122 41 quarto
321 1388 135 41 Esdrae;
419 1388 98 41 quos
480 1388 110 41 tamen
553 1388 98 41 idem
614 1388 122 41 refert
700 1388 110 41 inter
773 1388 183 41 Apocryphos.
908 1388 110 41 Simili-

208 1420 83 41 ter
256 1420 143 41 Iohannes
363 1420 119 41 Driedo
447 1420 95 41 unus
506 1420 72 41 ex
542 1420 155 41 primariis
661 1420 143 41 Papistis
769 1420 131 41 scribit
864 1420 72 41 de
888 1420 119 41 Catalogi

217 1459 161 39 Scripturae
344 1459 104 39 libro
413 1459 69 39 1.
448 1459 92 39 cap.
505 1459 69 39 4.
540 1459 69 39 ad
574 1459 196 39 difficultatem
735 1459 69 39 4.
770 1459 161 39 Cyprianus,
885 1459 138 39 Ambrosius,

209 1490 158 41 caeterique
333 1490 113 41 Patres
412 1490 113 41 citant
491 1490 158 41 sententias
615 1490 68 41 ex
649 1490 102 41 libro
717 1490 124 41 Baruch,
807 1490 68 41 ex
841 1490 68 41 3.
875 1490 56 41 &
898 1490 68 41 4.
920 1490 102 41 Esdrae,

211 1518 84 39 non
259 1518 132 39 tanquam
355 1518 72 39 ex
391 1518 156 39 Canonicis
510 1518 132 39 libris,
606 1518 84 39 sed
654 1518 132 39 tanquam
750 1518 72 39 ex
786 1518 120 39 libris
857 1518 156 39 continenti-

210 1550 90 44 bus
261 1550 141 44 dogmata
364 1550 141 44 quaedam
466 1550 102 44 pia,
530 1550 90 44 &c.
581 1550 102 44 Quum
645 1550 128 44 igitur
735 1550 179 44 propositio
875 1550 115 44 major
939 1550 77 44 uni-

215 1582 99 52 verse
281 1582 154 52 intellecta
402 1582 77 52 sit
445 1582 110 52 falsa,
522 1582 176 52 conclusionem
665 1582 110 52 quoque
742 1582 110 52 falsam
819 1582 88 52 esse
873 1582 121 52 necesse
950 1582 66 52 est.

271 1613 173 38 REPLICATIO
406 1613 185 38 Papistarum:
554 1613 74 38 At
591 1613 123 38 Patres
678 1613 123 38 citant
764 1613 123 38 libros
851 1613 99 38 hos,
912 1613 74 38 de
949 1613 86 38 qui

213 1638 87 57 bus
262 1638 87 57 jam
312 1638 237 57 controuertitur,
512 1638 75 57 ut
549 1638 125 57 sacros
636 1638 62 57 &
661 1638 150 57 divinos:
774 1638 100 57 Ergo
836 1638 100 57 sunt
898 1638 137 57 proprie
986 1638 37 57 &

219 1682 142 48 univoce
310 1682 142 48 Canonici.

274 1697 190 56 DUPLIGATIO
424 1697 150 56 nostra:
533 1697 150 56 Negatur
641 1697 231 56 consequentia,
832 1697 109 56 quia
900 1697 82 56 ex
927 1697 95 56 puris

226 1744 214 38 particularibus
405 1744 107 38 nihil
476 1744 155 38 sequitur.
595 1744 83 38 Nam
643 1744 107 38 major
714 1744 167 38 propositio
845 1744 131 38 omissa:
929 1744 83 38 nempe

220 1785 90 40 Quos
276 1785 113 40 libros
355 1785 113 40 Patres
434 1785 113 40 citant
514 1785 68 40 ut
547 1785 113 40 sacros
627 1785 57 40 &
649 1785 147 40 diuvinos,
762 1785 68 40 ij
796 1785 90 40 sunt
853 1785 124 40 proprie
943 1785 57 40 &
954 1785 68 40 uni-

227 1820 91 31 voce
284 1820 148 31 Canonici,
398 1820 80 31 est
443 1820 114 31 tantum
523 1820 205 31 particulariter
694 1820 103 31 vera:
762 1820 91 31 quia
819 1820 80 31 mos
865 1820 80 31 est
899 1820 114 31 usitatur

216 1842 136 38 optimis
314 1842 160 38 quibusque
438 1842 160 38 Patribus,
561 1842 136 38 Graecis
660 1842 62 38 &
685 1842 148 38 Latinis,
796 1842 74 38 ut
833 1842 86 38 non
882 1842 123 38 tantum
956 1842 62 38 li-

213 1875 97 50 bros
273 1875 97 50 vere
334 1875 170 50 Canonicos,
467 1875 85 50 sed
516 1875 109 50 etiam
589 1875 170 50 apocryphos
722 1875 170 50 honorifice
855 1875 158 50 allegent:
965 1875 48 50 ut

217 1908 162 41 Ambrosius
341 1908 100 41 tomo
403 1908 137 41 tertio,
503 1908 124 41 pagina
590 1908 149 41 vigesima
702 1908 137 41 septima
801 1908 162 41 editionis
913 1908 100 41 Frobe-

219 1948 118 36 nianae
302 1948 94 36 Anno
361 1948 106 36 1538.
432 1948 71 36 in
467 1948 142 36 oratione
573 1948 71 36 de
609 1948 106 36 obitu
680 1948 130 36 fratris
774 1948 130 36 Satyri,
868 1948 130 36 tanquam
951 1948 59 36 Sa-

214 1974 88 34 crae
269 1974 154 34 Scripturae
390 1974 121 34 solatia
479 1974 132 34 profert,
578 1974 88 34 quae
633 1974 99 34 libro
699 1974 110 34 quarto
776 1974 110 34 Esdrae
854 1974 110 34 capite
920 1974 88 34 decime

225 2009 153 40 leguntur.
343 2009 129 40 Clemens
437 2009 188 40 Alexandrinus
590 2009 106 40 saepe
660 2009 106 40 citat
731 2009 118 40 librum
813 2009 141 40 Pastoris
919 2009 82 40 non
954 2009 59 40 se-

222 2040 81 41 cus
269 2040 69 41 ac
303 2040 69 41 si
338 2040 127 41 divinus
430 2040 115 41 esset.
511 2040 115 41 Ergone
592 2040 127 41 quartum
684 2040 115 41 Esdrae
765 2040 58 41 &
788 2040 139 41 Pastoris
892 2040 115 41 librum
961 2040 58 41 nos

218 2074 87 48 pro
267 2074 99 48 vere
329 2074 149 48 Canonico
441 2074 124 48 habere
528 2074 124 48 aequum
603 2074 75 48 est:

423 2116 329 43 TERTIVM.

343 2148 181 58 Sequitur
479 2148 166 58 commune
599 2148 211 58 argumentum
765 2148 106 58 pro
811 2148 75 58 his

571 2188 91 46 libris.

270 2226 95 40 mnes
330 2226 107 40 libri
401 2226 84 40 qui
449 2226 60 40 a
473 2226 143 40 Patribus
580 2226 179 40 appellantur
724 2226 119 40 sacri,
807 2226 95 40 sunt
867 2226 131 40 proprie
962 2226 60 40 &
974 2226 48 40 u-

215 2260 128 46 nivoce
292 2260 141 46 Canonici:

275 2292 69 46 At
309 2292 92 46 isti
366 2292 103 46 libri
435 2292 69 46 de
469 2292 115 46 quibus
549 2292 80 46 jam
595 2292 218 46 controuertitur,
778 2292 57 46 a
801 2292 137 46 Patribus
893 2292 126 46 appellan-

212 2331 78 47 tur
245 2331 78 47 sacri

265 2358 112 49 Ergo,
327 2358 62 49 &c.

260 2389 141 52 RESPON.
363 2389 115 52 Major
439 2389 179 52 propositio
580 2389 128 52 absque
670 2389 205 52 distinctione
836 2389 64 52 &
849 2389 166 52 limitatione

214 2425 175 49 intellecta,
354 2425 82 49 est
401 2425 117 49 falsa:
482 2425 93 49 quia
541 2425 82 49 non
587 2425 105 49 omnes
657 2425 105 49 libri
727 2425 93 49 quos
785 2425 117 49 Patres
867 2425 151 49 appellant
972 2425 58 49 sa-

219 2466 104 34 cros,
289 2466 93 34 sunt
347 2466 104 34 tales
416 2466 104 34 dicti
486 2466 104 34 eodom
555 2466 104 34 modo.
625 2466 93 34 Alij
682 2466 93 34 enim
740 2466 139 34 univoce,
844 2466 93 34 alij
891 2466 127 34 aequivoce

211 2499 132 37 dicuntur
310 2499 110 37 sacri:
387 2499 77 37 Qui
431 2499 132 37 univoce,
530 2499 77 37 hoc
574 2499 88 37 est,
630 2499 110 37 reipsa
707 2499 55 37 &
729 2499 132 37 veritate
828 2499 88 37 sunt
883 2499 110 37 sacri,
949 2499 66 37 ille

212 2530 97 39 sunt
272 2530 133 39 proprie
369 2530 61 39 &
394 2530 133 39 univoce
491 2530 158 39 Canonici.
612 2530 73 39 Hi
648 2530 97 39 vero
709 2530 109 39 libri
782 2530 73 39 de
818 2530 121 39 quibus
903 2530 85 39 jam
939 2530 73 39 con-

220 2565 179 34 trovertitur,
365 2565 146 34 aequivoce
477 2565 101 34 sacri
545 2565 146 34 dicuntur,
657 2565 78 34 hoc
701 2565 90 34 est,
757 2565 112 34 quadam
836 2565 179 34 similitudine
970 2565 45 34 ex

211 2599 162 32 opinione
333 2599 203 32 institutove
496 2599 162 32 hominum:
618 2599 203 32 quemadmodum
780 2599 68 32 a
807 2599 162 32 Cajetano
915 2599 95 32 Cardi

224 2633 88 38 nali
279 2633 133 38 Concilia
379 2633 166 38 Episcopalia
511 2633 110 38 sacra,
588 2633 55 38 &
610 2633 110 38 Patres
688 2633 99 38 sacri
754 2633 133 38 dicuntur
853 2633 66 38 in
886 2633 110 38 verbis
953 2633 66 38 sub-

206 2662 117 36 finem
284 2662 208 36 responsionis
453 2662 143 36 nostrae
557 2662 78 36 ad
596 2662 130 36 primum
687 2662 182 36 argumentum
830 2662 117 36 nuper
895 2662 117 36 citatis

218 2692 92 41 Ita
270 2692 144 41 Canones
375 2692 197 41 Conciliorum
532 2692 210 41 Episcopalium
703 2692 66 41 &
729 2692 118 41 Juris
807 2692 157 41 Canonici
912 2692 105 41 dicun-

213 2730 75 32 tur
256 2730 107 32 sacri.
331 2730 75 32 Sic
374 2730 54 32 a
395 2730 193 32 Jurisconsultis
556 2730 96 32 leges
620 2730 129 32 dicuntur
717 2730 118 32 sacrae:
802 2730 75 32 imo
845 2730 96 32 etiam
899 2730 107 32 sacratis

213 2756 124 38 simae.
299 2756 136 38 Literae
399 2756 124 38 quibus
485 2756 186 38 Imperatores
634 2756 211 38 Valentinianus
808 2756 62 38 &
833 2756 161 38 Martianus
944 2756 87 38 indi-

217 2797 123 46 xerunt
303 2797 159 46 concilium
425 2797 147 46 vocantur
535 2797 123 46 sacrae
621 2797 98 46 tomo
682 2797 135 46 secundo
780 2797 196 46 Conciliorum,
927 2797 86 46 pagi-

209 2823 83 50 nam
257 2823 131 50 octava,
352 2823 107 50 nona,
411 2823 107 50 decima,

406 2861 357 50 QVARTVM

262 2893 146 43 Quicunque
374 2893 101 43 libri
442 2893 124 43 fuerunt
532 2893 124 43 publice
622 2893 124 43 recepti
712 2893 68 43 in
746 2893 158 43 Ecclesiis,
870 2893 90 43 illi
926 2893 90 43 sunt
971 2893 45 43 vi

216 2931 123 40 nivoce
302 2931 61 40 &
326 2931 135 40 proprie
424 2931 159 40 Canonici:
547 2931 74 40 At
584 2931 74 40 hi
620 2931 110 40 libri
694 2931 135 40 fuerunt
792 2931 135 40 publice
890 2931 135 40 recepti
976 2931 49 40 in

219 2960 164 45 Ecclesiis:
348 2960 106 45 Ergo,
407 2960 35 45 &

276 2997 130 38 RESPON.
371 2997 107 38 Major
442 2997 166 38 propositio
572 2997 83 38 est
619 2997 118 38 falsa:
702 2997 83 38 nam
750 2997 142 38 adversus
856 2997 107 38 illam
915 2997 107 38 potest.

229 3014 86 61 dari
283 3014 151 61 instantia.
402 3014 86 61 Quia
456 3014 130 61 Eusebius
553 3014 97 61 libro
618 3014 108 61 tertio
693 3014 140 61 historiae
801 3014 194 61 Ecclesiasticae
952 3014 65 61 capi

213 3061 67 42 te
246 3061 112 42 tertio
324 3061 67 42 de
358 3061 100 42 libro
425 3061 134 42 Pastoris
525 3061 100 42 dicit
592 3061 78 42 eum
637 3061 234 42 δεδημοσιδυυηδυον,
838 3061 67 42 id
871 3061 89 42 est,
927 3061 112 42 public

206 3102 150 39 receptum
319 3102 75 39 in
357 3102 176 39 Ecclesiis,
495 3102 100 39 quem
558 3102 113 39 tamen
633 3102 75 39 el
670 3102 125 39 voεois
758 3102 138 39 numerat
858 3102 100 39 Quod
921 3102 75 39 si
946 3102 88 39 major

220 3127 80 46 sit
265 3127 172 46 concedenda,
403 3127 138 46 limitati
506 3127 57 46 &
529 3127 149 46 restringi
644 3127 80 46 eam
690 3127 126 46 necesse
781 3127 92 46 est:
839 3127 149 46 Quicunque
942 3127 80 46 libri

213 3160 135 42 fuerunt
311 3160 135 42 publice
409 3160 135 42 recepti
507 3160 73 42 in
543 3160 171 42 Ecclesiis,
678 3160 135 42 nimirum
776 3160 73 42 ad
813 3160 147 42 dogmatum
911 3160 110 42 autori

1029 135 118 56 tatem,
1112 135 94 56 illi
1170 135 94 56 sunt
1229 135 94 56 vere
1288 135 153 56 divinitus
1405 135 153 56 Canonici.
1523 135 71 56 At
1558 135 82 56 hos
1605 135 129 56 libros,
1699 135 71 56 de
1735 135 118 56 quibus
1805 135 59 56 jam

1050 189 224 36 controvertitur,
1238 189 118 36 fuisse
1321 189 129 36 publice
1415 189 141 36 receptos
1521 189 71 36 in
1556 189 153 36 Ecclesiis
1674 189 71 36 ad
1709 189 141 36 dogmatum
1803 189 59 36 au-

1048 221 169 40 toritatem,
1181 221 145 40 negatur:
1289 221 97 40 quia
1350 221 145 40 testante
1459 221 157 40 Hieronymo
1579 221 133 40 fuerunt
1676 221 133 40 recepti
1760 221 97 40 tantum

1049 257 78 38 ad
1088 257 233 38 aedificationem
1282 257 130 38 plebis
1373 257 117 38 quoad
1451 257 117 38 mores
1528 257 142 38 propter
1632 257 168 38 praecepta
1761 257 117 38 morum
1826 257 39 38 &

1040 300 129 31 exempla
1134 300 94 31 quae
1193 300 70 31 in
1228 300 82 31 iis
1275 300 188 31 continentur.
1427 300 152 31 Conclusio
1544 300 117 31 igitur
1615 300 105 31 δυχεται

1278 321 301 46 QVINTVM.

1100 355 158 45 Quicunque
1221 355 109 45 libri
1294 355 61 45 a
1319 355 146 45 Patribus
1428 355 146 45 absolute
1537 355 61 45 &
1561 355 182 45 simpliciter
1695 355 158 45 appellantus

1042 387 177 41 Scripturae,
1184 387 59 41 j
1207 387 94 41 sunt
1266 387 130 41 proprie
1348 387 130 41 Canonici:

1094 417 70 49 At
1129 417 70 49 hi
1165 417 105 49 libri
1235 417 70 49 de
1270 417 117 49 quibus
1352 417 140 49 quaestio
1457 417 94 49 est,
1516 417 59 49 a
1539 417 140 49 Patribus
1644 417 140 49 absolute
1750 417 59 49 &
1761 417 94 49 simpli

1045 453 107 43 citer
1116 453 178 43 appellantur
1259 453 178 43 Scripturae:
1401 453 107 43 Ergo,
1461 453 59 43 &c.

1094 485 120 47 RESP.
1174 485 120 47 Major
1254 485 187 47 propositio
1401 485 160 47 negatur,
1521 485 94 47 non
1575 485 107 47 enim
1641 485 120 47 omnes
1721 485 120 47 libri
1788 485 67 47 quo

1047 517 119 44 Patres
1130 517 178 44 simpliciter
1272 517 154 44 appellant
1391 517 178 44 Scripturas,
1533 517 95 44 sunt
1592 517 130 44 proprie
1687 517 154 44 Canonici,
1806 517 83 44 sed

1047 554 115 52 tantum
1128 554 92 52 illi
1186 554 81 52 qui
1232 554 92 52 sunt
1290 554 92 52 vere
1348 554 115 52 divina
1417 554 127 52 Scriptura

1298 582 267 45 SEXTVM.

1101 617 112 44 Omnes
1175 617 112 44 libri
1250 617 87 44 qui
1300 617 100 44 sunt
1362 617 162 44 Scriptura
1487 617 125 44 divina
1574 617 100 44 sunt
1637 617 137 44 univoce
1736 617 62 44 &
1749 617 112 44 propria

1042 653 154 42 Canonici:
1161 653 71 42 At
1196 653 71 42 hi
1232 653 107 42 libri
1303 653 71 42 de
1338 653 118 42 quibus
1421 653 189 42 controversia
1575 653 95 42 est,
1634 653 95 42 sunt
1693 653 154 42 Scriptura
1800 653 59 42 di-

1043 690 113 38 vina:
1119 690 101 38 Ergo
1182 690 101 38 sunt
1245 690 139 38 univoce
1346 690 63 38 &
1371 690 139 38 proprie
1459 690 139 38 Canonici:

1097 717 142 46 Minorem
1200 717 155 46 probant:
1316 717 103 46 quia
1381 717 142 46 Clemens
1484 717 206 46 Alexandrinus
1652 717 103 46 lib.
1716 717 77 46 2.
1742 717 116 46 Paedago

1047 752 85 46 gi,
1095 752 97 46 cap.
1156 752 73 46 3.
1193 752 121 46 librum
1278 752 134 46 Baruchi
1375 752 146 46 appellat
1484 752 134 46 divinam
1581 752 182 46 Scripturam;
1715 752 158 46 Theodoretus

1045 784 91 42 item
1101 784 68 42 in
1135 784 170 42 expositione
1272 784 102 42 hujus
1340 784 114 42 libri,
1419 784 114 42 Euseb.
1499 784 91 42 lib.
1555 784 68 42 6.
1590 784 148 42 demonstr.
1703 784 136 42 Evangel.
1794 784 68 42 cap.

1052 819 80 50 t9
1092 819 93 50 Ita
1145 819 133 50 hymnum
1238 819 120 50 trium
1318 819 160 50 puerorum
1438 819 173 50 Cyprianus
1571 819 67 50 &
1597 819 213 50 Chrysostomus
1771 819 133 50 vocant

1043 852 164 40 divinum,
1153 852 68 40 &c.

1097 884 153 41 RESPON.
1208 884 153 41 Negatur
1319 884 236 41 consequentia,
1514 884 111 41 quia
1583 884 111 41 sunt
1653 884 153 41 quatuor
1750 884 111 41 termin

1058 923 145 35 propter
1163 923 198 35 ambiguitate
1321 923 132 35 medij.
1414 923 92 35 Nam
1467 923 145 35 divinum
1572 923 145 35 dicitur
1677 923 171 35 oμαγυμως,
1796 923 66 35 nem

1059 953 69 37 pe
1094 953 81 37 vel
1140 953 127 37 xυρίως,
1233 953 138 37 proprie,
1336 953 92 37 quod
1394 953 81 37 κατ
1440 953 150 37 ἀληθειαν,
1556 953 115 37 natura
1636 953 92 37 sua,
1694 953 115 37 ortuve
1763 953 104 37 divinum

1052 982 103 42 est,
1116 982 77 42 eo
1155 982 103 42 quod
1219 982 103 42 pure
1284 982 90 42 Dei
1335 982 103 42 est,
1399 982 64 42 a
1425 982 90 42 Deo
1476 982 90 42 aut
1528 982 154 42 secundum
1643 982 116 42 Deum:
1721 982 90 42 vel
1759 982 103 42 ἀκυρως

1050 1018 177 40 improprie,
1189 1018 101 40 quod
1252 1018 63 40 κ
1278 1018 126 40 διζαν,
1366 1018 76 40 ex
1404 1018 152 40 opinione
1518 1018 139 40 humana,
1619 1018 177 40 iudicioque
1745 1018 126 40 praesum-

1053 1053 86 37 to,
1102 1053 74 37 ex
1139 1053 123 37 humana
1225 1053 197 37 institutione
1385 1053 61 37 &
1409 1053 148 37 positivo
1520 1053 111 37 jure,
1594 1053 123 37 quadam
1680 1053 197 37 similitudine
1827 1053 37 37 &

1050 1084 134 37 imagine
1147 1084 134 37 divinum
1244 1084 97 37 est.
1305 1084 109 37 Major
1378 1084 170 37 propositio
1512 1084 170 37 intellecta
1646 1084 73 37 de
1682 1084 158 37 Scriptura
1792 1084 85 37 divi-

1059 1123 76 38 na
1097 1123 127 38 κνρίως
1187 1123 115 38 dicta
1263 1123 191 38 conceditur:
1416 1123 115 38 Minor
1492 1123 178 38 propositio
1632 1123 115 38 autem
1709 1123 76 38 de
1734 1123 140 38 Scriptura

1064 1151 114 41 divina
1143 1151 114 41 ἀκυρως
1223 1151 103 41 dicta
1291 1151 91 41 vera
1348 1151 91 41 est.
1405 1151 91 41 Quod
1462 1151 68 41 si
1496 1151 114 41 divina
1576 1151 148 41 Scriptura
1690 1151 68 41 in
1724 1151 114 41 Minore
1793 1151 68 41 pro-

1053 1182 162 46 positione
1177 1182 112 46 eodem
1252 1182 112 46 sensu
1327 1182 187 46 accipiatur,
1477 1182 87 46 quo
1527 1182 75 46 in
1564 1182 137 46 Majore,
1664 1182 87 46 tum
1714 1182 112 46 minor
1776 1182 100 46 falsa-

1063 1215 96 43 est;
1123 1215 84 43 nec
1171 1215 72 43 ad
1206 1215 84 43 eam
1254 1215 155 43 probandam
1374 1215 143 43 sufficit
1481 1215 119 43 Patrum
1565 1215 167 43 autoritas,
1696 1215 84 43 qui
1744 1215 119 43 libros
1815 1215 60 43 il-

1059 1252 88 39 los
1110 1252 75 39 de
1147 1252 125 39 quibus
1235 1252 175 39 quaeritur,
1373 1252 175 39 Scripturam
1511 1252 125 39 vocant
1598 1252 138 39 divinam
1699 1252 138 39 ἀκυρως,
1786 1252 88 39 quem-

1065 1284 139 38 admodum
1166 1284 63 38 &
1192 1284 126 38 librum
1280 1284 151 38 Hermetis
1393 1284 88 38 qui
1444 1284 189 38 inscribitur
1595 1284 139 38 Pastor,
1696 1284 164 38 divinitus
1810 1284 63 38 in-

1070 1315 139 47 piratum
1172 1315 139 47 putavit
1273 1315 152 47 Origenes
1387 1315 114 47 libro
1463 1315 127 47 decimo
1551 1315 76 47 in
1589 1315 165 47 epistolam
1716 1315 76 47 ad
1741 1315 127 47 Romanos.

1067 1355 109 38 quem
1135 1355 122 38 tamen
1217 1355 204 38 nihilominus
1380 1355 190 38 apocryphum
1529 1355 136 38 censet
1624 1355 204 38 Bellarminus
1773 1355 95 38 libro

1066 1381 108 39 primo
1138 1381 72 39 de
1174 1381 108 39 Verbo
1245 1381 84 39 Dei
1293 1381 120 39 capite
1377 1381 155 39 vigesimo,
1496 1381 108 39 sect.
1568 1381 120 39 sexta.
1652 1381 132 39 Literae
1736 1381 143 39 Imperatri-

1063 1420 84 36 cis
1111 1420 169 36 Pulcheriae
1244 1420 72 36 ad
1280 1420 121 36 Leonem
1364 1420 72 36 I.
1401 1420 145 36 Romanum,
1509 1420 145 36 vocantur
1618 1420 133 36 divinae
1714 1420 145 36 syllabae
1811 1420 60 36 se-

1058 1449 115 40 cundo
1135 1449 102 40 tomo
1199 1449 204 40 Conciliorum,
1365 1449 102 40 pag.
1429 1449 141 40 octava.
1531 1449 128 40 Irrita
1621 1449 102 40 ergo
1672 1449 153 40 Conclusio.

1257 1479 364 42 SEPTIMVM.

1112 1511 164 47 Quicunque
1238 1511 113 47 libri
1314 1511 63 47 a
1339 1511 151 47 Patribus
1452 1511 151 47 vocantur
1565 1511 164 47 Canonici,
1691 1511 76 47 ij
1729 1511 101 47 sunt
1779 1511 101 47 univo-

1062 1545 71 50 ce
1098 1545 60 50 &
1122 1545 131 50 proprie
1205 1545 131 50 Canonici:

1120 1583 71 37 At
1156 1583 71 37 hi
1191 1583 106 37 libri
1262 1583 71 37 de
1297 1583 118 37 quibus
1379 1583 188 37 controversia
1532 1583 94 37 est,
1591 1583 59 37 a
1615 1583 141 37 Patribus
1721 1583 141 37 vocantur
1815 1583 59 37 Ca-

1059 1611 131 38 nonici:
1154 1611 71 38 ut
1190 1611 131 38 sanctus
1285 1611 167 38 Augustinus
1416 1611 71 38 in
1452 1611 131 38 Speculo
1547 1611 167 38 praefatur,
1678 1611 71 38 ex
1713 1611 155 38 Canonicis
1821 1611 59 38 li-

1059 1645 96 38 bris
1119 1645 72 38 se
1155 1645 168 38 sententias
1286 1645 192 38 collecturum,
1442 1645 60 38 &
1466 1645 72 38 in
1502 1645 84 38 iis
1550 1645 108 38 habet
1622 1645 132 38 Tobiam:
1717 1645 96 38 idem
1777 1645 72 38 de
1801 1645 84 38 aliis

1070 1680 112 39 Patres
1148 1680 112 39 dicunt

1118 1699 101 60 Ergo
1181 1699 101 60 sunt
1244 1699 139 60 univoce
1345 1699 63 60 &
1370 1699 139 60 proprie
1458 1699 139 60 Canonici:

1115 1742 114 45 RESP.
1191 1742 139 45 Negatur
1292 1742 215 45 consequentia,
1469 1742 101 45 quia
1532 1742 101 45 sunt
1595 1742 139 45 quatuor
1696 1742 152 45 termini,
1797 1742 76 45 pro-

1062 1774 102 46 pter
1126 1774 179 46 homonymiam
1267 1774 77 46 in
1305 1774 128 46 medio.
1394 1774 153 46 Canonici
1509 1774 102 46 enim
1573 1774 115 46 libri
1650 1774 179 46 dupliciter
1778 1774 102 46 dicun-

1059 1814 85 42 tur
1107 1814 85 42 vel
1156 1814 133 42 univoce
1252 1814 85 42 vel
1300 1814 169 42 aequivoce.
1433 1814 133 42 Vnivoce
1530 1814 145 42 Canonici
1639 1814 157 42 dicuntur,
1759 1814 85 42 qui
1796 1814 72 42 veri

1072 1846 106 33 patem
1143 1846 130 33 divinam
1237 1846 153 33 continent
1355 1846 153 33 divinitus
1473 1846 130 33 materia
1567 1846 59 33 &
1591 1846 118 33 forma,
1674 1846 83 33 hoc
1721 1846 94 33 est,
1780 1846 83 33 qui
1815 1846 59 33 non

1055 1881 127 33 tantum
1144 1881 115 33 quoad
1221 1881 102 33 res,
1284 1881 89 33 sed
1335 1881 115 33 etiam
1412 1881 115 33 quoad
1488 1881 115 33 verba
1564 1881 64 33 &
1590 1881 140 33 phrases
1692 1881 64 33 &
1717 1881 140 33 ordinem
1806 1881 64 33 di-

1070 1915 124 36 vinitus
1160 1915 146 36 inspirati
1272 1915 101 36 sunt;
1340 1915 113 36 quique
1419 1915 158 36 autoritate
1542 1915 113 36 divina
1621 1915 90 36 sunt
1677 1915 124 36 publico
1756 1915 124 36 Ecclesiae

1070 1942 88 37 dati
1125 1942 55 37 &
1147 1942 187 37 sanctificati,
1301 1942 66 37 ut
1334 1942 110 37 essent
1411 1942 110 37 regula
1488 1942 143 37 veritatis
1598 1942 66 37 in
1631 1942 88 37 fide
1686 1942 55 37 &
1708 1942 132 37 moribus.
1796 1942 77 37 Atque

1052 1979 74 38 hi
1089 1979 99 38 sunt
1151 1979 99 38 quos
1213 1979 99 38 Deus
1275 1979 87 38 per
1324 1979 161 38 Prophetas
1448 1979 62 38 &
1473 1979 161 38 Apostolos
1597 1979 149 38 scripsit
1709 1979 87 38 aut
1746 1979 124 38 approba-

1066 2009 91 38 vit,
1122 2009 57 38 &
1145 2009 159 38 autoritate
1270 2009 136 38 Spiritus
1373 2009 159 38 obsignavit
1486 2009 205 38 sanctificavitque

1114 2036 163 41 AEquivoce
1240 2036 151 41 Canonici
1353 2036 151 41 dicuntur
1466 2036 88 41 qui
1516 2036 151 41 secundum
1629 2036 125 41 partes
1716 2036 100 41 suas
1767 2036 100 41 singu-

1060 2073 82 36 las
1107 2073 140 36 universe
1212 2073 82 36 nec
1259 2073 140 36 veritati
1364 2073 117 36 primae
1445 2073 58 36 &
1469 2073 128 36 divinae
1562 2073 82 36 per
1609 2073 105 36 omnia
1679 2073 163 36 respondent
1795 2073 82 36 divi-

1064 2107 113 36 nitus,
1143 2107 79 36 nec
1188 2107 158 36 autoritate
1311 2107 113 36 divina
1390 2107 124 36 publico
1480 2107 146 36 Ecclesiae
1593 2107 90 36 dati
1649 2107 101 36 atque
1716 2107 180 36 sanctificat,

1052 2140 116 38 sunt,
1129 2140 90 38 sed
1181 2140 129 38 humano
1271 2140 154 38 arbitrio
1386 2140 64 38 &
1412 2140 141 38 humanam
1515 2140 180 38 autoritate
1656 2140 154 38 Canonici
1759 2140 116 38 habiti-

1061 2175 115 38 Major
1138 2175 102 38 vera
1202 2175 89 38 est
1253 2175 77 38 de
1291 2175 128 38 libris
1381 2175 89 38 qui
1432 2175 141 38 univoce
1534 2175 153 38 Canonici
1649 2175 166 38 dicuntur:
1777 2175 115 38 Minor
1841 2175 38 38 &

1062 2212 150 46 probatio
1174 2212 100 46 ejus
1237 2212 75 46 de
1274 2212 88 46 iis
1324 2212 88 46 qui
1374 2212 175 46 aequivoce.
1512 2212 88 46 Non
1562 2212 150 46 procedit
1674 2212 125 46 igitur
1749 2212 125 46 argumen-

1059 2240 90 41 tatio¬

1246 2269 355 47 OCTAVVM.

1115 2300 152 49 Quicunque
1232 2300 105 49 libri
1303 2300 94 49 sunt
1361 2300 129 49 sancti,
1455 2300 70 49 ij
1490 2300 94 49 sunt
1548 2300 129 49 univoce
1642 2300 59 49 &
1665 2300 129 49 proprie
1747 2300 129 49 Canonici.

1042 2439 174 48 Idivinitus,
1182 2439 128 48 negatur

1117 2341 69 43 At
1152 2341 69 43 hi
1187 2341 104 43 libri
1256 2341 92 43 sunt
1313 2341 127 43 sancti.
1394 2341 69 43 Ergo

1103 2370 115 44 RESP.
1180 2370 180 44 Distinguo:
1321 2370 167 44 Quicunque
1450 2370 115 44 libri
1527 2370 103 44 sunt
1591 2370 141 44 sancti,
1693 2370 141 44 nimirum
1783 2370 90 44 divi-

1056 2411 117 45 nitus,
1138 2411 70 45 ij
1173 2411 94 45 sunt
1232 2411 129 45 univoce
1326 2411 59 45 &
1349 2411 129 45 proprie
1443 2411 152 45 Canonici.
1560 2411 70 45 At
1595 2411 82 45 hos
1642 2411 117 45 libros
1724 2411 94 45 esse
1771 2411 105 45 sanctos

1098 2469 151 40 Replicant
1214 2469 151 40 Papistae:
1330 2469 93 40 Quod
1388 2469 139 40 allegant
1492 2469 151 40 Apostoli,
1608 2469 81 40 est
1654 2469 162 40 diuvinitus
1770 2469 116 40 sanctum,

1092 2507 81 41 Hos
1139 2507 116 41 libros
1220 2507 139 41 allegant
1324 2507 151 41 Apostoli:
1440 2507 93 41 Ergo
1498 2507 93 41 sunt
1556 2507 162 41 diuvinitus
1672 2507 93 41 sancti

1109 2542 116 40 RESP.
1186 2542 128 40 Primo,
1276 2542 154 40 Fallacia
1392 2542 90 40 est
1443 2542 90 40 non
1495 2542 128 40 causae
1585 2542 77 40 in
1623 2542 206 40 propositione
1777 2542 103 40 majore

1062 2568 87 42 Non
1111 2568 99 42 enim
1173 2568 99 42 quia
1235 2568 161 42 divinitus
1359 2568 149 42 sanctum,
1470 2568 99 42 ideo
1532 2568 149 42 adducunt
1644 2568 149 42 Apostoli
1755 2568 149 42 quicquio

1061 2607 164 35 adducunt,
1187 2607 88 35 sed
1238 2607 101 35 quia
1300 2607 151 35 adducunt
1414 2607 164 35 Apostoli,
1539 2607 75 35 eo
1577 2607 214 35 sanctificatur
1741 2607 138 35 divinitus

1073 2645 102 39 quod
1137 2645 115 39 antea
1214 2645 90 39 non
1265 2645 102 39 erat
1329 2645 153 39 sunctum.
1444 2645 115 39 Sicut
1521 2645 205 39 Tertullianus
1687 2645 115 39 libro
1764 2645 115 39 primo
1828 2645 51 39 ac

1072 2675 122 34 xorem,
1157 2675 97 34 cap.
1218 2675 73 34 8.
1254 2675 158 34 sapienter
1376 2675 122 34 dicit:
1461 2675 158 34 Convictum
1582 2675 109 34 atque
1655 2675 158 34 commercia
1777 2675 85 34 Deo
1813 2675 61 34 di-

1059 2704 83 43 gna
1106 2704 142 43 sectare,
1213 2704 106 43 memor
1284 2704 118 43 illius
1366 2704 154 43 versiculi
1484 2704 189 43 sanctificati
1638 2704 83 43 per
1685 2704 165 43 Apostolum:
1803 2704 83 43 Bonos

1062 2740 168 40 corrumpunt
1194 2740 120 40 mores,
1278 2740 168 40 congressus
1410 2740 120 40 pravi.
1493 2740 156 40 Similiter
1613 2740 204 40 sanctificavit
1769 2740 120 40 Spiritus

1067 2771 139 35 Sanctus
1168 2771 88 35 per
1219 2771 126 35 Paulum
1307 2771 176 35 sententiam
1445 2771 126 35 Arati,
1533 2771 63 35 &
1559 2771 76 35 το
1596 2771 126 35 οτινος
1685 2771 126 35 ἐτμδε.
1773 2771 88 35 Sed
1810 2771 76 35 edi-

1074 2802 103 40 ctum
1139 2802 245 40 Nebucadnetzaris
1345 2802 142 40 Daniel.
1449 2802 78 40 4.
1488 2802 220 40 sanctificatum
1668 2802 90 40 est
1720 2802 90 40 per
1759 2802 129 40 Danielem

1059 2834 166 49 Prophetam.

1122 2865 139 52 Secundo,
1227 2865 105 52 minor
1297 2865 163 52 propositio
1424 2865 81 52 est
1459 2865 93 52 falsa.

1122 2906 84 42 Eam
1170 2906 84 42 sic
1218 2906 133 42 probare
1315 2906 145 42 nituntur
1423 2906 133 42 Papani,
1520 2906 96 42 quia
1580 2906 96 42 Rom.
1640 2906 72 42 11
1676 2906 72 42 v.
1712 2906 84 42 34.
1761 2906 60 42 &
1785 2906 72 42 1.
1809 2906 72 42 Cor-

1059 2940 66 33 2.
1092 2940 66 33 v.
1125 2940 78 33 16.
1170 2940 100 33 citat
1236 2940 111 33 Paulus
1314 2940 66 33 ex
1347 2940 111 33 libris
1425 2940 155 33 Sapientiae
1547 2940 89 33 cap.
1602 2940 66 33 9.
1635 2940 55 33 v
1657 2940 66 33 13
1691 2940 89 33 Quis
1746 2940 89 33 enim
1790 2940 89 33 cogno-

1074 2971 87 41 vit
1123 2971 124 41 mentem
1210 2971 137 41 Domini?
1310 2971 162 41 Similiter
1434 2971 100 41 quod
1496 2971 137 41 legitur
1596 2971 112 41 Hebr.
1671 2971 75 41 1.
1708 2971 75 41 v.
1745 2971 75 41 3.
1783 2971 87 41 Qui
1820 2971 62 41 cum

1066 3002 78 40 sit
1110 3002 133 40 splendor
1210 3002 122 40 gloriae
1299 3002 56 40 &
1321 3002 144 40 character
1433 3002 189 40 subsistentiae
1588 3002 100 40 ejus,
1655 3002 100 40 ajunt
1721 3002 111 40 sumtum
1799 3002 67 40 ex
1821 3002 56 40 ca-

1070 3038 65 43 7.
1103 3038 163 43 Sapientiae,
1233 3038 54 43 &
1255 3038 87 43 Rom.
1309 3038 76 43 12.
1353 3038 65 43 v.
1386 3038 76 43 19.
1429 3038 65 43 ex
1462 3038 185 43 Ecclesiastici
1614 3038 76 43 28.
1658 3038 65 43 v.
1690 3038 76 43 12.
1734 3038 76 43 Non
1777 3038 87 43 ipsi
1821 3038 65 43 vos-

1064 3069 77 41 met
1108 3069 166 41 ulciscentes
1241 3069 132 41 dilecti,
1329 3069 55 41 &c.

1113 3097 132 42 RESP.
1201 3097 118 42 Hego
1275 3097 191 42 Apostolum
1422 3097 147 42 Paulum
1525 3097 176 42 quicquam
1657 3097 88 42 ex
1701 3097 206 42 Sapientiae
1848 3097 44 42 &

1065 3125 204 44 Ecclesiastici
1233 3125 108 44 libro
1305 3125 132 44 citare:
1401 3125 108 44 sicut
1473 3125 84 44 nec
1522 3125 72 44 in
1558 3125 204 44 testimoniorum
1726 3125 60 44 a
1750 3125 132 44 Christo
1834 3125 48 44 e.

1074 3170 146 43 postolis
1183 3170 73 43 in
1220 3170 97 43 Novo
1280 3170 170 43 Testamento
1414 3170 73 43 ex
1451 3170 122 43 Voteri
1536 3170 158 43 citatorum
1657 3170 134 43 Indice,
1754 3170 85 43 qui
1803 3170 85 43 est
1839 3170 49 43 ut
