2063 3432
247 165 110 51 MAGIA
320 165 171 51 diabolica,
454 165 85 51 est
503 165 244 51 exsecrabilissima
710 165 195 51 idololatria,
868 165 97 51 quum
929 165 146 51 quispiam
1026 165 37 51 A

207 212 132 39 malorum
303 212 156 39 spirituum
423 212 168 39 consortio,
555 212 168 39 consiliis,
686 212 132 39 artibus
782 212 72 39 ad
818 212 132 39 secreta
902 212 132 39 futuraque

206 242 211 44 cognoscenda,
378 242 92 44 aut
430 242 79 44 ad
470 242 119 44 falsa
549 242 159 44 miracula
668 242 132 44 edenda
761 242 198 44 fallendorum
906 242 119 44 hominum

213 278 109 52 gratia
278 278 98 52 utitumr

250 301 165 47 Superstitio
382 301 99 47 etiam
448 301 77 47 est
492 301 77 47 cum
536 301 110 47 certis
613 301 121 47 vocibus
700 301 143 47 recitatis
810 301 77 47 aut
854 301 132 47 scriptis
953 301 55 47 &
964 301 55 47 ap¬-

206 339 121 49 pensis
291 339 73 49 de
327 339 109 49 collo
399 339 157 49 tribuitur
520 339 85 49 vis
569 339 133 49 sanandi
665 339 133 49 morbos,
762 339 157 49 inferendi
883 339 133 49 morbos,
968 339 60 49 &c.

222 369 108 40 Atqui
294 369 108 40 veoes
366 369 84 40 vim
414 369 108 40 talem
485 369 84 40 nec
533 369 60 40 a
557 369 120 40 natura
641 369 132 40 habent,
737 369 84 40 nec
785 369 72 40 ab
821 369 180 40 ordinatione
952 369 72 40 Dei.

220 411 80 40 Non
265 411 57 40 a
288 411 125 40 natura:
379 411 91 40 quia
436 411 68 40 si
470 411 102 40 voces
538 411 57 40 a
561 411 114 40 natura
641 411 80 40 non
686 411 91 40 sunt
743 411 102 40 ortae
812 411 80 40 nec
857 411 57 40 a
880 411 114 40 natura
948 411 80 40 quic¬-

224 443 94 45 quam
283 443 187 45 significant,
435 443 82 45 sed
482 443 70 45 ab
517 443 129 45 hominum
610 443 164 45 instituto,
739 443 164 45 voluntate,
867 443 152 45 consensu:
973 443 58 45 tum

213 472 111 45 multo
287 472 111 45 minus
361 472 62 45 a
386 472 124 45 natura
472 472 124 45 habent
559 472 148 45 effectus
658 472 136 45 naturales

248 498 170 46 Superstitio
384 498 114 46 igitur
463 498 91 46 erat
520 498 68 46 in
554 498 136 46 eligendo
656 498 102 46 cultu
724 498 91 46 Dei,
781 498 79 46 vel
827 498 79 46 iis
872 498 114 46 quibus
940 498 91 46 cultum

213 534 135 45 divinum
311 534 159 45 impendit:
433 534 86 45 vel
482 534 110 45 modum
556 534 135 45 excedit
654 534 74 45 in
691 534 147 45 colendo,
801 534 61 45 &
826 534 184 45 serviliter,
961 534 61 45 mu¬-

221 571 140 50 liebriter,
331 571 140 50 pueriliter
441 571 60 50 se
461 571 80 50 gerit,

255 598 148 52 Proprius
366 598 74 52 ei
403 598 111 52 timor
477 598 185 52 sinistrorum
625 598 148 52 eventuum
736 598 74 52 in
774 598 99 52 vita
835 598 62 52 &
860 598 185 52 actionibus,
996 598 37 52 &

212 641 97 42 hinc
273 641 183 42 inquietudo:
419 641 97 42 quae
480 641 122 42 animos
565 641 171 42 deprimunt,
699 641 61 42 &
723 641 73 42 ad
760 641 122 42 nullam
845 641 85 42 tem
894 641 122 42 seriam
967 641 61 42 aut

214 675 105 46 altam
284 675 152 46 patiuntur
389 675 140 46 applicari¬-

249 701 129 49 Itaque
339 701 90 49 cum
391 701 155 49 omnibus,
507 701 90 49 tum
559 701 129 49 maxime
650 701 155 49 Principi
766 701 65 49 &
792 701 194 49 Magistratui
934 701 103 49 cuivis

214 739 137 46 fugienda:
320 739 84 46 etsi
372 739 63 46 in
404 739 95 46 rebus
467 739 137 46 tristibus
573 739 74 46 aut
615 739 126 46 adversis
709 739 95 46 saepe
773 739 63 46 se
804 739 137 46 insinuat,
910 739 63 46 in
931 739 105 46 frivolis

221 775 77 44 aut
265 775 110 44 parvis
342 775 66 44 se
363 775 121 44 ostendit:

234 798 86 54 Nec
283 798 123 54 populo
369 798 135 54 utilis:
467 798 98 54 quia
528 798 86 54 tum
577 798 110 54 viles
651 798 61 54 &
675 798 196 54 formidolosos
835 798 123 54 animos
921 798 135 54 reddit,
1007 798 61 54 tum

213 848 75 35 ad
250 848 112 35 motus
325 848 87 35 aut
374 848 187 35 rebellionem
512 848 149 35 proniores.

255 868 85 59 Nec
304 868 146 59 Principi
413 868 85 59 aut
462 868 183 59 Magistratui
608 868 170 59 Christiano
742 868 85 59 fas
791 868 110 59 illam
864 868 158 59 approbare
973 868 61 59 aut

202 906 116 41 fovere,

446 933 139 59 Tantum
543 933 83 59 de
585 933 125 59 falsa
654 933 167 59 religione.

244 973 122 48 Religio
333 973 145 48 simulata,
444 973 78 48 est
488 973 78 48 cum
533 973 133 48 externus
633 973 111 48 cultus
711 973 167 48 praestatur,
844 973 78 48 vel
889 973 111 48 potius
955 973 67 48 simu

211 1015 119 42 latur,
294 1015 119 42 absque
377 1015 131 42 interna
472 1015 154 42 veritate:
591 1015 119 42 qualis
674 1015 83 42 est
721 1015 190 42 hypocritatum
876 1015 131 42 religio
959 1015 71 42 quam

211 1050 88 52 Deus
266 1050 110 52 damnat
343 1050 99 52 Jesa.
409 1050 66 52 1.
442 1050 66 52 v.
475 1050 77 52 11,
519 1050 55 52 &
530 1050 88 52 seqque

248 1093 153 45 Hactenus
363 1093 140 45 fuerunt
465 1093 166 45 disparata
593 1093 179 45 religionis
734 1093 115 45 verae
810 1093 89 45 seu
849 1093 140 45 pietatis:

471 1135 194 53 sequuntur
605 1135 179 53 contraria.

423 1181 356 62 CAPUTII

212 1253 85 45 In
254 1253 99 45 quo
311 1253 85 45 de
353 1253 212 45 irreligione
523 1253 99 45 seu
579 1253 198 45 impietate,
734 1253 113 45 quae
805 1253 71 45 e
833 1253 169 45 diametro
946 1253 85 45 con¬-

357 1300 144 54 traria
458 1300 101 54 est
515 1300 188 54 religioni
660 1300 72 54 &
689 1300 159 54 pietati
790 1300 115 54 verae.

215 1356 182 52 PTRRELIGIO
358 1356 91 52 seu
410 1356 169 52 impietas,
540 1356 91 52 est
592 1356 91 52 cum
644 1356 156 52 beluinae
761 1356 143 52 quaedam
865 1356 143 52 hominum
956 1356 65 52 ha¬-

237 1392 123 47 turae,
323 1392 98 47 Deum
384 1392 86 47 aut
433 1392 123 47 saltem
519 1392 196 47 providentiam
678 1392 86 47 Dei
727 1392 98 47 esse
788 1392 135 47 negant,
886 1392 86 47 aut
923 1392 110 47 quamvis

249 1425 100 41 Deum
311 1425 75 41 se
348 1425 112 41 nosse
423 1425 125 41 verbis
510 1425 212 41 profiteantur,
684 1425 125 41 factis
772 1425 112 41 tamen
846 1425 100 41 suis
909 1425 125 41 impiis
996 1425 87 41 ab¬

207 1461 127 46 negant.
300 1461 127 46 Vocatur
392 1461 115 46 Graece
472 1461 138 46 ἀσίρεια,
576 1461 92 46 item
634 1461 161 46 αθρήσκεια,
760 1461 207 46 Irreligiositas
933 1461 127 46 vocatur

214 1494 62 36 a
238 1494 186 36 Tertulliano
387 1494 186 36 Apologetico
536 1494 149 36 adversus
647 1494 136 36 Gentes,
746 1494 74 36 c.
771 1494 62 36 24.

251 1521 95 42 Eaque
315 1521 74 42 est
357 1521 84 42 vera
410 1521 137 42 fatuitas,
515 1521 148 42 stultitiae
631 1521 158 42 stoliditas,
758 1521 127 42 insania:
853 1521 116 42 ejusque
927 1521 95 42 sectato

211 1563 74 39 res
254 1563 84 39 sunt
306 1563 105 39 fatui,
380 1563 116 39 stulti,
465 1563 127 39 stolidi,
559 1563 116 39 insani,
644 1563 74 39 qui
686 1563 116 39 ratione
770 1563 74 39 sua
813 1563 137 39 abutuntur
918 1563 63 39 ad
939 1563 95 39 insani¬-

212 1597 76 41 am,
256 1597 87 41 Prov
310 1597 65 41 1.
343 1597 65 41 v.
375 1597 76 41 22.
419 1597 109 41 Psalm.
495 1597 76 41 14.
539 1597 65 41 v.
560 1597 44 41 1.

248 1629 152 45 Impietas
363 1629 89 45 est
413 1629 140 45 omnibus
515 1629 114 45 modis
579 1629 152 45 fugienda;,

253 1653 68 51 I.
287 1653 91 51 Quia
344 1653 159 51 prohibetur
469 1653 57 51 a
491 1653 91 51 Deo.
548 1653 102 51 Prov.
616 1653 68 51 1.
651 1653 68 51 v.
685 1653 80 51 22.
730 1653 136 51 Quousque
832 1653 57 51 o
855 1653 114 51 fatui,
923 1653 114 51 amabitis

226 1686 165 43 fatuitatem:
358 1686 55 43 &
380 1686 143 43 derisores
490 1686 154 43 derisionem
611 1686 176 43 desiderabunt
753 1686 99 43 sibi:
819 1686 55 43 &
841 1686 121 43 stolidi
929 1686 88 43 odio
973 1686 55 43 ha¬-

219 1728 122 43 bebunt
304 1728 171 43 scientiam?
438 1728 85 43 II.
487 1728 98 43 Quia
548 1728 85 43 Deo
597 1728 171 43 displicet,
731 1728 122 43 Psalm.
817 1728 73 43 5,
854 1728 73 43 6,
890 1728 73 43 7.
927 1728 85 43 Nam
976 1728 85 43 non
1012 1728 49 43 es

222 1766 93 38 Deus
280 1766 116 38 fortis
361 1766 81 38 qui
407 1766 162 38 delectetur
535 1766 185 38 improbitate:
685 1766 81 38 non
731 1766 81 38 est
778 1766 185 38 commoraturum
928 1766 93 38 apud
974 1766 58 38 te¬-

219 1795 117 38 malum.
301 1795 82 38 Non
348 1795 164 38 consistunt
477 1795 117 38 insani
559 1795 59 38 e
583 1795 129 38 regione
677 1795 141 38 oculorum
782 1795 129 38 tuorum:
876 1795 117 38 odisti
946 1795 94 38 omnes.

225 1828 83 40 qui
272 1828 118 40 operam
355 1828 95 40 dant
414 1828 177 40 iniquitati.
556 1828 165 40 Perditurus
686 1828 71 40 es
722 1828 154 40 loquentes
840 1828 154 40 medacium:
946 1828 83 40 virum

218 1865 208 41 sanguinarium
387 1865 65 41 &
413 1865 143 41 dolosum
517 1865 182 41 abominatur
660 1865 143 41 Iehova.
764 1865 104 41 III.
829 1865 104 41 Quia
894 1865 91 41 est
933 1865 104 41 causa¬-

213 1898 206 40 infelicitatis
382 1898 109 40 omnis
455 1898 182 40 magnarumque
600 1898 194 40 calamitatum,
758 1898 97 40 Pro.
818 1898 73 40 1.
855 1898 73 40 v.
891 1898 85 40 24.
939 1898 61 40 &
951 1898 73 40 seqo

258 1927 169 42 Ostendunt
388 1927 78 42 id
427 1927 143 42 exempla
531 1927 78 42 in
570 1927 130 42 omnium
661 1927 143 42 ordinum
765 1927 182 42 hominibus,
908 1927 130 42 veluti
986 1927 52 42 in

216 1964 128 39 Regibus
309 1964 58 39 &
332 1964 174 39 Principibus
471 1964 139 39 aliisque
576 1964 162 39 magnatibus
703 1964 93 39 Vide
761 1964 162 39 Innocentii
889 1964 162 39 Gentillet.

212 1995 76 39 ti
250 1995 165 39 Discursum
377 1995 127 39 contra
466 1995 216 39 Machiavellum.
644 1995 203 39 Irreligionis
809 1995 102 39 sunt
872 1995 140 39 quinque
961 1995 76 39 spe¬-

214 2030 110 38 cies:
287 2030 171 38 atheismus,
422 2030 159 38 contemtus
544 2030 135 38 externi
642 2030 122 38 cultus
727 2030 98 38 Dei,
789 2030 159 38 mutilatio
911 2030 61 38 &
923 2030 98 38 corru¬-

226 2063 100 37 ptela
293 2063 112 37 cultus
371 2063 89 37 Dei,
427 2063 156 37 negligetia
549 2063 67 37 in
583 2063 100 37 cultu
650 2063 89 37 Dei,
705 2063 190 37 irreverentiae
862 2063 78 37 qua
906 2063 156 37 profanatur

213 2098 117 39 cultus
295 2098 94 39 Dei,
354 2098 70 39 ad
389 2098 94 39 quam
448 2098 199 39 irreverentiam
612 2098 141 39 pertinet
717 2098 176 39 sacrilegium
858 2098 59 39 &
881 2098 141 39 simonia.
975 2098 47 39 Vi

219 2130 72 35 de
255 2130 108 35 Hier.
327 2130 120 35 Zanch.
411 2130 72 35 in
447 2130 180 35 enarratione
591 2130 144 35 Decalogi
698 2130 72 35 in
734 2130 72 35 1.
770 2130 108 35 part.
842 2130 72 35 de
866 2130 144 35 Redemtione

495 2180 273 48 CAPUT
647 2180 122 48 V.

273 2219 133 57 Inquo
362 2219 208 57 comparata,
525 2219 193 57 coniugata
674 2219 74 57 &
703 2219 148 57 partes
792 2219 193 57 religionis,

498 2269 86 58 seu
547 2269 147 58 pietatis
645 2269 98 58 verae,

274 2317 166 46 OMPARATA.
402 2317 140 46 Religio
504 2317 64 46 &
529 2317 127 46 pietas
618 2317 102 46 vera
682 2317 178 46 pretiosior
822 2317 64 46 &
848 2317 127 46 melior
937 2317 89 46 est
975 2317 51 46 o¬-

285 2352 120 43 mnibus
369 2352 108 43 huius
441 2352 108 43 mundi
514 2352 132 43 opibus,
610 2352 168 43 favoribus,
742 2352 156 43 amicitiis
863 2352 168 43 honoribus,
983 2352 60 43 di¬-

302 2387 147 43 gnitatibus
417 2387 73 43 imo
459 2387 115 43 patria,
542 2387 136 43 parentibs
647 2387 105 43 ipsis,
720 2387 105 43 uxore,
794 2387 126 43 liberis:
888 2387 73 43 imo
930 2387 94 43 etiam
982 2387 42 43 vi

222 2421 82 34 ta,
269 2421 118 34 ppria:
352 2421 94 34 ideo
410 2421 106 34 illis
481 2421 106 34 longe
552 2421 188 34 anteponenda.
705 2421 141 34 Exempla.
810 2421 129 34 Noachus
905 2421 106 34 veram
963 2421 71 34 pie¬-

225 2456 111 33 tatem
298 2456 61 33 &
323 2456 172 33 religionem
458 2456 98 33 erga
520 2456 98 33 Deum
581 2456 160 33 praetulit
704 2456 123 33 totius
790 2456 111 33 mundi
864 2456 123 33 favori
950 2456 61 33 &
963 2456 61 33 am¬-

226 2487 110 40 citiae
303 2487 88 40 Gen.
358 2487 66 40 6.
391 2487 66 40 v.
424 2487 66 40 9.
457 2487 143 40 Abrahamus
567 2487 99 40 veram
634 2487 154 40 religionem
755 2487 143 40 praetulit
865 2487 132 40 patriae,
964 2487 55 40 &
975 2487 55 40 co.

224 2521 123 41 gnationi
316 2521 82 41 sua,
367 2521 51 41 &
387 2521 123 41 familiae
479 2521 102 41 patris
551 2521 72 41 sui
592 2521 72 41 Gen
633 2521 72 41 11.
673 2521 61 41 v.
704 2521 61 41 31
735 2521 51 41 &
755 2521 61 41 c.
786 2521 72 41 12.
827 2521 61 41 1.
857 2521 82 41 Act.
909 2521 61 41 7.
939 2521 61 41 2,
970 2521 61 41 3.
990 2521 31 41 4

228 2549 82 48 Asa
275 2549 82 48 rex
322 2549 105 48 Iudae
392 2549 105 48 veram
462 2549 163 48 religionem
590 2549 152 48 praetulit
706 2549 105 48 aviae
776 2549 93 48 suae
835 2549 128 48 Mahacae
928 2549 93 48 quam
975 2549 58 48 di¬-

227 2585 151 42 dignitate
344 2585 58 42 &
367 2585 151 42 potestate
484 2585 140 42 privavit
588 2585 128 42 propter
682 2585 175 42 introductam
821 2585 82 42 seu
868 2585 105 42 aucta
938 2585 70 42 ab
961 2585 70 42 ipsa

228 2618 176 47 idololatria
369 2618 71 47 in
405 2618 118 47 populo
487 2618 94 47 Dei,
546 2618 59 47 &
569 2618 118 47 idolum
652 2618 94 47 eius
711 2618 153 47 comminuit
828 2618 59 47 &
852 2618 129 47 exussit
946 2618 71 47 1.
969 2618 71 47 Reg.

220 2653 77 37 15.
264 2653 77 37 12,
308 2653 77 37 13.
351 2653 99 37 Socii
417 2653 131 37 Danielis
516 2653 55 37 &
537 2653 88 37 ipse
592 2653 109 37 Daniel
669 2653 88 37 vera
724 2653 153 37 religionem
844 2653 175 37 praetulerunt
975 2653 55 37 gri

225 2688 96 38 tiae
285 2688 156 38 maximorum
405 2688 108 38 Regum
478 2688 60 38 &
502 2688 108 38 vitae
574 2688 96 38 suae
634 2688 96 38 Dan.
694 2688 72 38 3.
730 2688 60 38 &
754 2688 72 38 6.
790 2688 156 38 Macchabai
911 2688 96 38 item
971 2688 60 38 &
983 2688 60 38 in¬-

225 2720 128 38 numeri
315 2720 153 38 Martyres
430 2720 64 38 &
455 2720 205 38 confessores:
622 2720 192 38 Coniugatum,
775 2720 64 38 A
801 2720 166 38 religione
916 2720 115 38 dicuntu

232 2753 142 33 religiosi
341 2753 142 33 ἔυλκοείς,
450 2753 153 33 evνσεθεις,
570 2753 131 33 quatenus
668 2753 174 33 observationi
810 2753 109 33 primae
886 2753 120 33 tabulae
963 2753 76 33 Deca¬-

235 2783 87 44 logi
289 2783 87 44 sunt
344 2783 130 44 addicti,
442 2783 65 44 ut
474 2783 87 44 fuit
528 2783 109 44 Simeon
604 2783 87 44 ille
659 2783 109 44 senex,
735 2783 65 44 de
767 2783 76 44 quo
811 2783 76 44 Luc
854 2783 65 44 2.
887 2783 76 44 25.
930 2783 54 44 &
941 2783 98 44 Cornele

237 2815 120 46 Centurio
327 2815 80 46 Act.
377 2815 70 46 10.
417 2815 60 46 2.
447 2815 140 46 σepόμetos,
557 2815 60 46 id
587 2815 80 46 est,
637 2815 140 46 religiosi,
746 2815 130 46 proselyti
846 2815 80 46 vero
896 2815 100 46 dicunt
966 2815 50 46 a
976 2815 70 46 Luca¬-

240 2848 90 44 Act.
296 2848 79 44 13.
341 2848 79 44 43.
387 2848 136 44 extranei
488 2848 79 44 seu
534 2848 136 44 gentiles
635 2848 147 44 Iudaismum
748 2848 124 44 amplexi
839 2848 57 44 &
861 2848 170 44 circumcisi:
986 2848 57 44 sic

234 2881 58 40 &
258 2881 150 40 σεζομινας
373 2881 138 40 γναικας,
476 2881 161 40 religiosas
603 2881 150 40 foeminas,
718 2881 69 40 v.
752 2881 81 40 50.
798 2881 104 40 vocat
867 2881 138 40 mulieres
959 2881 81 40 Mosat

238 2916 85 44 cam
286 2916 97 44 Lege
347 2916 158 44 amplexas,
469 2916 122 44 quibus
554 2916 109 44 tamen
627 2916 170 44 incognitus
760 2916 97 44 erat
821 2916 134 44 Christi
906 2916 134 44 adventus.

254 2941 91 58 Quod
310 2941 125 58 denique
401 2941 170 58 partitionem
537 2941 136 58 attinet,
639 2941 159 58 Religionis
763 2941 102 58 verae
831 2941 113 58 partes
899 2941 136 58 generatinm

245 2973 94 58 sunt:
307 2973 105 58 rectus
381 2973 63 58 de
412 2973 73 58 Deo
454 2973 105 58 sensus
528 2973 52 58 &
549 2973 63 58 in
580 2973 73 58 eum
622 2973 105 58 cultus
695 2973 63 58 ex
727 2973 157 58 praescripto
853 2973 94 58 verbi
916 2973 94 58 eius.
968 2973 63 58 Par¬-

257 3010 65 53 es
290 3010 119 53 proinde
376 3010 98 53 verae
442 3010 152 53 religionis
561 3010 87 53 sunt
615 3010 141 53 speciatim
723 3010 98 53 omnes
789 3010 141 53 virtutes,
897 3010 87 53 quae
951 3010 65 53 in
973 3010 65 53 pri¬-

245 3036 66 51 ma
278 3036 110 51 iabula
355 3036 132 51 Decalogi
455 3036 199 51 praecipiuntur,
620 3036 66 51 ut
653 3036 99 51 sunt:
719 3036 99 51 fides
785 3036 77 51 qua
829 3036 99 51 verbo
896 3036 77 51 Dei
929 3036 99 51 credim:

254 3074 123 48 cognitio
346 3074 82 48 Dei,
397 3074 113 48 fiducia
479 3074 62 48 in
510 3074 82 48 Deo,
561 3074 82 48 spes
613 3074 62 48 in
643 3074 82 48 Deo,
695 3074 123 48 charitas
787 3074 82 48 erga
838 3074 92 48 Deum,
900 3074 92 48 timor
961 3074 72 48 Dei
992 3074 51 48 fi¬-

245 3100 113 57 lialis,
327 3100 133 57 numilitas
429 3100 92 57 coram
490 3100 82 57 Deo,
542 3100 143 57 patientia,
654 3100 123 57 servitus
746 3100 72 57 Deo
787 3100 113 57 debita,
869 3100 72 57 hoc
910 3100 82 57 est,
951 3100 92 57 oratios

254 3138 137 53 religiosa
360 3138 63 53 ad
391 3138 95 53 Deum,
454 3138 137 53 confessio
559 3138 147 53 veritatis,
675 3138 95 53 gelus
738 3138 74 53 pro
780 3138 105 53 gloria
854 3138 84 53 Dei,
906 3138 105 53 rituum
980 3138 53 53 a
990 3138 53 53 Deo

260 3173 165 54 nstitutorum
392 3173 110 54 debita
469 3173 66 54 ob
502 3173 143 54 servatio,
612 3173 77 54 &c.
656 3173 176 54 Synecdochice
799 3173 99 54 autem
865 3173 165 54 servitutis,
986 3173 55 54 ite

256 3199 114 68 imoris
336 3199 80 68 Dei
381 3199 137 68 vocabulo
485 3199 92 68 tota
542 3199 126 68 religio
633 3199 195 68 coprehenditur
794 3199 114 68 passim
874 3199 69 68 in
897 3199 137 68 Scriptura.

1330 189 268 68 CAPUT
1479 189 149 68 VI.

1060 254 93 76 In
1107 254 109 76 quo
1169 254 217 76 virtutibus
1340 254 140 76 antea
1433 254 217 76 enumeratis
1603 254 109 76 per
1665 254 217 76 δεχετομίαν
1820 254 78 76 dia

1160 303 203 60 stincte
1307 303 185 60 agitur
1437 303 111 60 DE
1492 303 148 60 FIDE
1566 303 203 60 SALVITICA

1107 365 128 50 PELIGIO
1201 365 82 50 seu
1247 365 128 50 pietas,
1340 365 70 50 si
1375 365 128 50 stricte
1469 365 175 50 accipiatur,
1608 365 128 50 differt
1702 365 58 50 a
1725 365 105 50 cultu
1795 365 93 50 DEI,
1841 365 47 50 dt

1134 410 105 42 causa
1204 410 70 42 ab
1239 410 128 42 effecto
1333 410 82 42 Nam
1379 410 128 42 religio
1473 410 82 42 seu
1520 410 117 42 pietas
1601 410 82 42 est
1648 410 105 42 causa
1718 410 128 42 interna
1800 410 93 42 cultus

1144 436 90 52 Dei:
1200 436 67 52 at
1233 436 112 52 cultus
1312 436 78 52 Dei
1357 436 78 52 est
1402 436 123 52 proprie
1491 436 101 52 actio
1559 436 78 52 seu
1603 436 90 52 opus
1660 436 56 52 a
1682 436 146 52 religione
1794 436 78 52 seu
1828 436 67 52 pie¬-

1072 477 97 37 cate
1132 477 206 37 proficiscens:
1302 477 145 37 Quanquam
1411 477 157 37 plerunque
1532 477 85 37 per
1580 477 182 37 metonymiam,
1726 477 145 37 religio,
1822 477 73 37 pie¬-

1072 510 87 32 tas
1121 510 62 32 &
1146 510 124 32 cultus
1233 510 87 32 Dei
1283 510 87 32 pro
1333 510 112 32 eodem
1395 510 137 32 sumantur.

1101 539 105 46 Opera
1171 539 163 46 religionis
1300 539 58 46 &
1323 539 152 46 pietatis,
1440 539 93 46 sunt
1498 539 140 46 virtutes
1603 539 152 46 immediati
1720 539 117 46 cultus
1802 539 93 46 Dei,
1848 539 47 46 in

1084 574 122 42 quibus
1169 574 134 42 directe
1267 574 159 42 consistit
1389 574 134 42 nostrum
1486 574 98 42 erga
1547 574 98 42 Deum
1596 574 122 42 officium

1101 602 128 50 Suntque
1195 602 82 50 vel
1241 602 128 50 interni
1335 602 117 50 tantum
1416 602 117 50 cultus
1498 602 93 50 Dei,
1557 602 82 50 vel
1603 602 105 50 simul
1673 602 128 50 interni
1767 602 58 50 &
1778 602 117 50 externi.

1077 645 113 37 interni
1159 645 103 37 tantum
1231 645 103 37 cultus
1303 645 72 37 Dei
1344 645 92 37 sunt:
1405 645 92 37 fides
1467 645 144 37 salvifica,
1580 645 82 37 vera
1631 645 123 37 cognitio
1724 645 82 37 Dei,
1775 645 113 37 fiducia
1847 645 41 37 in

1069 666 85 44 Dei,
1123 666 85 44 spes
1176 666 64 44 in
1208 666 85 44 Deo,
1262 666 128 44 charitas
1358 666 85 44 erga
1411 666 96 44 Deum,
1475 666 118 44 fidelis
1561 666 96 44 timor
1625 666 85 44 Dei,
1678 666 139 44 humilitas
1785 666 85 44 cora
1828 666 64 44 Deo,

1074 704 64 44 &
1100 704 180 44 patientia.
1241 704 115 44 FIDES
1318 704 180 44 SALVIPICA,
1459 704 90 44 est
1510 704 128 44 virtus
1600 704 128 44 animae
1690 704 128 44 infusa
1780 704 90 44 per
1818 704 77 44 S.S.

1063 741 81 43 ut
1104 741 95 43 per
1158 741 95 43 eam
1212 741 149 43 tanquam
1320 741 216 43 instiumentum
1496 741 149 43 homines
1604 741 257 43 iustificationem
1807 741 95 43 coram

1067 772 90 52 Deo
1118 772 64 52 &
1144 772 141 52 salutem
1247 772 205 52 consequantur
1413 772 154 52 aeternam
1529 772 90 52 per
1580 772 64 52 &
1606 772 141 52 propter
1708 772 167 52 Christum.
1824 772 64 52 Ap¬-

1070 808 130 46 pellatur
1168 808 97 46 etiam
1232 808 97 46 fides
1297 808 173 46 iustificans:
1438 808 141 46 nominatur
1546 808 97 46 etiam
1611 808 97 46 fides
1676 808 130 46 Christi,
1773 808 97 46 fides
1827 808 65 46 gra¬-

1069 845 88 40 tiae
1124 845 176 40 Christianae,
1267 845 66 40 id
1300 845 88 40 est,
1355 845 88 40 quae
1410 845 77 40 per
1454 845 165 40 dilectionem
1586 845 143 40 operatur,
1696 845 88 40 quae
1751 845 121 40 neminem
1828 845 55 40 per

1074 866 82 53 ire
1121 866 164 53 permittit,
1250 866 70 53 ut
1285 866 140 53 loquitur
1390 866 164 53 Augustinus
1519 866 117 53 quarto
1601 866 105 53 tomo,
1671 866 105 53 libro
1742 866 70 53 de
1777 866 94 53 octo
1823 866 59 53 Dul

1067 911 101 39 citii
1134 911 191 39 quaestionibus
1291 911 124 39 quaest.
1381 911 67 39 1.
1415 911 79 39 cum
1460 911 101 39 fidem
1527 911 157 39 salvificam
1651 911 135 39 dicimus,
1752 911 101 39 fidem
1808 911 90 39 rerum.

1067 939 192 56 humanarum,
1218 939 96 56 seu
1273 939 123 56 fidem
1355 939 205 56 Theologicam
1519 939 233 56 intelligimus,
1711 939 68 56 &
1725 939 164 56 distinguit

1064 984 94 38 mus
1117 984 94 38 eam
1171 984 67 38 a
1198 984 108 38 fide
1265 984 121 38 rerum
1346 984 175 38 humanarum
1481 984 67 38 &
1508 984 81 38 in
1548 984 108 38 reb.
1615 984 162 38 humanis,
1736 984 108 38 quae
1804 984 81 38 no
1831 984 67 38 est

1078 1006 166 45 salvifica:
1209 1006 154 45 cuiusmodi
1328 1006 83 45 est
1375 1006 107 45 fides
1446 1006 166 45 assentiens
1577 1006 131 45 humanis
1672 1006 214 45 promissionibus
1839 1006 59 45 aut

1072 1043 143 39 scriptis:
1182 1043 88 39 item
1237 1043 143 39 fidelitas
1347 1043 77 39 seu
1391 1043 154 39 integritas
1513 1043 66 39 in
1546 1043 110 39 dictis
1623 1043 55 39 &
1645 1043 121 39 factis,
1733 1043 66 39 in
1766 1043 143 39 functione
1865 1043 33 39 &

1085 1083 138 39 legotiis
1188 1083 161 39 commissis,
1314 1083 92 39 Tit.
1372 1083 69 39 2.
1406 1083 80 39 10.
1452 1083 92 39 item
1510 1083 138 39 cognitio
1613 1083 103 39 certa
1682 1083 172 39 Christianae
1809 1083 80 39 liber

1070 1115 113 35 tatis
1146 1115 75 35 in
1184 1115 113 35 rebus
1259 1115 189 35 adiaphoris,
1410 1115 164 35 Romanorum
1536 1115 214 35 decimoquarto,
1712 1115 164 35 versiculo
1825 1115 63 35 vi¬-

1084 1148 211 35 gesimosecundo.
1260 1148 70 35 Tu
1295 1148 94 35 fide
1354 1148 117 35 habes,
1435 1148 94 35 apud
1494 1148 164 35 temetipsum
1623 1148 94 35 habe
1681 1148 70 35 in
1716 1148 152 35 conspectu
1822 1148 70 35 Dei.

1071 1187 95 43 Quum
1130 1187 131 43 virtute
1225 1187 95 43 esse
1285 1187 131 43 dicimus
1380 1187 119 43 animae
1463 1187 142 43 infusam,
1570 1187 190 43 distinguimus
1724 1187 71 43 ea
1759 1187 59 43 a
1771 1187 119 43 doctrina

1069 1205 135 49 Evagelii,
1173 1205 83 49 quae
1225 1205 52 49 &
1246 1205 83 49 ipsa
1298 1205 94 49 fides
1360 1205 146 49 nominatur,
1475 1205 83 49 Act.
1527 1205 62 49 6.
1558 1205 62 49 v.
1589 1205 62 49 7.
1620 1205 62 49 1.
1652 1205 83 49 Tim.
1704 1205 62 49 1.
1735 1205 73 49 19.
1776 1205 52 49 &
1797 1205 62 49 c.
1829 1205 62 49 4.
1849 1205 42 49 v.

1081 1249 62 41 1.
1112 1249 51 41 &
1132 1249 62 41 aP
1163 1249 103 41 atribs
1235 1249 134 41 frequeter
1338 1249 113 41 dicitur
1420 1249 93 41 fides
1482 1249 154 41 Christiana,
1606 1249 93 41 fides
1668 1249 144 41 Apostolica
1781 1249 103 41 fides,
1843 1249 51 41 Ca¬-

1080 1282 150 41 tholica,
1192 1282 63 41 &
1217 1282 63 41 a
1242 1282 113 41 rerum
1317 1282 63 41 a
1342 1282 88 41 Deo
1392 1282 188 41 promissarum
1542 1282 113 41 plena
1617 1282 238 41 manifestatione,
1805 1282 88 41 imple

1071 1313 105 41 tione
1141 1313 58 41 &
1164 1313 140 41 veritate
1269 1313 93 41 quae
1327 1313 58 41 a
1350 1313 128 41 Christo
1443 1313 81 41 est
1490 1313 163 41 praestita,
1618 1313 70 41 ad
1653 1313 128 41 Galatas
1746 1313 70 41 3.
1781 1313 81 41 23.
1816 1313 81 41 Ante¬-

1082 1349 88 46 quam
1137 1349 99 46 autem
1203 1349 132 46 venisset
1303 1349 110 46 fides,
1380 1349 77 46 sub
1424 1349 99 46 Legis
1490 1349 144 46 praesidio
1601 1349 199 46 custodiebamur:
1767 1349 55 46 &
1789 1349 99 46 vers.
1844 1349 55 46 25.

1088 1380 69 50 At
1122 1380 137 50 postquam
1225 1380 103 50 venit
1293 1380 114 50 fides:
1373 1380 80 50 non
1419 1380 126 50 amplius
1510 1380 80 50 sub
1556 1380 149 50 paedagogo
1670 1380 114 50 sumus.
1750 1380 69 50 Et
1785 1380 69 50 ab
1808 1380 91 50 exter¬-

1078 1416 66 45 na
1111 1416 154 45 religionis
1232 1416 176 45 professione,
1375 1416 66 45 de
1408 1416 77 45 qua
1452 1416 110 45 Jacob.
1528 1416 66 45 2.
1561 1416 77 45 24.
1605 1416 121 45 Videtis
1693 1416 110 45 igitur
1770 1416 66 45 ex
1792 1416 110 45 operibus

1076 1448 169 37 iustificari
1211 1448 124 37 hominem
1301 1448 56 37 &
1324 1448 79 37 non
1369 1448 68 37 ex
1402 1448 90 37 fide
1459 1448 124 37 tantum,
1549 1448 68 37 id
1583 1448 90 37 est,
1639 1448 124 37 externa
1729 1448 169 37 religionis,
1853 1448 45 37 p¬-

1082 1482 138 39 fessione.
1189 1482 64 39 Et
1221 1482 53 39 a
1242 1482 96 39 prima
1306 1482 96 39 fide,
1370 1482 64 39 I.
1402 1482 117 39 Timoth.
1487 1482 64 39 5.
1519 1482 75 39 12.
1562 1482 64 39 id
1594 1482 85 39 est,
1647 1482 160 39 promissione
1775 1482 85 39 quam
1817 1482 75 39 Chri¬-

1075 1516 84 43 sto
1123 1516 84 43 dat
1171 1516 181 43 Christianus
1316 1516 72 43 in
1352 1516 157 43 Baptismo:
1472 1516 96 43 haec
1533 1516 96 43 enim
1593 1516 157 43 promissio
1713 1516 157 43 praecedit
1822 1516 84 43 alias

1080 1553 124 40 omnes:
1166 1553 99 40 haec
1228 1553 87 40 est
1278 1553 111 40 prima
1352 1553 99 40 illa
1414 1553 161 40 obligatio
1538 1553 74 40 ad
1575 1553 186 40 profitendam
1724 1553 111 40 veram
1798 1553 111 40 fidem
1860 1553 37 40 &

1070 1589 185 40 religionem
1215 1589 212 40 Christianam,
1388 1589 79 40 ad
1427 1589 172 40 credendum
1560 1589 79 40 in
1599 1589 106 40 hunc
1666 1589 106 40 Deum
1732 1589 79 40 in
1772 1589 119 40 cuius
1838 1589 66 40 no¬-

1079 1621 88 34 men
1130 1621 189 34 baptizamur,
1281 1621 63 34 &
1306 1621 76 34 ad
1344 1621 151 34 colendum
1458 1621 164 34 religiose
1584 1621 113 34 illum
1647 1621 88 34 solum

1108 1649 105 46 Fides
1178 1649 151 46 salvifica
1294 1649 105 46 inter
1364 1649 139 46 virtutes
1468 1649 116 46 ordine
1550 1649 81 46 est
1596 1649 116 46 prima,
1677 1649 70 46 ut
1712 1649 151 46 sequentia
1817 1649 81 46 argu¬-

1071 1686 110 44 menta
1144 1686 172 44 ostendunt:
1279 1686 74 44 I.
1316 1686 98 44 Quia
1377 1686 98 44 ipsa
1438 1686 86 44 est
1488 1686 184 44 fundamentum
1635 1686 61 44 &
1659 1686 110 44 radix
1733 1686 123 44 totius
1806 1686 86 44 divi¬-

1086 1720 70 42 ni
1121 1720 128 42 cultus:
1214 1720 116 42 absque
1295 1720 93 42 fide
1353 1720 93 42 enim
1411 1720 81 42 nec
1457 1720 93 42 Deum
1515 1720 151 42 agnoscere
1631 1720 151 42 possumus,
1747 1720 81 42 nec
1794 1720 93 42 illi
1840 1720 58 42 fi¬-

1071 1753 106 42 dere,
1142 1753 83 42 nec
1189 1753 130 42 sperate
1284 1753 106 42 vitam
1355 1753 154 42 aeternam,
1473 1753 83 42 nec
1520 1753 106 42 illum
1591 1753 118 42 amare,
1674 1753 142 42 adorare,
1768 1753 130 42 invocare.

1088 1791 74 38 nec
1131 1791 95 38 alias
1194 1791 105 38 cultus
1267 1791 105 38 divini
1341 1791 105 38 partes
1414 1791 63 38 ei
1446 1791 147 38 praestare,
1562 1791 84 38 Heb.
1614 1791 74 38 11.
1656 1791 63 38 6.
1688 1791 95 38 Atqui
1751 1791 95 38 fieri
1814 1791 74 38 non
1845 1791 53 38 po¬-

1080 1820 102 39 test,
1148 1820 68 39 ut
1182 1820 113 39 absque
1261 1820 91 39 fide
1318 1820 136 39 quisquam
1420 1820 79 39 Deo
1465 1820 79 39 sit
1511 1820 147 39 acceptus:
1624 1820 79 39 Nam
1669 1820 79 39 qui
1715 1820 125 39 accedit
1806 1820 68 39 ad
1828 1820 57 39 Dei

1088 1850 68 37 m,
1122 1850 91 37 hunc
1179 1850 125 37 credere
1270 1850 125 37 oportet
1361 1850 91 37 esse
1418 1850 103 37 Deum,
1487 1850 57 37 &
1509 1850 125 37 praemia
1601 1850 125 37 largiri
1692 1850 80 37 iis
1737 1850 80 37 qui
1783 1850 103 37 ipsum
1840 1850 57 37 re¬-

1086 1888 152 42 quirunt
1197 1888 97 42 Hoc
1252 1888 193 42 argumentum
1403 1888 124 42 urget
1486 1888 179 42 Gregorius
1624 1888 138 42 Magnus
1721 1888 110 42 lib.
1776 1888 124 42 secundo

1076 1921 119 40 super
1155 1921 186 40 Ezechielem
1301 1921 146 40 homilia
1394 1921 159 40 decimanona

1104 1948 93 55 II.
1157 1948 106 55 Quia
1223 1948 119 55 prima
1302 1948 119 55 nobis
1382 1948 66 55 a
1408 1948 93 55 Deo
1461 1948 172 55 mandatur,
1594 1948 119 55 prima
1673 1948 66 55 a
1699 1948 119 55 nobis
1766 1948 132 55 requiri¬-

1086 1983 82 45 tur,
1137 1983 71 45 Joh
1178 1983 61 45 6.
1208 1983 71 45 28.
1249 1983 71 45 29.
1290 1983 82 45 Act.
1341 1983 71 45 16.
1381 1983 71 45 30,
1422 1983 71 45 31.
1463 1983 61 45 1.
1494 1983 82 45 Joh.
1545 1983 61 45 3.
1565 1983 51 45 23.

1104 2020 97 43 III.
1164 2020 97 43 Quia
1225 2020 109 43 prima
1298 2020 61 43 a
1322 2020 85 43 Deo
1371 2020 121 43 datur,
1455 2020 97 43 unde
1516 2020 145 43 caeterae
1625 2020 145 43 virtutes
1734 2020 109 43 omnes
1807 2020 61 43 &
1819 2020 85 43 bona;

1096 2058 94 32 pera
1155 2058 164 32 promanant,
1283 2058 94 32 Rom.
1342 2058 82 32 14.
1389 2058 82 32 23.
1435 2058 140 32 Quicquid
1541 2058 70 32 ex
1576 2058 94 32 fide
1634 2058 82 32 non
1681 2058 94 32 est,
1739 2058 140 32 peccatum
1833 2058 70 32 est.

1080 2088 92 44 Gal.
1138 2088 69 44 5.
1173 2088 69 44 5,
1207 2088 69 44 6.
1242 2088 92 44 Jac.
1299 2088 69 44 2.
1334 2088 81 44 18,
1380 2088 81 44 22.
1426 2088 81 44 Sic
1472 2088 104 44 dicit
1541 2088 150 44 Gregorius
1656 2088 115 44 Magnus
1737 2088 150 44 Episcopus
1840 2088 58 44 Ro¬-

1077 2123 117 40 manus,
1159 2123 129 40 prologo
1253 2123 187 40 expositionis
1405 2123 105 40 primi
1475 2123 105 40 libri
1546 2123 117 40 Regum:
1628 2123 70 40 In
1663 2123 117 40 salute
1745 2123 141 40 fidelium
1838 2123 59 40 fi¬-

1074 2155 78 36 des
1119 2155 134 36 operibus
1219 2155 101 36 prior
1287 2155 90 36 est.
1342 2155 67 36 Et
1376 2155 90 36 lib.
1432 2155 67 36 2.
1466 2155 101 36 super
1533 2155 112 36 Ezech.
1611 2155 123 36 homilia
1701 2155 168 36 decimanona:
1824 2155 67 36 Pri¬-

1071 2191 120 32 usquam
1155 2191 96 32 bona
1215 2191 108 32 opera
1288 2191 156 32 insinuet,
1408 2191 156 32 praedicat
1528 2191 108 32 fidem
1600 2191 84 32 per
1648 2191 96 32 quam
1709 2191 108 32 anima
1769 2191 132 32 humiliter

1071 2221 147 41 veniens,
1181 2221 73 41 ad
1218 2221 110 41 bonam
1291 2221 122 41 actuum
1377 2221 184 41 altitudinem
1524 2221 184 41 sublevetur.
1671 2221 73 41 Et
1707 2221 159 41 aliquanto
1818 2221 73 41 post

1075 2252 80 39 Non
1120 2252 160 39 virtutibus
1246 2252 126 39 venitur
1338 2252 69 39 ad
1372 2252 115 39 fidem,
1453 2252 80 39 sed
1498 2252 80 39 per
1544 2252 103 39 fidem
1613 2252 172 39 pertingitur
1751 2252 69 39 ad
1773 2252 115 39 virtutes

1087 2287 68 36 Et
1121 2287 90 36 mox:
1177 2287 146 36 Cornelius
1290 2287 135 36 Centurio
1391 2287 79 36 non
1436 2287 135 36 operibus
1537 2287 101 36 venit
1605 2287 68 36 ad
1639 2287 113 36 fidem,
1718 2287 79 36 sed
1763 2287 90 36 fide
1808 2287 90 36 venit.

1087 2324 65 41 ad
1120 2324 108 41 opera.
1195 2324 65 41 Et
1228 2324 119 41 rursus:
1314 2324 97 41 Neque
1379 2324 86 41 enim
1433 2324 119 41 poterat
1519 2324 86 41 bona
1573 2324 108 41 agere,
1649 2324 86 41 nisi
1703 2324 86 41 ante
1746 2324 151 41 credidisset.

1062 2357 78 45 IEt
1106 2357 89 45 mox:
1162 2357 78 45 Per
1207 2357 100 45 fidem
1274 2357 100 45 venit
1341 2357 67 45 ad
1374 2357 112 45 opera,
1452 2357 78 45 sed
1497 2357 78 45 per
1542 2357 100 45 opera
1608 2357 78 45 est
1653 2357 145 45 solidatus
1765 2357 67 45 in
1787 2357 78 45 fide.

1110 2385 81 47 IV.
1157 2385 92 47 Quia
1214 2385 81 47 est
1260 2385 127 47 initium
1353 2385 58 47 &
1376 2385 138 47 princeps
1480 2385 92 47 pars
1537 2385 150 47 iustitiae
1653 2385 69 47 in
1687 2385 104 47 nobis
1757 2385 150 47 inchoatae
1860 2385 35 47 &

1074 2421 106 46 nobis
1145 2421 188 46 inhaerentis,
1298 2421 71 46 I.
1333 2421 94 46 Tim.
1392 2421 71 46 1.
1427 2421 82 46 14.
1474 2421 71 46 V.
1510 2421 94 46 Quia
1568 2421 71 46 ei
1604 2421 141 46 opposita
1710 2421 177 46 infidelitas
1839 2421 59 46 est

1093 2457 111 53 rimum
1167 2457 160 53 peccatum,
1290 2457 74 53 ex
1327 2457 86 53 quo
1377 2457 99 53 alia
1438 2457 136 53 peccata
1537 2457 173 53 promanant,
1673 2457 123 53 Roman.
1759 2457 86 53 14,
1809 2457 86 53 23.
1846 2457 49 53 1.

1083 2485 78 45 Tim.
1132 2485 58 45 1.
1161 2485 68 45 13.
1200 2485 78 45 Tit.
1248 2485 58 45 1.
1268 2485 48 45 15.

1106 2519 191 44 Consentiunt
1259 2519 64 44 &
1285 2519 128 44 Patres
1374 2519 179 44 Orthodoxi.
1514 2519 128 44 Petrus
1604 2519 153 44 Diaconus
1718 2519 64 44 &
1744 2519 102 44 alii
1795 2519 102 44 Orien¬-

1073 2557 86 40 tis
1122 2557 160 40 Episcopi,
1245 2557 74 40 in
1282 2557 148 40 epistola
1393 2557 74 40 ad
1429 2557 172 40 Fulgentium
1565 2557 62 40 &
1589 2557 111 40 alios
1663 2557 135 40 Africae
1749 2557 148 40 Episcopos;

1092 2589 108 35 Abhac
1164 2589 120 35 igitur
1248 2589 168 35 damnatione
1380 2589 60 35 &
1404 2589 108 35 morte
1476 2589 120 35 nullus
1561 2589 120 35 omnino
1645 2589 168 35 liberatur,
1777 2589 96 35 nisi
1825 2589 72 35 gra¬-

1078 2621 77 41 tia
1122 2621 164 41 Redemtoris.
1253 2621 66 41 Et
1286 2621 99 41 paulo
1352 2621 99 41 post:
1418 2621 88 41 Sine
1473 2621 77 41 hac
1516 2621 110 41 igitur
1593 2621 110 41 gratia
1670 2621 110 41 potest
1747 2621 110 41 quidem
1812 2621 77 41 cogi¬-

1083 2657 93 37 tare
1142 2657 58 37 &
1165 2657 163 37 desiderare
1294 2657 128 37 humana,
1387 2657 82 37 non
1434 2657 105 37 autem
1504 2657 117 37 potest
1585 2657 140 37 cogitare
1691 2657 82 37 aut
1737 2657 105 37 velle
1796 2657 93 37 divina

1079 2692 131 38 quorum
1171 2692 131 38 primum
1262 2692 66 38 &
1289 2692 184 38 praecipuum
1433 2692 197 38 fundamentum
1590 2692 105 38 est,
1656 2692 144 38 credere
1761 2692 79 38 in
1787 2692 118 38 Dominum

1091 2719 122 43 gloriae
1180 2719 167 43 crucifixum.
1313 2719 100 43 Porro
1380 2719 100 43 fides
1446 2719 144 43 salvifica
1558 2719 78 43 est
1602 2719 78 43 tum
1647 2719 67 43 in
1680 2719 167 43 infantibus:
1813 2719 78 43 tum
1847 2719 44 43 in

1086 2758 140 36 adultis.
1192 2758 70 36 In
1227 2758 164 36 infantibus
1356 2758 105 36 fidem
1426 2758 164 36 salvificam
1555 2758 94 36 esse
1613 2758 94 36 hinc
1660 2758 117 36 constat:

1106 2783 102 44 IQuia
1173 2783 90 44 sunt
1230 2783 68 44 in
1264 2783 113 44 federe
1343 2783 79 44 Dei
1388 2783 147 44 gratuito,
1501 2783 90 44 Act.
1557 2783 68 44 2.
1591 2783 79 44 19.
1636 2783 56 44 &
1659 2783 68 44 3.
1693 2783 79 44 25.
1738 2783 79 44 II.
1783 2783 102 44 Quia,
1851 2783 79 44 il¬

1076 2820 89 38 lis
1127 2820 165 38 promissum
1254 2820 89 38 est
1305 2820 127 38 regnum
1394 2820 165 38 caelorum,
1520 2820 127 38 Matth.
1609 2820 89 38 19.
1660 2820 89 38 14.
1711 2820 102 38 III.
1774 2820 102 38 Quia
1825 2820 76 38 pla¬-

1082 2863 91 30 cent
1138 2863 80 30 Deo
1184 2863 57 30 &
1207 2863 193 30 iustificantur
1366 2863 102 30 coram
1434 2863 102 30 ipso,
1502 2863 102 30 Matt.
1571 2863 80 30 19.
1616 2863 80 30 14.
1662 2863 136 30 Omittite
1764 2863 102 30 istos
1821 2863 68 30 par¬-

1094 2891 103 47 pulos
1162 2891 57 47 &
1185 2891 69 47 ne
1219 2891 149 47 prohibete
1334 2891 80 47 eos
1379 2891 69 47 ad
1414 2891 69 47 me
1448 2891 126 47 venire.
1539 2891 91 47 Sine
1596 2891 91 47 fide
1654 2891 103 47 autem
1722 2891 171 47 impossibile
1848 2891 57 47 est

1085 2919 117 42 placere
1171 2919 85 42 Deo.
1224 2919 85 42 Heb.
1277 2919 75 42 11.
1309 2919 43 42 6.

1107 2949 71 46 V.
1143 2949 95 46 Quia
1202 2949 107 46 illos
1273 2949 142 46 Christus
1380 2949 95 46 sibi
1439 2949 118 46 adduci
1522 2949 118 46 iubet,
1605 2949 118 46 Matth.
1688 2949 83 46 19.
1735 2949 83 46 14.
1783 2949 95 46 Quid
1830 2949 71 46 ita;

1098 2991 81 36 quia
1148 2991 81 36 vita
1199 2991 81 36 est,
1249 2991 61 36 ut
1280 2991 71 36 eos
1320 2991 81 36 suis
1371 2991 141 36 participes
1482 2991 101 36 faciat
1553 2991 51 36 &
1573 2991 141 36 vivificet.

1083 3019 72 39 V.
1119 3019 96 39 Quia
1179 3019 132 39 Christo
1275 3019 180 39 inseruntur,
1418 3019 132 39 Christi
1514 3019 168 39 participes
1646 3019 120 39 fiunt:
1729 3019 144 39 alioquin
1825 3019 84 39 mane¬-

1076 3060 103 36 rent
1141 3060 116 36 filii
1218 3060 129 36 Adami,
1308 3060 64 36 &
1334 3060 116 36 morti
1411 3060 245 36 adiudicatentur.
1617 3060 90 36 Nam
1669 3060 103 36 quum
1733 3060 77 36 in
1772 3060 116 36 Adamo
1837 3060 64 36 om¬-

1084 3092 79 34 nes
1129 3092 158 34 moriantur,
1253 3092 56 34 I
1275 3092 90 34 Cor.
1331 3092 79 34 15,
1376 3092 79 34 50.
1421 3092 56 34 &
1444 3092 101 34 nulla
1511 3092 90 34 nisi
1568 3092 68 34 in
1601 3092 124 34 Christo
1691 3092 90 34 vita
1748 3092 101 34 nobis
1804 3092 90 34 restet

1093 3126 78 44 quo
1138 3126 134 44 infantes
1238 3126 123 44 (maxime
1328 3126 78 44 qui
1372 3126 67 44 in
1406 3126 123 44 tenella
1495 3126 134 44 infantia
1596 3126 157 44 moriuntur)
1719 3126 101 44 vitae
1775 3126 123 44 aeternae.

1078 3154 160 40 haeredes
1197 3154 133 40 fiant,
1291 3154 93 40 eos
1344 3154 93 40 cum
1397 3154 146 40 Christo
1504 3154 200 40 communicare
1663 3154 160 40 oportet.
1783 3154 93 40 VI.
1823 3154 80 40 Quia

1086 3189 154 37 promissus
1204 3189 83 37 est
1252 3189 106 37 illis
1322 3189 142 37 Spiritus
1429 3189 142 37 Sanctus,
1535 3189 59 37 &
1559 3189 118 37 revera
1641 3189 142 37 donantur
1747 3189 130 37 Spiritu
1830 3189 71 37 San¬-

1077 3227 97 39 cto,
1137 3227 85 39 qui
1186 3227 85 39 non
1234 3227 121 39 potest
1318 3227 97 39 esse
1379 3227 72 39 in
1415 3227 109 39 illis
1487 3227 145 39 otiosus,
1596 3227 85 39 sed
1644 3227 72 39 ab
1681 3227 72 39 eo
1705 3227 193 39 sanctificantur
