2063 3476
213 190 60 53 &
237 190 202 53 regenerantur,
404 190 107 53 sicut
475 190 71 53 ad
511 190 143 53 Jeremiam
618 190 107 53 dicit
689 190 95 53 Deus
749 190 95 53 Jer.
808 190 71 53 1.
844 190 71 53 5.
880 190 95 53 Quum
939 190 119 53 nondum
1010 190 48 53 A¬-

209 229 136 43 produsses
313 229 63 43 ex
345 229 105 43 vulva,
418 229 168 43 sanctificavi
555 229 73 43 te:
597 229 52 43 &
618 229 63 43 1.
649 229 84 43 Reg.
701 229 73 43 14.
743 229 73 43 13.
785 229 63 43 de
817 229 94 43 Abija
880 229 94 43 filio
932 229 84 43 infan¬-

207 270 69 33 te
242 270 150 33 Jarobeami
358 270 104 33 Regis
427 270 196 33 Israelitarum:
589 270 104 33 Inest
658 270 92 33 huic
716 270 58 33 e
739 270 92 33 domo
797 270 150 33 Iarobeami
912 270 127 33 aliquid

204 294 92 51 boni
261 294 92 51 erga
318 294 126 51 Iehovam
410 294 92 51 Deum
467 294 149 51 Israelis,
582 294 92 51 Luc.
639 294 69 51 1.
673 294 80 51 15.
719 294 126 51 dicitur
811 294 69 51 de
845 294 126 51 Johanne
925 294 92 51 Bapti¬-

201 334 87 51 sta:
256 334 120 51 Spiritu
343 334 109 51 Sancto
419 334 153 51 implebitur
539 334 98 51 etiam
605 334 55 51 a
626 334 109 51 ventre
703 334 109 51 matris
779 334 98 51 suae.
845 334 65 51 Et
877 334 65 51 v.
910 334 76 51 80.
954 334 87 51 Ipso

214 365 105 43 autem
284 365 140 43 puerulus
390 365 152 43 crescebat
506 365 58 43 &
530 365 210 43 corroborabatur
693 365 117 43 Spiritus

249 392 94 51 VII.
308 392 94 51 Quia
367 392 129 51 salutem
461 392 141 51 obtinent
567 392 153 51 aeternam:
684 392 106 51 licet
755 392 71 51 in
790 392 141 51 infantia
884 392 129 51 moriantur

210 435 109 39 etiam
282 435 72 39 in
319 435 109 39 utero
391 435 145 39 materno,
500 435 85 39 Jam
548 435 97 39 vero
608 435 121 39 certum
693 435 97 39 est,
753 435 133 39 neminem
850 435 133 39 salutem
934 435 85 39 eter¬-

207 464 84 43 nam
255 464 156 43 consequi,
375 464 96 43 nisi
434 464 84 43 per
470 464 96 43 fidem:

235 485 103 55 Fides
303 485 103 55 autem
371 485 148 55 salvifica
485 485 68 55 in
519 485 171 55 infantibus,
656 485 80 55 est
702 485 114 55 virtus
781 485 68 55 in
816 485 137 55 cordibus
907 485 125 55 infantium

205 532 70 41 ad
240 532 106 41 vitam
311 532 129 41 aeterna
405 532 164 41 electorum,
534 532 117 41 absque
616 532 129 41 externo
710 532 164 41 ministerio
839 532 106 41 verbi
909 532 82 41 Dei
945 532 70 41 crea

220 566 61 42 a
244 566 159 42 immediate
366 566 61 42 a
391 566 147 42 Spiritus
501 566 134 42 Sancto,
598 566 86 42 qui
647 566 86 42 pro
696 566 134 42 ipsorum
794 566 110 42 captu
867 566 61 42 &
892 566 122 42 modulo
965 566 61 42 mo¬-

211 603 81 44 tus
258 603 58 44 &
281 603 196 44 inclinationes
443 603 81 44 Deo
489 603 150 44 placentes
604 603 69 44 in
639 603 104 44 ipsis
708 603 127 44 excitat
801 603 58 44 &
824 603 69 44 si
859 603 127 44 adultam
940 603 92 44 etatem

210 638 174 35 attigerint,
350 638 139 35 paulatim
454 638 104 35 fidem
523 638 70 35 in
558 638 81 35 eis
605 638 104 35 auget
674 638 58 35 &
697 638 162 35 confirmat,
825 638 70 35 ut
860 638 81 35 non
906 638 104 35 tatum
964 638 58 35 ha¬-

219 668 105 48 bitu,
289 668 81 48 sed
336 668 105 48 etiam
405 668 140 48 deinceps
510 668 93 48 actu
568 668 140 48 credant,
673 668 151 48 veritatem
789 668 128 48 Christi
882 668 163 48 cognoscant

216 698 146 41 fiduciam
325 698 73 41 in
362 698 73 41 eo
398 698 158 41 collocent
520 698 61 41 &
544 698 85 41 Deo
593 698 122 41 vivant
678 698 73 41 ac
714 698 146 41 serviant
823 698 146 41 spiritu;
921 698 109 41 quemad¬-

211 740 107 31 modum
282 740 107 31 ratio
354 740 83 31 qua
401 740 131 31 homines
496 740 95 31 sunt
556 740 59 31 &
579 740 59 31 a
603 740 131 31 bestiis
698 740 202 31 distinguuntur
865 740 71 31 in
900 740 107 31 ipsis
960 740 59 31 est

212 773 130 40 etiamsi
307 773 83 40 cum
354 773 178 40 adolescente
496 773 118 40 aetate
579 773 107 40 demum
650 773 107 40 actus
721 773 142 40 rationis
828 773 154 40 exserant:
946 773 83 40 Aut
982 773 47 40 si

214 805 92 38 ante
272 805 104 38 annos
341 805 184 38 discretionis
491 805 161 38 moriantur,
617 805 69 38 ea
652 805 92 38 fide
709 805 150 38 serventur
824 805 69 38 in
847 805 127 38 aeternum.

247 835 103 37 Fides
315 835 92 37 ergo
372 835 149 37 salvifica
487 835 69 37 in
521 835 160 37 infantibus
647 835 80 37 est
693 835 69 37 in
727 835 149 37 principio
842 835 126 37 habitus
933 835 57 37 &
945 835 80 37 velus

212 861 69 46 in
246 861 114 46 semine
326 861 92 46 quod
383 861 69 46 in
418 861 137 46 cordibus
521 861 126 46 illorum
612 861 92 46 S.S.
669 861 137 46 insevit.
772 861 80 46 Est
818 861 103 46 autem
887 861 69 46 in
910 861 114 46 infanti¬-

218 901 80 45 bus
263 901 114 45 tantum
343 901 125 45 electis
433 901 68 45 ad
468 901 102 45 vitam
536 901 148 45 aeternam.
649 901 68 45 ut
683 901 80 45 iam
729 901 125 45 dictum:
820 901 68 45 at
854 901 80 45 non
899 901 68 45 in
922 901 102 45 omnibus

207 940 86 39 sed
256 940 173 39 tantummodo
392 940 74 39 in
429 940 111 39 illis
503 940 124 39 quibus
590 940 111 39 visum
664 940 86 39 est
713 940 86 39 Deo
763 940 111 39 semen
837 940 111 39 fidei
898 940 124 39 inserere

211 971 116 44 Multis
293 971 93 44 enim
351 971 128 44 electis
443 971 70 44 ad
478 971 104 44 vitam
548 971 139 44 aeternam
652 971 104 44 fides
722 971 151 44 salvifica
838 971 151 44 confertur
954 971 58 44 a
965 971 70 44 Deo.

217 1006 72 40 in
253 1006 120 40 adulta
337 1006 108 40 demum
409 1006 132 40 aetate,
505 1006 72 40 ut
541 1006 144 40 Dionysio
650 1006 192 40 Arcopagitae,
806 1006 120 40 Damari
890 1006 60 40 &
902 1006 96 40 aliis.

247 1045 96 40 Fides
311 1045 139 40 salvifica
418 1045 64 40 in
450 1045 128 40 adultis,
546 1045 75 40 est
589 1045 107 40 virtus
664 1045 75 40 qua
706 1045 85 40 illi
760 1045 75 40 non
802 1045 107 40 tantum
877 1045 64 40 in
909 1045 107 40 genere
973 1045 43 40 o¬-

204 1074 87 36 mni
253 1074 111 36 verbo
327 1074 87 36 Dei
377 1074 111 36 recte
451 1074 186 36 intellecto,
600 1074 99 36 quod
662 1074 87 36 jam
711 1074 74 36 in
749 1074 111 36 Sacra
823 1074 161 36 Scriptura
934 1074 87 36 Cano¬-

210 1112 96 40 nica
270 1112 180 40 continetur,
414 1112 60 40 &
438 1112 72 40 in
474 1112 72 40 eo
510 1112 156 40 speciatim
629 1112 180 40 promissioni
773 1112 132 40 gratiae
869 1112 72 40 in
893 1112 132 40 Evangelio

215 1140 189 39 annunciatae
367 1140 151 39 firmiter
480 1140 214 39 assentiuntur,
656 1140 113 39 verum
732 1140 113 39 etiam
807 1140 189 39 unusquisque
946 1140 88 39 eorum

223 1174 78 37 pro
267 1174 67 37 se
301 1174 100 37 certa
367 1174 122 37 fiducia
456 1174 144 37 persuasus
567 1174 89 37 est,
623 1174 78 37 non
667 1174 100 37 solum
734 1174 67 37 ad
767 1174 111 37 alios,
845 1174 78 37 sed
890 1174 67 37 ad
923 1174 67 37 se
945 1174 89 37 quoque

216 1212 156 43 pertinere
336 1212 192 43 promissionem
493 1212 132 43 gratiae
589 1212 60 43 &
613 1212 108 43 omnia
685 1212 156 43 beneficia
805 1212 132 43 salutis
902 1212 144 43 aeternae
998 1212 60 43 per

220 1245 117 38 unicum
302 1245 129 38 meritum
396 1245 129 38 Christi
490 1245 105 38 parta
560 1245 59 38 &
584 1245 70 38 in
619 1245 152 38 Evangelio
736 1245 129 38 oblata,
830 1245 94 38 Joh.
888 1245 70 38 2.
924 1245 82 38 22.
959 1245 70 38 cap.

223 1274 67 38 5.
256 1274 79 38 46,
301 1274 79 38 47.
346 1274 112 38 Roman.
425 1274 67 38 4.
459 1274 67 38 v.
492 1274 79 38 16,
537 1274 79 38 17.
582 1274 79 38 18,
627 1274 79 38 19,
672 1274 79 38 20,
717 1274 79 38 21.
762 1274 157 38 Appellatur
885 1274 67 38 ab
908 1274 123 38 Augustine

214 1309 99 45 fides
280 1309 197 45 Christianorum,
444 1309 66 45 ab
477 1309 99 45 aliis
543 1309 99 45 fides
609 1309 164 45 Christiana:
740 1309 88 45 item
795 1309 99 45 fides
850 1309 142 45 Theologica.

262 1334 100 42 Fides
329 1334 89 42 haec
384 1334 78 42 est
428 1334 167 42 habitualis:
562 1334 89 42 quia
617 1334 111 42 virtus
695 1334 100 42 animi
762 1334 78 42 est
806 1334 133 42 habitus.
906 1334 67 42 De
939 1334 78 42 hac
972 1334 56 42 lo¬-

214 1374 142 45 quuntur
317 1374 194 45 Scripturae,
472 1374 103 45 quum
537 1374 116 45 fidem
614 1374 129 45 vocant
704 1374 116 45 donum
782 1374 90 45 Dei
834 1374 103 45 quum
898 1374 129 45 docent
975 1374 65 45 il¬-

213 1407 85 39 lam
261 1407 85 39 non
310 1407 157 39 deficere,
430 1407 97 39 quum
491 1407 121 39 vocant
575 1407 193 39 τληροφοριαν,
732 1407 157 39 υσυσασεν,
853 1407 181 39 ωρποιθησιν.
986 1407 60 39 Di¬-

213 1441 103 48 cimus
281 1441 161 48 habitualem
408 1441 92 48 esse
465 1441 69 48 ad
499 1441 184 48 differentiam
649 1441 103 48 fidei
718 1441 138 48 actualis
821 1441 69 48 in
855 1441 115 48 iisdem
924 1441 115 48 adultis,

218 1476 70 47 de
253 1476 82 47 qua
300 1476 117 47 agetur
370 1476 94 47 infra¬-

256 1508 107 43 Partes
331 1508 86 43 eius
385 1508 86 43 tres
438 1508 96 43 sunt:
502 1508 118 43 notitia
588 1508 96 43 verbi
652 1508 86 43 Dei,
706 1508 54 43 &
727 1508 64 43 in
759 1508 107 43 primis
834 1508 171 43 promissionis
963 1508 64 43 gra¬-

217 1540 103 46 tiae:
285 1540 138 46 assensio
389 1540 103 46 eidem
458 1540 149 46 adhibita,
573 1540 57 46 &
596 1540 149 46 persuasio
711 1540 80 46 seu
757 1540 126 46 fiducia
849 1540 69 46 de
883 1540 103 46 cerro
941 1540 126 46 obtinenda

218 1578 123 42 gratia
304 1578 160 42 promissa.
427 1578 86 42 Nam
476 1578 98 42 nemo
538 1578 111 42 sanus
611 1578 111 42 certe
685 1578 111 42 negat
759 1578 74 42 in
796 1578 123 42 genere
882 1578 123 42 etiam,
956 1578 86 42 fidem

219 1609 93 41 esse
277 1609 185 41 persuasionem
428 1609 104 41 animi
497 1609 81 41 qua
543 1609 116 41 dictis
624 1609 139 41 alicuius
729 1609 174 41 assentimur,
867 1609 127 41 propter
948 1609 93 41 dicen¬-

225 1643 74 43 is
262 1643 197 43 autoritatem,
421 1643 111 43 nulla
495 1643 123 43 oblata
581 1643 172 43 probatione
704 1643 123 43 dictorum

255 1677 106 42 Fidei
326 1677 165 42 salvificae
456 1677 118 42 partem
538 1677 118 42 primam
621 1677 130 42 dicimus
715 1677 94 42 esse
774 1677 177 42 cognitionem
916 1677 59 42 &
928 1677 106 42 notiti¬-

209 1716 87 39 am,
258 1716 87 39 non
308 1716 99 39 quod
370 1716 149 39 naturali
481 1716 136 39 ratione
581 1716 124 39 nostra
667 1716 174 39 assequamur
804 1716 62 39 &
829 1716 198 39 intelligamus
977 1716 50 39 a¬-

222 1743 58 44 &
246 1743 128 44 quomodo
339 1743 93 44 sint
398 1743 82 44 vel
444 1743 105 44 fieri
514 1743 128 44 possint
608 1743 70 44 ea
643 1743 93 44 quae
701 1743 93 44 Deus
760 1743 105 44 dicit
830 1743 58 44 &
853 1743 128 44 credere
947 1743 117 44 jubet,

225 1786 138 38 quodque
326 1786 75 38 in
363 1786 125 38 causis
451 1786 63 38 &
476 1786 226 38 proprietatibus
664 1786 75 38 ea
702 1786 226 38 comprehendamus
890 1786 88 38 aut
927 1786 113 38 compre¬-

222 1815 136 39 nendere
321 1815 149 39 possimus
433 1815 62 39 &
457 1815 161 39 debeamus,
581 1815 74 39 ut
619 1815 112 39 falso
693 1815 174 39 sententiam
830 1815 136 39 nostram
916 1815 112 39 Papista

215 1842 235 41 interpretantur:
413 1842 87 41 Nam
462 1842 111 41 probe
537 1842 149 41 novimus,
648 1842 99 41 quod
710 1842 74 41 ea
747 1842 99 41 quae
809 1842 99 41 Deus
871 1842 111 41 jubet
933 1842 99 41 crede¬-

216 1874 83 42 re,
264 1874 155 42 naturalem
383 1874 143 42 superent
490 1874 60 42 &
514 1874 143 42 excedant
621 1874 190 42 intellectum,
775 1874 60 42 &
799 1874 179 42 naturaliter
942 1874 71 42 in
966 1874 95 42 causis

214 1919 61 32 &
238 1919 220 32 proprietatibus
422 1919 98 32 suis
483 1919 73 32 ab
520 1919 122 32 homine
606 1919 135 32 animali
703 1919 147 32 cognosci
814 1919 159 32 nequeant,
936 1919 73 32 ut
961 1919 73 32 Pau¬-

217 1940 94 44 lus.
276 1940 71 44 1.
311 1940 94 44 Cor.
370 1940 71 44 2.
406 1940 118 44 docet:
488 1940 82 44 sed
535 1940 94 44 ideo
594 1940 177 44 cognitionem
735 1940 82 44 seu
782 1940 141 44 notitiam
888 1940 118 44 primam
959 1940 82 44 fidei

216 1982 174 36 salvificae
352 1982 124 36 partem
439 1982 99 36 esse
501 1982 198 36 asseveramus,
662 1982 99 36 quod
724 1982 161 36 credentem
848 1982 87 36 seu
885 1982 149 36 crediturum

215 2011 142 47 necesse
319 2011 91 47 sit
370 2011 130 47 primum
461 2011 130 47 omnium
552 2011 117 47 nosse
630 2011 130 47 verbum
720 2011 104 47 Dei,
785 2011 91 47 cui
837 2011 168 47 credendum
953 2011 78 47 est,

214 2050 94 40 quia
273 2050 105 40 fides
343 2050 82 40 est
390 2050 70 40 ex
425 2050 129 40 auditu,
519 2050 129 40 auditus
612 2050 105 40 autem
683 2050 82 40 per
729 2050 117 40 verbum
811 2050 94 40 Dei,
870 2050 94 40 Rom.
928 2050 82 40 10,
963 2050 59 40 17.

224 2078 88 45 Cui
275 2078 113 45 autem
350 2078 125 45 verbum
438 2078 88 45 Dei
488 2078 88 45 nec
538 2078 151 45 auditum,
651 2078 88 45 nec
701 2078 201 45 praedicatum,
864 2078 88 45 sed
902 2078 113 45 prorsus

215 2108 118 54 gnotum
298 2108 94 54 est,
357 2108 94 54 quid
415 2108 118 54 credit
498 2108 71 54 ad
533 2108 141 54 salutem?
639 2108 106 54 Sicut
710 2108 153 54 Apostolus
828 2108 82 54 ait
875 2108 94 54 Rom.
934 2108 82 54 10.
969 2108 59 54 24.

226 2151 132 45 Quomodo
322 2151 108 45 autem
394 2151 132 45 credent
490 2151 84 45 ei,
538 2151 72 45 de
574 2151 84 45 quo
622 2151 84 45 non
671 2151 168 45 audierint?
803 2151 72 45 Et
839 2151 132 45 quoniam
935 2151 84 45 nos
971 2151 60 45 non

225 2172 110 49 sumus
298 2172 159 49 Prophetae
420 2172 61 49 &
445 2172 159 49 Apostoli,
567 2172 86 49 qui
616 2172 159 49 immediate
738 2172 61 49 a
762 2172 86 49 Deo
811 2172 98 49 ipso
872 2172 122 49 verbum
946 2172 73 49 ipsi

218 2208 77 44 us
257 2208 167 44 audiamus,
385 2208 90 44 sed
437 2208 90 44 per
488 2208 180 44 Scripturam
630 2208 142 44 Sacram,
733 2208 64 44 &
759 2208 154 44 externum
875 2208 142 44 aliorum
965 2208 64 44 ho¬-

216 2249 107 37 minum
288 2249 179 37 ministerium
431 2249 155 37 ordinatie
550 2249 107 37 nobis
622 2249 179 37 innotescit,
765 2249 95 37 quid
824 2249 72 37 ad
860 2249 131 37 salutem
943 2249 72 37 cro¬-

225 2271 134 48 dendum
318 2271 107 48 sit:
386 2271 107 48 ideo
453 2271 161 48 secundum
573 2271 121 48 modum
654 2271 188 48 ordinarium
801 2271 67 48 &
828 2271 161 48 communem
936 2271 80 48 fide

223 2309 104 46 libus,
296 2309 94 46 fidei
358 2309 146 46 salvificae
473 2309 84 46 pars
526 2309 94 46 prima
588 2309 73 46 est
630 2309 136 46 ἐπιγνώσις
734 2309 73 46 seu
776 2309 115 46 notitia
860 2309 94 46 certa
912 2309 115 46 veritatis

217 2340 157 48 credendae,
340 2340 135 48 religios
441 2340 56 48 e
464 2340 101 48 atque
531 2340 135 48 accurate
632 2340 168 48 exploratae,
767 2340 67 48 an
800 2340 90 48 vere
856 2340 79 48 sit
901 2340 112 48 verbum
969 2340 67 48 Dei,

214 2380 80 42 aut
259 2380 161 42 consentiat
386 2380 80 42 cum
431 2380 115 42 Sacris
512 2380 172 42 Scripturis,
649 2380 103 42 extra
718 2380 92 42 quas
775 2380 103 42 nihil
844 2380 103 42 nobis
913 2380 69 42 ad
936 2380 103 42 salutem

220 2408 157 47 credendum
341 2408 96 47 est.
401 2408 145 47 Loquimur
509 2408 84 47 jam
558 2408 109 47 (quod
630 2408 169 47 repetendum
763 2408 96 47 est)
823 2408 72 47 de
859 2408 145 47 notitiae
956 2408 72 47 con¬-

216 2446 164 42 sequendae
342 2446 138 42 communi
443 2446 101 42 modo
506 2446 113 42 nobis
581 2446 189 42 conveniente
732 2446 63 42 &
757 2446 164 42 destinato
883 2446 101 42 post
933 2446 101 42 tradi¬-

221 2472 89 51 tam
272 2472 115 51 nobis
349 2472 64 51 a
374 2472 89 51 Deo
425 2472 178 51 Scripturam
565 2472 191 51 Propheticam
718 2472 64 51 &
744 2472 204 51 Apostolicam,
910 2472 102 51 quae
961 2472 76 51 vere

217 2515 88 47 est
268 2515 126 47 verbum
356 2515 101 47 Dei,
418 2515 63 47 &
444 2515 75 47 ex
481 2515 88 47 quo
532 2515 163 47 doctrinae
657 2515 113 47 omnes
720 2515 176 47 examinandae.

260 2532 96 57 Certa
325 2532 118 57 notitia
410 2532 150 57 exploratae
528 2532 139 57 veritatis
635 2532 118 57 divinae
721 2532 139 57 fidelibus
828 2532 75 57 est
860 2532 139 57 necessaria.

256 2576 66 45 I.
289 2576 87 45 Quia
343 2576 76 45 est
387 2576 120 45 mandata
475 2576 55 45 a
496 2576 87 45 Deo,
551 2576 87 45 Jes.
606 2576 76 45 33.
649 2576 76 45 13.
693 2576 109 45 Audite
770 2576 142 45 longinqui
879 2576 87 45 quod
934 2576 98 45 feci,
988 2576 33 45 &

229 2613 144 44 agnoscite
339 2613 144 44 propinqui
450 2613 144 44 potentiam
560 2613 99 44 meam.
626 2613 99 44 Hosc.
693 2613 77 44 14.
737 2613 66 44 9.
770 2613 77 44 Qui
814 2613 77 44 est
858 2613 121 44 sapiens
936 2613 88 44 intel¬-

229 2638 95 52 ligat
293 2638 95 52 ista,
356 2638 159 52 intelligens
483 2638 95 52 etiam
547 2638 127 52 agnoscat
642 2638 95 52 ista:
706 2638 74 52 nam
748 2638 106 52 rectae
822 2638 85 52 sunt
875 2638 85 52 viae
928 2638 116 52 Iehovae
1002 2638 32 52 &

223 2681 102 42 iusti
291 2681 159 42 ambulabunt
415 2681 68 42 in
449 2681 91 42 eis.
506 2681 68 42 Et
540 2681 91 42 Joh.
597 2681 68 42 5.
631 2681 79 42 39.
676 2681 159 42 Scrutamine
801 2681 170 42 Scripturas,
937 2681 91 42 quia
982 2681 57 42 vos

226 2707 132 46 videmini
325 2707 99 46 vobis
391 2707 66 46 in
424 2707 99 46 ipsis
490 2707 99 46 vitam
556 2707 132 46 aeternam
655 2707 121 46 habere:
743 2707 55 46 &
765 2707 99 46 illae
831 2707 88 46 sunt
886 2707 88 46 quae
930 2707 99 46 testan¬-

220 2739 76 53 tur
263 2739 65 53 de
296 2739 76 53 me.
339 2739 87 53 Rom.
393 2739 76 53 16.
437 2739 76 53 19.
480 2739 87 53 Volo
534 2739 76 53 vos
577 2739 141 53 sapientes
686 2739 108 53 quidem
762 2739 87 53 esse
816 2739 65 53 in
848 2739 97 53 rebus
913 2739 108 53 bonis,
978 2739 65 53 sim¬-

227 2774 104 56 plices
299 2774 83 56 uero
352 2774 62 56 in
383 2774 104 56 malis.
456 2774 62 56 1.
487 2774 83 56 Cor.
539 2774 73 56 10.
581 2774 73 56 15.
622 2774 62 56 Ut
654 2774 198 56 intelligentibus
820 2774 115 56 loquor:
904 2774 125 56 iudicate
987 2774 52 56 vos

228 2811 94 54 quod
287 2811 94 54 aio.
346 2811 71 54 Si
381 2811 165 54 dogmatibus
511 2811 94 54 quae
569 2811 141 54 Apostoli
675 2811 94 54 ipsi
734 2811 188 54 proponebant,
887 2811 82 54 non
934 2811 94 54 erat
981 2811 47 54 te

217 2851 101 40 mere
280 2851 177 40 credendum,
419 2851 88 40 sed
470 2851 139 40 jubebat
570 2851 164 40 Apostolus
697 2851 164 40 iudicare,
823 2851 101 40 quod
886 2851 101 40 ipse
936 2851 101 40 propo¬-

225 2877 131 47 nebat:
316 2877 118 47 multo
395 2877 118 47 magis
473 2877 170 47 iudicanda
604 2877 65 47 &
630 2877 183 47 examinanda
774 2877 105 47 sunt
840 2877 144 47 decreta
931 2877 105 47 Conci¬-

218 2916 130 41 liorum
309 2916 220 41 Episcopalium,
490 2916 65 41 &
516 2916 207 41 cognoscendum
684 2916 78 41 an
723 2916 104 41 vere
788 2916 168 41 congruant
917 2916 91 41 cum
956 2916 78 41 ver¬-

221 2947 77 46 bo
260 2947 90 46 Dei
311 2947 77 46 in
349 2947 115 46 Sacra
426 2947 167 46 Scriptura
554 2947 167 46 Ecclesiae
682 2947 64 46 &
708 2947 141 46 omnibus
810 2947 167 46 fidelibus
926 2947 115 46 commen¬-

225 2986 102 40 dato.
292 2986 68 40 Et
326 2986 68 40 I.
360 2986 113 40 Thess.
439 2986 68 40 5.
473 2986 79 40 19,
518 2986 79 40 10,
563 2986 79 40 21.
608 2986 135 40 Spiritum
710 2986 68 40 ne
744 2986 169 40 extinguite:
879 2986 158 40 Prophetias
992 2986 45 40 ne

232 3011 77 50 pro
276 3011 110 50 nihilo
353 3011 121 50 habete:
441 3011 99 50 Omnia
506 3011 154 50 explorate:
627 3011 88 50 quod
682 3011 99 50 bonum
748 3011 121 50 fuerit,
836 3011 143 50 retinete.
945 3011 66 50 1.
967 3011 66 50 Joli

226 3045 63 44 4,
257 3045 63 44 1,
288 3045 63 44 2.
320 3045 125 44 Dilecti,
414 3045 63 44 ne
445 3045 104 44 cuivis
518 3045 125 44 Spiritui
612 3045 125 44 credite,
706 3045 73 44 sed
748 3045 115 44 probate
831 3045 125 44 Spiritus
925 3045 63 44 an
956 3045 63 44 ex
977 3045 63 44 Deo.

233 3076 105 47 sint:
303 3076 82 47 nam
350 3076 105 47 multi
420 3076 221 47 pseudoprophetae
606 3076 140 47 venerunt
711 3076 70 47 in
746 3076 128 47 mundum.
839 3076 70 47 Ex
874 3076 82 47 hoc
909 3076 128 47 cognosci¬-

229 3113 68 46 te
263 3113 79 46 Dei
308 3113 148 46 Spiritum:
422 3113 148 46 quicunque
535 3113 136 46 Spiritus
637 3113 159 46 prositetur
762 3113 102 46 Iesum
830 3113 136 46 Christum
932 3113 68 46 in
955 3113 91 46 carnem

225 3143 141 48 venisse,
331 3143 71 48 ex
366 3143 82 48 Deo
413 3143 94 48 est.
472 3143 82 48 II.
519 3143 94 48 Quia
578 3143 153 48 praeclare
695 3143 59 48 a
719 3143 82 48 S.S
766 3143 188 48 commendatur,
919 3143 118 48 veluti
989 3143 47 48 i1

220 3175 180 52 Berocensibus,
369 3175 85 52 Act.
422 3175 74 52 17.
464 3175 74 52 11,
507 3175 74 52 12.
549 3175 74 52 Iis
592 3175 95 52 autem
655 3175 117 52 Iudaeis
740 3175 74 52 qui
782 3175 95 52 erant
846 3175 180 52 Thessalonicae
984 3175 53 52 fui

219 3204 102 54 erunt
287 3204 91 54 isti
344 3204 193 54 generosiores,
503 3204 68 54 ut
537 3204 80 54 qui
582 3204 159 54 receperint
707 3204 136 54 sermonem
809 3204 80 54 cum
855 3204 91 54 omni
912 3204 170 54 alacritate,
1037 3204 45 54 Rt

218 3241 140 61 quotidie
323 3241 175 61 examinantes
463 3241 175 61 Scripturas,
603 3241 70 61 an
638 3241 93 61 haec
696 3241 82 61 ita
743 3241 70 61 se
778 3241 152 61 haberent.
894 3241 105 61 Multi
953 3241 93 61 igitur

1054 192 192 63 crediderunt
1208 192 77 63 ex
1246 192 102 63 eis,
1310 192 64 63 &
1336 192 167 63 Graecarum
1464 192 154 63 mulierum
1579 192 192 63 honoratarum
1733 192 64 63 &
1746 192 128 63 virorum.

1066 245 82 48 non
1113 245 117 48 pauci.
1195 245 70 48 Si
1231 245 164 48 Beroeenses
1360 245 141 48 generose
1466 245 59 48 &
1489 245 106 48 recte
1560 245 153 48 fecerunt,
1677 245 94 48 quod
1724 245 141 48 dogmatibus

1072 277 133 46 Apostoli
1172 277 100 46 Pauli
1239 277 78 46 non
1283 277 111 46 temere
1361 277 178 46 crediderunt,
1505 277 78 46 sed
1550 277 89 46 illa
1605 277 100 46 prius
1672 277 67 46 ex
1705 277 144 46 Scriptura
1805 277 56 46 Sa¬-

1058 315 84 43 cra
1106 315 191 43 examinarunt,
1261 315 72 43 an
1297 315 84 43 cum
1345 315 96 43 illa
1405 315 203 43 consentirent,
1572 315 60 43 &
1596 315 143 43 postquam
1704 315 72 43 id
1739 315 108 43 certo
1799 315 72 43 cog¬-

1058 340 168 49 novissent,
1190 340 108 49 demum
1262 340 192 49 crediderunt:
1417 340 84 49 tum
1465 340 60 49 &
1489 340 96 49 illi
1549 340 144 49 generose
1657 340 60 49 &
1680 340 108 49 recte
1752 340 144 49 faciunt,

1066 380 90 39 qui
1117 380 115 39 hodie
1194 380 154 39 dogmata,
1310 380 102 39 sive
1374 380 192 39 Conciliorum
1527 380 218 39 Episcopalium,
1707 380 102 39 sive
1758 380 115 39 aliorum

1073 415 83 35 non
1121 415 155 35 approbant
1240 415 60 35 &
1264 415 179 35 suscipiunt,
1407 415 95 35 nisi
1467 415 72 35 ad
1502 415 167 35 Scripturam
1634 415 72 35 ea
1669 415 215 35 examinaverint,
1836 415 36 35 &

1065 446 107 38 cert,
1137 446 250 38 cognoverintprius,
1351 446 71 38 ea
1387 446 83 38 cum
1434 446 107 38 Sacra
1506 446 155 38 Scriptura
1625 446 179 38 consentire.
1768 446 95 38 Rom.
1815 446 60 38 15.

1069 479 76 37 14.
1113 479 141 37 Persuasum
1221 479 98 37 autem
1286 479 98 37 habeo
1352 479 54 37 &
1373 479 87 37 ipse
1428 479 76 37 ego
1471 479 65 37 de
1504 479 109 37 vobis:
1580 479 119 37 fratres
1667 479 87 37 mei:
1721 479 87 37 quod
1775 479 87 37 ipsi
1819 479 54 37 per

1069 516 74 35 vos
1112 516 95 35 pleni
1175 516 95 35 sitis
1238 516 137 35 bonitate,
1343 516 116 35 impleti
1427 516 84 35 omni
1479 516 158 35 cognitione,
1605 516 53 35 &
1626 516 74 35 qui
1668 516 126 35 possitis
1763 516 95 35 etiam
1815 516 53 35 vos

1065 543 110 45 mutuo
1138 543 74 45 ad
1175 543 135 45 monere.
1273 543 98 45 III.
1334 543 98 45 Quia
1396 543 98 45 eius
1457 543 159 45 neglectus
1580 543 123 45 certum
1666 543 159 45 periculum
1788 543 110 45 atque

1069 575 124 42 damnum
1155 575 124 42 affert
1242 575 87 42 Qui
1292 575 99 42 enim
1354 575 74 42 ab
1391 575 99 42 alio
1453 575 136 42 audiunt
1552 575 136 42 quidpia
1651 575 87 42 pro
1701 575 112 42 verbo
1775 575 99 42 Dei,
1824 575 50 42 p¬-

1084 610 83 40 oni
1131 610 95 40 quod
1191 610 83 40 non
1238 610 154 40 expiorant
1356 610 59 40 &
1380 610 166 40 cognoscunt
1510 610 107 40 prius
1581 610 107 40 certo
1652 610 71 40 an
1688 610 95 40 vere
1747 610 83 40 sit
1782 610 95 40 verbum

1068 648 92 36 Dei:
1126 648 69 36 ii
1161 648 115 36 facile
1241 648 58 36 &
1264 648 173 36 saepenumero
1402 648 115 36 decipi
1483 648 58 36 &
1506 648 115 36 seduci
1586 648 138 36 possunt,
1690 648 81 36 imo
1736 648 104 36 facto
1793 648 81 36 ipso¬-

1065 676 176 39 decipiuntur
1206 676 59 39 &
1229 676 164 39 seducuntur
1358 676 129 39 Exemplo
1452 676 82 39 est
1499 676 70 39 1.
1534 676 94 39 Reg.
1593 676 82 39 13.
1639 676 82 39 vir
1686 676 94 39 ille
1745 676 82 39 Dei
1780 676 82 39 jussu

1065 713 160 34 Iarobeamo
1188 713 247 34 Regilsraelitatum
1398 713 185 34 idololatrae
1546 713 173 34 denunciare
1682 713 160 34 vindictam
1793 713 74 34 Dei,

1078 747 61 41 &
1102 747 170 41 prohibitus
1235 747 109 41 edere
1308 747 61 41 &
1332 747 121 41 bibere
1417 747 145 41 quicquam
1526 747 145 41 Bethele:
1635 747 85 41 qui
1683 747 97 41 quum
1744 747 97 41 alii
1792 747 73 41 Pro¬-

1069 776 118 43 phetae
1152 776 106 43 falso
1222 776 176 43 praetexenti
1363 776 118 43 verbum
1445 776 82 43 Dei
1492 776 176 43 credidisset
1633 776 59 43 &
1657 776 212 43 obtemperasset,
1821 776 59 43 non

1078 814 109 36 cantum
1154 814 163 36 objurgatus,
1285 814 76 36 sed
1328 814 98 36 etiam
1393 814 98 36 morte
1458 814 130 36 affectus
1556 814 65 36 in
1589 814 119 36 itinere
1676 814 98 36 fuit.
1741 814 109 36 Facile
1806 814 65 36 auti

1068 842 190 40 cognovisset,
1222 842 142 40 alterius
1329 842 119 40 illius
1412 842 154 40 Prophetae
1530 842 166 40 mentientis
1661 842 142 40 sermonem
1767 842 83 40 non
1803 842 71 40 esse

1064 875 124 39 veroum
1151 875 99 39 Dei,
1213 875 87 39 sed
1262 875 87 39 eum
1312 875 75 39 ad
1349 875 112 39 illud
1424 875 124 39 verbum
1511 875 99 39 Dei,
1573 875 99 39 quod
1635 875 112 39 prius
1710 875 137 39 ipsemet
1809 875 62 39 a
1822 875 62 39 Deo

1071 909 147 38 acceperat
1184 909 193 38 exaininasset.
1343 909 79 38 Ita
1388 909 113 38 ludaei
1468 909 170 38 gravissimas
1604 909 113 38 poenas
1683 909 91 38 sibi
1729 909 147 38 attraxerunt

1071 948 101 38 quod
1135 948 240 38 Pseudoprophetis
1337 948 127 38 verbum
1426 948 89 38 Dei
1476 948 228 38 praetexentibus
1666 948 202 38 crediderunt,
1818 948 63 38 quo

1074 979 119 34 nomine
1158 979 60 34 a
1181 979 143 34 Propheta
1289 979 131 34 Jeremia
1384 979 107 34 saepe
1456 979 131 34 fuerunt
1551 979 179 34 reprehensi.
1694 979 131 34 Achabus
1790 979 83 34 rex
1825 979 48 34 I¬-

1068 1010 187 43 sraelitatum
1217 1010 75 43 ad
1254 1010 162 43 interitum
1379 1010 187 43 festinavit,
1528 1010 100 43 quum
1590 1010 261 43 Pseudoprophetarum
1801 1010 75 43 suo¬-

1077 1050 84 39 rum
1125 1050 144 39 sermonem
1233 1050 120 39 verbum
1317 1050 84 39 Dei
1365 1050 96 39 esse
1425 1050 144 39 credidit
1534 1050 108 39 eique
1606 1050 108 39 morem
1678 1050 132 39 gessit,
1774 1050 72 39 1.
1798 1050 72 39 Reg.

1080 1080 85 36 22.
1129 1080 98 36 Quam
1190 1080 122 36 multos
1275 1080 146 36 perdidit
1385 1080 146 36 doctrina
1494 1080 207 36 Pharisaeorum,
1665 1080 98 36 quam
1726 1080 110 36 tamen
1787 1080 85 36 illi¬-

1071 1110 131 37 verbum
1162 1110 92 37 Dei
1215 1110 105 37 esse
1280 1110 209 37 dictitabant?
1450 1110 144 37 Quantum
1555 1110 78 37 in
1594 1110 170 37 periculum
1725 1110 157 37 animarum
1830 1110 52 37 se

1080 1142 160 34 coniecerunt
1209 1142 128 34 Galatae,
1305 1142 139 34 credentes
1412 1142 107 34 illis,
1487 1142 75 34 qui
1530 1142 75 34 eis
1572 1142 171 34 persuaserat,
1712 1142 128 34 oportere
1797 1142 75 34 ipsos

1080 1175 174 34 circumcidi
1216 1175 62 34 &
1241 1175 161 34 observari
1365 1175 174 34 ceremonias
1501 1175 161 34 Mofaicas?
1625 1175 124 34 Quidam
1712 1175 62 34 e
1737 1175 112 34 secta
1799 1175 74 34 Pha¬-

1087 1209 147 34 isaeorum,
1200 1209 102 34 quasi
1267 1209 68 34 ab
1301 1209 147 34 Apostolis
1414 1209 124 34 edocti,
1504 1209 147 34 docuerunt
1617 1209 169 34 Antiochiae,
1753 1209 90 34 nisi
1798 1209 79 34 Chri¬-

1078 1242 108 44 stiani
1154 1242 216 44 circumciderentur
1338 1242 87 44 ritu
1392 1242 108 44 Mosis,
1468 1242 76 44 non
1511 1242 97 44 posse
1576 1242 76 44 eos
1619 1242 130 44 servari,
1717 1242 87 44 Act.
1771 1242 76 44 15.
1814 1242 65 44 1.
1836 1242 32 44 7

1080 1276 108 37 tamen
1152 1276 72 37 ab
1188 1276 156 37 Apostolis
1308 1276 84 37 non
1356 1276 180 37 acceperant,
1499 1276 72 37 ut
1535 1276 132 37 ipsimet
1631 1276 144 37 Apostoli
1739 1276 168 37 testantur,

1084 1308 86 36 Act
1133 1308 86 36 15.
1182 1308 86 36 24.
1231 1308 98 36 quam
1292 1308 184 36 Pharifaicam
1439 1308 172 36 doctrinam,
1574 1308 159 36 quicunque
1696 1308 86 36 pro
1745 1308 159 36 Apostoli¬

1070 1346 74 39 ca
1107 1346 135 39 amplexi
1205 1346 147 39 fuerunt,
1315 1346 61 39 &
1340 1346 123 39 absque
1426 1346 160 39 ulteriore
1549 1346 172 39 cognitione
1684 1346 61 39 &
1696 1346 172 39 inquisitione

1088 1374 183 38 crediderunt,
1236 1374 69 38 in
1271 1374 149 38 periculum
1385 1374 114 38 certum
1465 1374 69 38 se
1499 1374 217 38 praecipitarunt.
1683 1374 80 38 Sic
1728 1374 92 38 apud
1774 1374 103 38 Thessa¬-

1089 1409 159 36 onicenses
1211 1409 61 36 &
1235 1409 110 36 alios
1309 1409 86 36 qui
1358 1409 86 36 pro
1406 1409 183 36 Apostolicis
1553 1409 171 36 dogmatibus
1688 1409 86 36 aut
1736 1409 159 36 epistolis
1846 1409 37 36 &

1084 1444 141 34 scriptis
1190 1444 176 34 susceperunt
1331 1444 117 34 humana
1413 1444 117 34 somnia
1495 1444 82 34 aut
1542 1444 141 34 figmenta
1648 1444 141 34 aliorum,
1754 1444 106 34 extra
1812 1444 59 34 pe¬-

1088 1476 126 42 ciculum
1179 1476 114 42 minime
1259 1476 126 42 fuerunt
1351 1476 126 42 Notitia
1442 1476 114 42 igitur
1522 1476 103 42 certa
1591 1476 149 42 veritatis
1705 1476 149 42 credendae
1808 1476 69 42 pri¬-

1075 1509 73 38 mo
1111 1509 122 38 omnium
1197 1509 184 38 requititur,
1344 1509 73 38 ne
1381 1509 122 38 pverbo
1467 1509 86 38 Dei
1516 1509 159 38 habeamus,
1638 1509 98 38 quod
1699 1509 86 38 non
1748 1509 98 38 est,
1797 1509 86 38 neve¬-

1082 1542 85 45 pro
1131 1542 98 45 vero
1192 1542 61 45 &
1216 1542 146 45 Scriptis
1326 1542 122 45 Sacris
1411 1542 183 45 consentaneo
1557 1542 171 45 recipiamus
1691 1542 98 45 quod
1752 1542 110 45 verum
1813 1542 61 45 non

1077 1579 88 38 est,
1132 1579 77 38 nec
1176 1579 153 38 Scripturis
1296 1579 110 38 Sacris
1373 1579 175 38 consentiens.
1515 1579 77 38 IV.
1559 1579 88 38 Quia
1614 1579 88 38 illa
1669 1579 77 38 est
1713 1579 121 38 petenda
1800 1579 55 38 a
1811 1579 66 38 Deo.

1082 1612 91 35 nobis
1143 1612 51 35 &
1163 1612 101 35 aliis:
1233 1612 61 35 ut
1264 1612 91 35 David
1324 1612 91 35 facit
1385 1612 91 35 saepe
1446 1612 71 35 Ps.
1486 1612 81 35 119.
1537 1612 61 35 v.
1567 1612 71 35 34.
1607 1612 71 35 Fac
1648 1612 61 35 ut
1678 1612 152 35 intelligam,
1799 1612 61 35 ut
1829 1612 71 35 cu¬

1088 1644 125 39 stodiam
1179 1644 103 39 legem
1247 1644 103 39 tuam,
1316 1644 171 39 observemque
1453 1644 80 39 eam
1498 1644 68 39 ex
1532 1644 91 39 toto
1589 1644 114 39 animo.
1669 1644 68 39 v.
1704 1644 68 39 73
1738 1644 103 39 Redde
1806 1644 68 39 me
1829 1644 57 39 in¬-

1087 1676 174 41 telligentem,
1228 1676 65 41 ut
1261 1676 109 41 discam
1337 1676 141 41 praecepta
1446 1676 87 41 tua.
1500 1676 65 41 v.
1532 1676 87 41 125.
1587 1676 109 41 Servus
1663 1676 87 41 tuus
1717 1676 87 41 sum,
1761 1676 119 41 prudentem

1088 1708 66 42 me
1121 1708 109 42 redde:
1197 1708 66 42 ut
1230 1708 142 42 cognoscam
1339 1708 153 42 testimonia
1460 1708 87 42 tua.
1514 1708 98 42 vers.
1580 1708 87 42 144,
1635 1708 131 42 Iustitia
1722 1708 164 42 testimoniorum

1080 1741 118 39 tuorum
1163 1741 83 39 est
1210 1741 71 39 in
1245 1741 142 39 saculum:
1352 1741 153 39 prudentem
1470 1741 71 39 me
1505 1741 130 39 effice,
1600 1741 71 39 ut
1635 1741 118 39 vivam.
1718 1741 71 39 Et
1753 1741 106 39 vers.
1812 1741 71 39 169.

1077 1776 193 34 Appropinquet
1234 1776 121 34 clamor
1318 1776 96 34 meus
1378 1776 96 34 ante
1439 1776 121 34 faciem
1523 1776 109 34 tuam,
1596 1776 133 34 Iehova:
1692 1776 145 34 secundum
1789 1776 96 34 verbum

1080 1813 90 36 tuum
1136 1813 147 36 prudentem
1249 1813 102 36 redde
1317 1813 79 36 me.
1362 1813 113 36 Ephes.
1441 1813 68 36 1.
1475 1813 79 36 16,
1520 1813 79 36 17,
1566 1813 79 36 18.
1611 1813 79 36 Non
1656 1813 102 36 cesso
1724 1813 124 36 gratias
1803 1813 79 36 agere

1077 1834 82 48 pro
1124 1834 117 48 vobis,
1206 1834 152 48 mentionem
1323 1834 117 48 vestri
1405 1834 129 48 faciens
1499 1834 70 48 in
1534 1834 141 48 precibus
1640 1834 105 48 meis.
1710 1834 70 48 Ut
1745 1834 94 48 Deus
1792 1834 94 48 Domini

1089 1868 104 48 postri
1161 1868 83 48 Iesu
1213 1868 125 48 Christi,
1307 1868 94 48 Pater
1370 1868 83 48 ille
1422 1868 125 48 gloriae,
1515 1868 73 48 det
1557 1868 94 48 vobis
1619 1868 125 48 Spiritum
1713 1868 146 48 Sapientiae
1828 1868 52 48 &
1838 1868 52 48 re¬-

1079 1902 146 47 velationis
1193 1902 73 47 per
1235 1902 146 47 agnitionem
1350 1902 115 47 ipsius:
1433 1902 156 47 Illuminatis
1558 1902 104 47 oculis
1631 1902 104 47 mentis
1704 1902 125 47 vestrae:
1798 1902 63 47 ad
1818 1902 63 47 sci¬-

1068 1936 95 37 endum
1132 1936 85 37 quae
1185 1936 74 37 sit
1227 1936 85 37 spes
1281 1936 85 37 illa
1334 1936 148 37 vocationis
1450 1936 117 37 ipsius,
1535 1936 53 37 &
1556 1936 85 37 quae
1609 1936 85 37 opes
1662 1936 117 37 gloriae
1737 1936 148 37 haereditatis

1071 1973 119 41 ipsius
1154 1973 71 41 in
1190 1973 142 41 sanctis.
1297 1973 71 41 V.
1332 1973 95 41 Quia
1392 1973 83 41 pro
1439 1973 95 41 illa
1498 1973 131 41 gratiae
1593 1973 83 41 Deo
1641 1973 59 41 a
1664 1973 131 41 sanctis
1759 1973 131 41 aguntur
1842 1973 36 41 &

1071 2003 87 40 sunt
1126 2003 131 40 agendae,
1224 2003 66 40 1.
1257 2003 131 40 Corinth.
1355 2003 66 40 1.
1388 2003 66 40 v.
1420 2003 66 40 4.
1453 2003 66 40 5,
1486 2003 120 40 Gratias
1573 2003 76 40 ago
1617 2003 76 40 Deo
1661 2003 76 40 meo
1704 2003 109 40 semper
1781 2003 66 40 de
1803 2003 87 40 vobis.

1077 2037 67 43 ob
1110 2037 123 43 gratiam
1200 2037 78 43 Dei
1244 2037 89 43 quae
1300 2037 89 43 data
1356 2037 78 43 est
1400 2037 100 43 vobis
1467 2037 67 43 in
1501 2037 123 43 Christo
1590 2037 100 43 Iesu:
1657 2037 89 43 Quod
1713 2037 67 43 in
1746 2037 123 43 omnibus
1824 2037 56 43 di¬-

1074 2073 86 39 tati
1128 2073 97 39 sitis
1193 2073 65 39 in
1225 2073 97 39 ipso,
1290 2073 86 39 omni
1343 2073 129 39 loquendi
1440 2073 151 39 facultate,
1559 2073 118 39 omnique
1634 2073 140 39 cognitione.

1113 2108 91 33 VI.
1165 2108 104 33 Quia
1230 2108 156 33 interdum
1347 2108 208 33 Synecdochice
1517 2108 117 33 totam
1595 2108 117 33 fidem
1673 2108 182 33 salvificam
1803 2108 78 33 com¬-

1078 2136 153 42 plectitur,
1198 2136 66 42 ut
1231 2136 87 42 Joh.
1286 2136 77 42 19.
1329 2136 66 42 v.
1362 2136 77 42 23.
1406 2136 87 42 Scio
1461 2136 153 42 redemtorem
1581 2136 87 42 meum
1636 2136 120 42 vivere.
1723 2136 98 42 Iesa.
1789 2136 77 42 53.
1821 2136 66 42 114.

1078 2170 148 41 Cognitione
1195 2170 74 41 sui
1237 2170 169 41 iustificabit
1374 2170 106 41 iustus
1448 2170 116 41 servius
1533 2170 85 41 meus
1575 2170 95 41 multos.

1101 2193 120 51 Papani
1185 2193 120 51 contra
1268 2193 131 51 negant,
1364 2193 108 51 fidem
1436 2193 167 51 salvificam
1567 2193 96 51 esse
1627 2193 155 51 notitiam,
1747 2193 120 51 quorum
1818 2193 60 51 ar¬-

1070 2230 130 56 gumenta
1164 2230 177 56 Bellarminus
1306 2230 130 56 recitat
1400 2230 106 56 libro
1471 2230 106 56 primo
1541 2230 71 56 de
1577 2230 212 56 iustificatione
1753 2230 94 56 cap.
1812 2230 71 56 7.
1836 2230 47 56 ad

1080 2270 95 52 quae
1139 2270 154 52 distincte
1246 2270 177 52 respondebimus

1148 2298 62 48 I.
1179 2298 93 48 Causa
1241 2298 124 48 notitiae
1334 2298 73 48 non
1376 2298 73 48 est
1417 2298 83 48 ipsa
1459 2298 93 48 notitia

1183 2334 89 44 Fides
1242 2334 69 44 est
1282 2334 89 44 causa
1331 2334 108 44 notitiae.

1181 2358 79 50 Ergo
1231 2358 89 50 fides
1290 2358 69 50 non
1329 2358 69 50 est
1369 2358 79 50 ipsa
1408 2358 99 50 notitia;

1112 2389 175 53 Assumtionis
1252 2389 152 53 probatio.
1369 2389 82 53 Nam
1416 2389 70 53 in
1451 2389 117 53 primis
1533 2389 128 53 Jesaias
1626 2389 93 53 cap.
1684 2389 70 53 7.
1720 2389 117 53 aperte
1790 2389 93 53 prote¬-

1070 2430 114 44 statur:
1153 2430 83 44 nisi
1205 2430 176 44 credideritis,
1350 2430 73 44 non
1391 2430 176 44 intelligetis.
1537 2430 73 44 Ubi
1578 2430 125 44 videmus,
1672 2430 93 44 fidem
1734 2430 73 44 non
1776 2430 83 44 esse
1817 2430 52 44 in¬-

1075 2464 200 44 telligentiam,
1240 2464 82 44 sed
1287 2464 94 44 viam
1345 2464 59 44 &
1369 2464 117 44 geadum
1451 2464 70 44 ad
1486 2464 211 44 intelligendum.
1663 2464 94 44 Quod
1721 2464 106 44 aliis
1780 2464 94 44 verbis

1086 2500 103 45 lixit
1154 2500 103 45 etiam
1223 2500 69 45 de
1258 2500 103 45 rebus
1326 2500 172 45 naturalibus
1464 2500 92 45 ille
1521 2500 184 45 Philosophus:
1671 2500 172 45 Addiscentem
1797 2500 80 45 opor¬-

1061 2538 89 40 tet
1099 2538 127 40 credere.

1110 2556 138 51 RESPGN.
1211 2556 126 51 Primo,
1299 2556 176 51 propositio
1438 2556 88 51 est
1488 2556 126 51 tantum
1576 2556 101 51 vera
1639 2556 76 51 de
1677 2556 151 51 propriis
1777 2556 101 51 loquu¬-

1075 2595 143 46 tionibus
1183 2595 84 46 non
1230 2595 107 46 autem
1302 2595 72 46 de
1338 2595 191 46 metonymicis,
1493 2595 72 46 in
1529 2595 119 46 quibus
1612 2595 107 46 causa
1684 2595 131 46 ponitur
1779 2595 84 46 pro
1815 2595 60 46 ef¬-

1078 2628 112 46 fectu.
1156 2628 135 46 Secundo,
1257 2628 79 46 est
1302 2628 67 46 in
1336 2628 157 46 assumtione
1460 2628 146 46 processus
1572 2628 56 46 a
1594 2628 101 46 dicto
1662 2628 135 46 secundum
1763 2628 101 46 quid.
1819 2628 56 46 Fi¬-

1075 2665 84 43 des
1123 2665 96 43 enim
1183 2665 84 43 est
1231 2665 120 43 quidem
1315 2665 108 43 causa
1387 2665 156 43 amplioris
1507 2665 156 43 notitiae:
1627 2665 84 43 Nam
1675 2665 168 43 posteaquam
1795 2665 72 43 cre¬-

1081 2694 122 48 didimus
1170 2694 100 48 verbo
1236 2694 89 48 Dei,
1292 2694 122 48 crescit
1381 2694 56 48 &
1403 2694 122 48 augetur
1492 2694 67 48 in
1525 2694 100 48 nobis
1592 2694 133 48 notitia:
1692 2694 78 48 sed
1737 2694 100 48 tamen
1792 2694 78 48 fide:

1088 2726 98 47 tiam
1149 2726 85 47 est
1198 2726 146 47 notitia.
1307 2726 98 47 Nisi
1368 2726 98 47 enim
1429 2726 158 47 noverimus
1551 2726 98 47 Deum
1612 2726 110 47 esse,
1685 2726 61 47 &
1709 2726 98 47 esse
1758 2726 122 47 veracem,

1082 2759 163 46 servantem
1208 2759 201 46 promissorum:
1371 2759 113 46 item,
1447 2759 101 46 esse
1510 2759 126 46 revera
1598 2759 88 46 Dei
1648 2759 138 46 verbum,
1748 2759 101 46 quod
1799 2759 75 46 cre¬-

1076 2791 124 49 dendum
1162 2791 186 49 proponitur:
1311 2791 87 49 non
1361 2791 161 49 credemus.
1485 2791 74 49 Ut
1522 2791 112 49 autem
1597 2791 136 49 sciamus
1696 2791 124 49 illud,
1770 2791 112 49 efficit

1093 2824 127 62 Spiritus
1189 2824 127 62 Sanctus.
1284 2824 127 62 Tertrio,
1379 2824 138 62 adducitur
1485 2824 159 62 testimonium
1612 2824 64 62 ex
1644 2824 116 62 Jesaia,
1729 2824 95 62 falsa
1782 2824 95 62 versio¬-

1079 2854 77 56 ne
1118 2854 193 56 depravatum.
1272 2854 129 56 Textus
1362 2854 103 56 enim
1426 2854 154 56 Hebraeus
1542 2854 116 56 habet
1619 2854 103 56 ver.
1683 2854 77 56 9.
1722 2854 116 56 iλLMn
1799 2854 77 56 χl
1825 2854 51 56 on

1085 2892 105 47 habus.
1158 2892 63 47 ty
1189 2892 73 47 39,
1231 2892 73 47 hoc
1273 2892 84 47 est,
1325 2892 73 47 isi
1367 2892 178 47 credideritis,
1514 2892 126 47 profecto
1608 2892 73 47 non
1650 2892 178 47 stabiliemini,
1796 2892 73 47 vel
1828 2892 52 47 non

1079 2922 197 58 permanebitis.
1241 2922 81 58 Ubi
1288 2922 139 58 videmus,
1392 2922 150 58 Prophetam
1507 2922 81 58 non
1553 2922 104 58 loqui
1623 2922 69 58 de
1657 2922 127 58 notitia
1750 2922 81 58 seu
1796 2922 69 58 de
1819 2922 58 58 in¬-

1084 2956 180 53 telligentia,
1230 2956 79 53 sed
1275 2956 68 53 de
1309 2956 203 53 confirmatione,
1478 2956 79 53 seu
1523 2956 169 53 stabilitate
1659 2956 101 53 regni
1726 2956 101 53 Iuda.
1783 2956 90 53 Quarto

1096 2988 147 60 hilosophi
1209 2988 113 60 dictum
1288 2988 68 60 de
1322 2988 102 60 rebus
1390 2988 170 60 naturalibus
1527 2988 79 60 est
1572 2988 193 60 ἀπροσοιόνυσον
1731 2988 68 60 ad
1765 2988 79 60 res
1799 2988 79 60 divi¬-

1088 3037 87 45 nas
1125 3037 149 45 traductum.

1172 3051 73 62 II.
1213 3051 124 62 Quicquid
1306 3051 145 62 distinctum
1420 3051 73 62 est
1462 3051 52 62 a
1483 3051 124 62 notitia,
1576 3051 62 62 id
1607 3051 73 62 non
1648 3051 73 62 est
1679 3051 104 62 notitia:

1202 3100 90 42 Fides
1262 3100 130 42 distincta
1362 3100 70 42 est
1401 3100 50 42 a
1411 3100 100 42 notitia¬-

1201 3133 92 47 Fides
1262 3133 102 47 igitur
1334 3133 72 47 non
1375 3133 72 47 est
1406 3133 102 47 notitia.

1086 3147 166 58 Assumtionis
1219 3147 144 58 probatio.
1330 3147 67 58 1.
1363 3147 89 58 Cor.
1419 3147 78 58 13.
1463 3147 67 58 v.
1497 3147 67 58 2.
1530 3147 144 58 Apostolus
1641 3147 155 58 distinguit
1763 3147 133 58 notitiam
1852 3147 33 58 a

1093 3188 103 58 fide,
1161 3188 125 58 tanquam
1252 3188 80 58 duo
1298 3188 125 58 diversa
1389 3188 103 58 dona:
1457 3188 159 58 Sisinquit)
1582 3188 114 58 habeam
1662 3188 171 58 prophetiam,
1799 3188 57 58 &
1810 3188 80 58 nove¬-

1094 3221 71 61 im
1130 3221 141 61 mysteria
1235 3221 118 61 omnia,
1318 3221 141 61 omnemque
1423 3221 153 61 notitiam:
1541 3221 59 61 &
1564 3221 71 61 si
1600 3221 118 61 habeam
1682 3221 118 61 fidem,
1752 3221 59 61 &c.
