2063 3484
183 180 72 63 Et
219 180 96 63 quia
279 180 84 63 est
327 180 72 63 in
363 180 108 63 illis
435 180 108 63 etiam
507 180 132 63 electis
603 180 72 63 ad
638 180 108 63 vitam
710 180 156 63 aeternam,
830 180 120 63 quibus
914 180 120 63 virtus
986 180 48 63 e¬-

155 220 113 70 dendi
231 220 151 70 miracula
344 220 88 70 non
395 220 88 70 est
445 220 164 70 concessa,
571 220 101 70 ideo
634 220 113 70 fides
710 220 151 70 communis
823 220 113 70 nempe
886 220 88 70 Chri¬-

167 264 145 42 stianorum
279 264 78 42 seu
323 264 145 42 electorum
435 264 78 42 Dei
480 264 168 42 appellatur,
614 264 90 42 Tit.
670 264 67 42 1.
704 264 67 42 v.
726 264 45 42 3.

194 299 226 55 QUAESTIONES
375 299 106 55 hic
435 299 181 55 incidunt
571 299 181 55 aliquot,
707 299 151 55 quarum
797 299 181 55 decisionem

151 325 120 54 subjicio¬-

187 356 176 53 QUAERITUR
323 356 81 53 I.
364 356 81 53 An
404 356 122 53 fides
485 356 81 53 in
526 356 122 53 anima
607 356 149 53 Christi
702 356 122 53 fuerit,

188 397 120 46 RESP.
268 397 228 46 Distinguendum
455 397 107 46 est:
522 397 94 46 Nam
576 397 80 46 si
616 397 94 46 per
670 397 120 46 fidem
750 397 214 46 intelligatur
910 397 54 46 de

163 436 91 38 num,
220 436 80 38 quo
265 436 149 38 creduntur
380 436 80 38 ea,
425 436 91 38 quae
483 436 80 38 non
528 436 149 38 videntur,
643 436 69 38 ut
677 436 149 38 definitur
791 436 103 38 Hebr.
860 436 80 38 11.
905 436 69 38 v.
928 436 46 38 1.

161 469 189 38 ἐλπιζομδμων
313 469 164 38 θποσασις,
439 469 164 38 πξαγμγτον
565 469 139 38 ἔλεγχωσ
666 469 63 38 κ
692 469 189 38 φλεπομδρον,
843 469 114 38 rerum
906 469 76 38 quae

156 505 161 39 sperantur
280 505 87 39 ὑπο
329 505 112 39 ωσις,
403 505 62 39 &
428 505 198 39 demonstratio
589 505 112 39 eorum
664 505 99 39 quae
726 505 87 39 non
775 505 173 39 cernuntur;
899 505 62 39 tum

152 544 89 33 des
203 544 76 33 in
241 544 140 33 Christi
343 544 114 33 anima
419 544 89 33 non
470 544 114 33 fuit.
546 544 152 33 Christus
660 544 102 33 enim
724 544 114 33 etiam
800 544 152 33 secundum
902 544 63 33 hu¬-

158 572 124 38 manam
241 572 138 38 mentem
338 572 69 38 a
366 572 124 38 primo
449 572 235 38 incarnationis
642 572 152 38 momento
753 572 111 38 fuit
808 572 166 38 comprehen¬-

172 601 85 49 jor
220 601 61 49 &
245 601 109 49 clare
318 601 109 49 vidit
391 601 61 49 &
415 601 109 49 novit
488 601 109 49 Deum,
561 601 122 49 resque
646 601 134 49 divinas
743 601 97 49 quae
804 601 97 49 sunt
852 601 122 49 objectum

165 632 62 38 fidei

455 661 131 57 Contra
534 661 157 57 obiicitur:

199 708 71 55 I.
235 708 107 55 Omnes
306 708 143 55 virtutes
413 708 131 55 fuerunt
508 708 71 55 in
544 708 107 55 anima
615 708 143 55 Christi:
722 708 107 55 Fides
793 708 131 55 proprie
876 708 107 55 loquen¬-

182 740 97 42 pest
230 740 109 42 virtus:

201 773 109 44 Ergo,
261 773 61 44 &c.

195 807 111 40 RESP.
269 807 86 40 Per
318 807 221 40 distinctionem.
502 807 111 40 Omnes
576 807 160 40 virtutes,
699 807 111 40 scil.
773 807 98 40 quae
834 807 98 40 sunt
884 807 98 40 perfe¬-

166 843 127 43 ctionis
259 843 58 43 &
282 843 150 43 pertinent
397 843 69 43 ad
431 843 115 43 statum
512 843 196 43 perfectionis,
673 843 127 43 fuerunt
766 843 69 43 in
800 843 104 43 anima
858 843 115 43 Christi¬-

162 875 75 43 At
199 875 112 43 fidem
274 875 137 43 proprie
374 875 150 43 loquendo
486 875 100 43 esse
548 875 212 43 perfectionis,
723 875 150 43 negatur.
835 875 87 43 Nam
885 875 112 43 fides
948 875 62 43 est

156 910 104 39 hujus
226 910 115 39 tantum
306 910 104 39 vitae
375 910 69 39 in
410 910 81 39 qua
456 910 173 39 cognoscimus
594 910 69 39 ex
629 910 104 39 parte
698 910 69 39 1.
733 910 92 39 Cor.
790 910 69 39 13
825 910 69 39 v.
859 910 69 39 8.
894 910 69 39 in
917 910 69 39 qua¬-

162 946 123 44 nondum
248 946 111 44 clare
322 946 136 44 videmus
420 946 111 44 Deum.
494 946 74 44 2.
531 946 99 44 Cor.
593 946 74 44 5.
630 946 74 44 v.
667 946 74 44 7.
704 946 86 44 Per
753 946 111 44 fidem
827 946 99 44 enim
876 946 111 44 ambula¬-

165 981 95 41 mus,
224 981 83 41 non
272 981 83 41 per
307 981 142 41 adspectum,

191 1005 157 43 Instantia:
314 1005 79 43 Per
359 1005 90 43 quod
415 1005 157 43 pervenitur
539 1005 67 43 ad
573 1005 101 43 vitam
640 1005 146 43 aeternam,
752 1005 67 43 id
786 1005 135 43 pertinet
887 1005 67 43 ad
910 1005 67 43 sta¬-

174 1046 73 45 um
210 1046 206 45 perfectionis:
380 1046 85 45 Per
429 1046 109 45 fidem
502 1046 170 45 pervenitur
635 1046 73 45 ad
671 1046 109 45 vitam
744 1046 146 45 aternam:
854 1046 97 45 Ergo
902 1046 85 45 fides

176 1076 130 47 pertinet
274 1076 65 47 ad
306 1076 108 47 statum
371 1076 162 47 perfectionis.

198 1110 121 46 RESP.
278 1110 121 46 Major
359 1110 162 46 terminus
481 1110 94 46 est
535 1110 175 46 ambiguus.
670 1110 81 46 In
710 1110 216 46 propositione
872 1110 108 46 majore

166 1150 147 40 pertinere
279 1150 68 40 ad
312 1150 113 40 statum
391 1150 192 40 perfectionis,
549 1150 90 40 idem
606 1150 90 40 est,
662 1150 90 40 quod
718 1150 90 40 esse
775 1150 124 40 causam,
854 1150 135 40 instrumen¬-

167 1188 102 33 tum,
231 1188 128 33 medium
321 1188 128 33 ducens
410 1188 77 33 ad
449 1188 217 33 perfectionem:
628 1188 77 33 At
666 1188 77 33 in
705 1188 192 33 conclusione
858 1188 102 33 idem
909 1188 77 33 est,

172 1213 97 46 quod
233 1213 97 46 esse
293 1213 121 46 partem
378 1213 85 46 vel
427 1213 146 46 proprium
536 1213 170 46 essentiale
669 1213 85 46 seu
718 1213 158 46 perpetuum
839 1213 109 46 atque
912 1213 121 46 essen.
985 1213 36 46 D

160 1257 111 41 tiale
234 1257 185 41 requisitum,
382 1257 185 41 ornamentum,
530 1257 111 41 decus
604 1257 210 41 perfectionis.
777 1257 99 41 Sunt
839 1257 123 41 igitur
913 1257 74 41 qua¬-

171 1282 95 40 tuor
219 1282 107 40 termini

195 1308 83 58 II.
243 1308 143 58 Cognitio
350 1308 83 58 Dei
398 1308 95 58 fuit
457 1308 72 58 in
493 1308 107 58 anima
565 1308 143 58 Christi:
672 1308 72 58 At
708 1308 107 58 fides
779 1308 83 58 est
827 1308 143 58 cognitio
922 1308 60 58 Dei

166 1347 91 39 Ergo
223 1347 103 39 fides
291 1347 126 39 proprie
383 1347 137 39 loquendo
485 1347 91 39 fuit
542 1347 69 39 in
577 1347 103 39 anima
634 1347 114 39 Christi.

194 1377 124 42 RESP.
277 1377 110 42 Nego
346 1377 248 42 consequentiam:
552 1377 110 42 quia
621 1377 124 42 minor
703 1377 193 42 propositio
854 1377 96 42 est
896 1377 96 42 figu¬-

169 1416 112 36 rata:
243 1416 162 36 conclusio
368 1416 150 36 propria:
480 1416 112 36 Fides
555 1416 87 36 est
605 1416 150 36 cognitio
718 1416 87 36 Dei
767 1416 162 36 improprie
892 1416 62 36 &
905 1416 87 36 gene¬-

168 1455 147 35 raliter.
278 1455 73 35 At
314 1455 134 35 proprie
412 1455 122 35 fides,
498 1455 85 35 est
546 1455 147 35 cognitio
656 1455 110 35 verbi
730 1455 85 35 Dei
778 1455 61 35 &
803 1455 110 35 donum
876 1455 85 35 quo
913 1455 73 35 cre¬-

173 1484 115 47 duntur
253 1484 92 47 quae
311 1484 81 47 non
357 1484 150 47 videntur:

197 1511 101 47 III.
260 1511 114 47 Omnia
336 1511 101 47 dona
399 1511 88 47 Dei
450 1511 101 47 quae
513 1511 76 47 in
551 1511 88 47 nos
601 1511 202 47 conferuntur,
765 1511 114 47 multo
841 1511 114 47 magis
904 1511 76 47 fue¬-

171 1553 96 32 runt
231 1553 60 32 &
255 1553 96 32 sunt
315 1553 72 32 in
351 1553 108 32 anima
423 1553 144 32 Christi:
531 1553 108 32 Fides
602 1553 132 32 proprie
698 1553 144 32 loquendo
806 1553 84 32 est
854 1553 108 32 donum
914 1553 72 32 Dei.

176 1586 90 39 Ergo
232 1586 101 39 fides
299 1586 124 39 proprie
389 1586 146 39 loquendo,
501 1586 90 39 fuit
558 1586 56 39 &
580 1586 79 39 est
625 1586 67 39 in
659 1586 101 39 anima
715 1586 112 39 Christi.

207 1610 117 46 RESP.
285 1610 117 46 Omnia
363 1610 104 46 dona
428 1610 91 46 Dei
480 1610 117 46 scil.
558 1610 104 46 quae
623 1610 78 46 ad
662 1610 208 46 perfectionem
831 1610 143 46 naturae
922 1610 65 46 hu¬-

167 1650 108 42 manae
239 1650 156 42 pertinent
359 1650 72 42 ut
395 1650 96 42 pars
455 1650 84 42 vel
503 1650 144 42 proprium
611 1650 168 42 essentiale
743 1650 192 42 perfectionis
887 1650 108 42 illius,

165 1683 88 54 &c.
216 1683 113 54 Fides
291 1683 113 54 autem
367 1683 138 54 proprie
467 1683 151 54 loquendo
581 1683 88 54 non
631 1683 88 54 est
681 1683 101 54 pars
744 1683 88 54 aut
795 1683 151 54 proprium
895 1683 101 54 perfe¬-

168 1720 140 42 ctionis
270 1720 140 42 naturae
359 1720 114 42 humanae

200 1741 168 49 Instantia:
332 1741 96 49 Ergo
392 1741 108 49 nobis
465 1741 108 49 plura
537 1741 120 49 donata
621 1741 108 49 sunt,
693 1741 96 49 quam
753 1741 168 49 humanitati
874 1741 108 49 Christ.

204 1787 125 40 RESP.
287 1787 194 40 Nequaquam:
440 1787 97 40 nam
496 1787 97 40 qui
551 1787 153 40 centies
663 1787 125 40 mille
746 1787 125 40 numos
829 1787 139 40 auteos
913 1787 69 40 ha¬-

170 1819 99 36 bet,
232 1819 74 36 an
269 1819 87 36 non
318 1819 124 36 ditior
405 1819 87 36 est
454 1819 111 36 illo,
529 1819 87 36 qui
578 1819 99 36 unum
640 1819 149 36 duntaxat
752 1819 111 36 numum
826 1819 124 36 habet?
913 1819 87 36 Ita
950 1819 37 36 &

182 1852 138 44 Christi
283 1852 113 44 anima
359 1852 164 44 clariorem
485 1852 88 44 Dei
535 1852 189 44 cognitionem
686 1852 126 44 habuit
774 1852 63 44 &
799 1852 113 44 habet
875 1852 101 44 quam
925 1852 63 44 est

166 1884 69 53 ea
201 1884 92 53 quae
259 1884 81 53 per
305 1884 104 53 fidem
374 1884 139 53 habetur:
478 1884 115 53 ditior
559 1884 115 53 igitur
640 1884 104 53 fuit,
709 1884 92 53 quam
767 1884 69 53 si
802 1884 139 53 praedita
894 1884 104 53 fuisset

158 1918 66 44 fide

195 1951 85 43 IV.
244 1951 73 43 Si
280 1951 73 43 in
317 1951 110 43 anima
390 1951 134 43 Christi
487 1951 85 43 non
536 1951 97 43 fuit
597 1951 110 43 fides
670 1951 134 43 proprie
767 1951 158 43 loquendo,
889 1951 85 43 tum
925 1951 61 43 nec

179 1982 137 42 charitas
281 1982 69 42 in
316 1982 91 42 illa
373 1982 103 42 suit:
441 1982 137 42 Absurdum
544 1982 80 42 est
590 1982 160 42 posterius:
715 1982 91 42 Ergo
772 1982 57 42 &
784 1982 91 42 prius:

209 2019 138 41 Probatur
312 2019 126 41 connexi
404 2019 195 41 consequentia,
564 2019 69 41 ex
599 2019 69 41 1.
633 2019 138 41 Corinth.
736 2019 80 41 13.
782 2019 69 41 v.
816 2019 92 41 ult.
874 2019 92 41 Nunc
920 2019 57 41 ver

175 2054 103 37 manet
243 2054 115 37 fides,
324 2054 103 37 spes,
393 2054 149 37 charitas,
508 2054 92 37 tria
565 2054 103 37 haec:
634 2054 115 37 maxima
714 2054 103 37 autem
783 2054 103 37 harum
841 2054 126 37 charitas.

210 2084 124 38 RESP.
293 2084 82 38 I.
334 2084 151 38 Negatur
444 2084 220 38 consequentia
609 2084 137 38 connexi.

211 2117 85 39 II.
260 2117 73 39 Ea
296 2117 85 39 non
345 2117 146 39 probatur
455 2117 134 39 adducto
553 2117 110 39 loco,
626 2117 85 39 qui
675 2117 98 39 agit
736 2117 122 39 tantum
821 2117 73 39 de
858 2117 122 39 nobis,
931 2117 61 39 in¬-

173 2159 117 36 quibus
255 2159 140 36 charitas
360 2159 70 36 in
395 2159 82 36 hac
442 2159 93 36 vita
500 2159 70 36 ex
535 2159 93 36 fide
594 2159 128 36 oritur,
687 2159 82 36 qui
734 2159 70 36 ex
769 2159 105 36 parte
827 2159 152 36 cognoscimus

180 2191 83 43 &c.
228 2191 71 43 de
263 2191 107 43 anima
334 2191 95 43 vero
393 2191 130 43 Christi
488 2191 154 43 intelligi
607 2191 130 43 nequit,
702 2191 107 43 cujus
773 2191 142 43 charitas
879 2191 83 43 non
915 2191 71 43 pro¬-

178 2218 128 40 manavit
271 2218 70 40 ex
306 2218 104 40 fide,
376 2218 81 40 sed
422 2218 70 40 ex
457 2218 197 40 perfectissima
619 2218 162 40 cognitione
735 2218 70 40 Dei.

214 2248 68 50 V.
248 2248 68 50 Si
282 2248 68 50 in
316 2248 102 50 anima
384 2248 125 50 Christi
475 2248 80 50 non
521 2248 91 50 fuit
578 2248 114 50 fides,
657 2248 80 50 tum
703 2248 137 50 actiones
805 2248 125 50 Christi
885 2248 91 50 fueri,

173 2284 144 53 peccata:
281 2284 120 53 Falsum
365 2284 84 53 est
413 2284 180 53 consequens:
556 2284 96 53 Ergo
616 2284 60 53 &
628 2284 156 53 antecedens:

218 2323 146 45 Connexum
327 2323 146 45 probatur
436 2323 73 45 ex
473 2323 97 45 Rom.
533 2323 85 45 14.
582 2323 73 45 v.
618 2323 97 45 ult.
679 2323 146 45 Quicquid
788 2323 85 45 non
836 2323 85 45 sit
885 2323 73 45 ex
909 2323 85 45 fide.

173 2356 140 46 peccatum
267 2356 70 46 est,

211 2366 107 57 RESP.
283 2366 119 57 Aliena
366 2366 83 57 est
414 2366 155 57 probatio:
533 2366 95 57 quia
592 2366 95 57 haec
652 2366 83 57 lex
699 2366 143 57 pertinet
806 2366 71 57 ad
842 2366 95 57 eos,
902 2366 71 57 ad
925 2366 60 57 quo

182 2420 116 39 rectus
263 2420 92 39 usus
321 2420 162 39 libertatis
448 2420 173 39 Christianae
587 2420 69 39 in
621 2420 104 39 rebus
691 2420 116 39 mediis
772 2420 150 39 pertinet:
887 2420 104 39 Atqui
945 2420 46 39 ad

173 2462 125 37 animam
260 2462 137 37 Christi
360 2462 87 37 non
410 2462 162 37 pertinet:
535 2462 100 37 Ergo
597 2462 112 37 neque
672 2462 100 37 haec
722 2462 75 37 lex¬-

227 2487 230 42 QUAERITURII.
414 2487 86 42 An
457 2487 130 42 fides
543 2487 86 42 in
586 2487 158 42 Angelis
687 2487 72 42 sit

222 2518 111 44 RESP.
296 2518 148 44 Quatenus
407 2518 111 44 fides
481 2518 87 44 est
531 2518 136 44 notitia
630 2518 111 44 verbi
704 2518 87 44 Dei
753 2518 62 44 &
778 2518 185 44 mysteriorum
914 2518 74 44 ejus

177 2557 59 42 &
201 2557 143 42 assensio
308 2557 107 42 verbo
379 2557 83 42 Dei
427 2557 155 42 adhibita,
546 2557 131 42 eatenus
641 2557 83 42 est
689 2557 71 42 in
724 2557 143 42 Angelis.
831 2557 131 42 Fiducia
915 2557 83 42 autem

180 2583 71 46 in
216 2583 83 46 Dei
263 2583 189 46 misericordia
416 2583 130 46 propter
511 2583 130 46 meritum
605 2583 142 46 Christi,
712 2583 83 46 non
759 2583 83 46 est
806 2583 71 46 in
841 2583 142 46 Angelis,
936 2583 59 46 sed

198 2612 131 55 ropria
289 2612 91 55 est
342 2612 144 55 hominum
446 2612 91 55 qui
498 2612 91 55 per
551 2612 157 55 peccatum
668 2612 78 55 in
707 2612 157 55 miseriam
825 2612 157 55 aeternam
943 2612 78 55 se
969 2612 78 55 con¬-

191 2655 149 51 pecerant,
305 2655 57 51 a
328 2655 80 51 qua
374 2655 80 51 per
420 2655 138 51 Christum
512 2655 149 51 liberantur.

224 2685 181 45 QUAERITUR
363 2685 111 45 III.
433 2685 83 45 An
474 2685 181 45 unicuique
614 2685 153 45 hominum
725 2685 181 45 electorum
864 2685 97 45 sua
906 2685 83 45 pro¬-

181 2721 84 45 pria
234 2721 95 45 sides
297 2721 84 45 sit?
350 2721 95 45 Causa
413 2721 137 45 dubitandi
518 2721 84 45 est,
571 2721 84 45 quia
624 2721 105 45 Ephes.
697 2721 63 45 4.
729 2721 95 45 vers.
792 2721 63 45 5.
824 2721 116 45 dicitur
908 2721 84 45 esse
950 2721 42 45 u¬-

180 2758 70 37 na
204 2758 93 37 fides.

217 2781 116 46 RESP.
294 2781 90 46 Est
346 2781 129 46 quidem
436 2781 116 46 fides
513 2781 77 46 in
551 2781 141 46 omnibus
654 2781 141 46 electis
757 2781 77 46 ad
795 2781 116 46 vitam
860 2781 141 46 aeternam.

188 2821 54 43 &
210 2821 163 43 efficaciter
340 2821 119 43 vocatis
427 2821 87 43 una,
481 2821 76 43 tum
525 2821 119 43 specie,
612 2821 87 43 quia
666 2821 98 43 fides
731 2821 76 43 est
775 2821 119 43 species
851 2821 141 43 specialissi

184 2861 86 45 ma,
233 2861 86 45 tum
282 2861 135 45 objecto
380 2861 110 45 citca
453 2861 98 45 quod
514 2861 110 45 fides
588 2861 147 45 versatur
698 2861 61 45 &
722 2861 73 45 in
759 2861 98 45 quod
820 2861 159 45 credimus,
931 2861 73 45 quia

189 2895 83 37 res
236 2895 130 37 credita
331 2895 83 37 una
378 2895 94 37 est:
437 2895 106 37 tamen
508 2895 130 37 differt
602 2895 83 37 tum
650 2895 130 37 numero,
744 2895 83 37 tum
779 2895 83 37 gradu

220 2917 124 46 Numero
306 2917 149 46 differt,
418 2917 99 46 quia
480 2917 186 46 unusquisque
629 2917 174 46 credentium
765 2917 112 46 habet
840 2917 149 46 propriam
939 2917 62 46 sua

187 2949 111 45 fidem
260 2949 160 45 specialem
383 2949 86 45 seu
433 2949 172 45 individuam
568 2949 61 45 &
592 2949 184 45 singularem,
740 2949 74 45 ab
777 2949 135 45 aliorum
875 2949 98 45 fide
924 2949 74 45 dis¬-

184 2988 141 49 paratam,
290 2988 59 49 &
313 2988 70 49 ad
349 2988 176 49 successores
489 2988 82 49 non
536 2988 188 49 transcuntem,
689 2988 94 49 Hab.
748 2988 70 49 2.
783 2988 70 49 v.
818 2988 70 49 4.
853 2988 117 49 Matth.
935 2988 70 49 8.
959 2988 35 49 v

206 3027 55 37 2.
233 3027 55 37 1.
261 3027 74 37 Cor.
307 3027 65 37 12.
344 3027 55 37 9.
372 3027 55 37 2.
400 3027 83 37 Pett.
455 3027 55 37 1.
483 3027 83 37 vers.
529 3027 28 37 2

222 3046 128 50 Exempli
315 3046 128 50 gratia:
408 3046 105 50 Fides
478 3046 105 50 Petri
548 3046 81 50 pro
594 3046 81 50 qua
641 3046 139 50 Christus
745 3046 128 50 rogavit
838 3046 70 50 ne
862 3046 139 50 deficeret.

184 3093 114 38 numero
263 3093 148 38 distincta
378 3093 91 38 fuit
435 3093 68 38 ab
469 3093 126 38 aliorum
560 3093 183 38 discipulorum
709 3093 126 38 Christi
800 3093 103 38 fide,
868 3093 68 38 ut
903 3093 57 38 &
926 3093 57 38 a
937 3093 57 38 suc

188 3118 150 52 cessorum
300 3118 125 52 suorum
387 3118 112 52 fide,
462 3118 87 52 nam
512 3118 162 52 personale
637 3118 112 52 donum
712 3118 112 52 fuit,
786 3118 112 52 atque
861 3118 150 52 transire
961 3118 50 52 ad

191 3164 99 39 alios
257 3164 77 39 non
290 3164 99 39 potuit.

224 3189 96 43 Talis
288 3189 96 43 fides
352 3189 149 43 singularis
468 3189 74 43 seu
511 3189 138 43 specialis
617 3189 64 43 in
649 3189 127 43 quolibet
744 3189 127 43 fidelium
840 3189 85 43 est,
893 3189 85 43 quam
935 3189 64 43 sin¬-

186 3222 140 47 gulatim
288 3222 64 47 &
314 3222 76 47 in
352 3222 127 47 specie
441 3222 191 47 unusquisque
594 3222 89 47 pro
645 3222 76 47 se
683 3222 204 47 promissiones
849 3222 166 47 generales
963 3222 64 47 Ev¬-

194 3260 123 46 angelii
283 3260 78 46 seu
328 3260 123 46 gratiae
417 3260 101 46 atque
485 3260 78 46 ita
529 3260 56 46 &
552 3260 89 46 bona
607 3260 67 46 in
641 3260 123 46 Christo
730 3260 134 46 promissa
831 3260 67 46 ac
865 3260 157 46 praestita,
976 3260 34 46 &

1011 206 69 61 in
1045 206 149 61 Evangelio
1160 206 115 61 oblata
1240 206 184 61 amplectitur,
1390 206 126 61 sibique
1481 206 207 61 particulariter
1654 206 149 61 applicat,
1757 206 69 61 uni¬-

1023 246 68 51 ce
1057 246 68 51 in
1091 246 124 51 Christo
1181 246 192 51 conquiescens:
1339 246 102 51 Sicut
1407 246 113 51 Paulus
1487 246 91 51 Gal.
1543 246 68 51 2.
1577 246 68 51 v.
1611 246 79 51 20.
1656 246 91 51 ait:
1713 246 91 51 vivo
1758 246 68 51 per¬-

1024 275 106 53 fidem
1095 275 106 53 illam
1166 275 106 53 Filii
1237 275 94 53 Dei,
1296 275 83 53 qui
1343 275 130 53 dilexit
1437 275 83 53 Me,
1485 275 59 53 &
1508 275 142 53 tradidit
1614 275 165 53 semetipsum
1744 275 83 53 pro
1780 275 47 53 Me

1025 307 85 52 Sic
1073 307 97 52 Rom.
1134 307 73 52 8.
1170 307 73 52 v.
1207 307 85 52 38.
1255 307 97 52 MIHI
1316 307 158 52 persuasum
1437 307 97 52 est,
1498 307 85 52 &c.
1546 307 85 52 Sic
1595 307 73 52 in
1631 307 133 52 Symbolo
1716 307 109 52 Aposto¬-

1016 339 98 55 lico
1077 339 183 55 unusquisque
1223 339 86 55 pro
1272 339 73 55 se
1309 339 122 55 dicit,
1394 339 110 55 CREDO
1468 339 183 55 remissionem
1614 339 183 55 peccatorum,
1749 339 73 55 per¬-

1022 374 143 57 sentiens
1130 374 167 57 applicatum
1261 374 96 57 sibi
1321 374 84 57 hoc
1368 374 167 57 beneficium
1500 374 84 57 per
1547 374 203 57 efficacitatem
1715 374 60 57 &
1726 374 96 57 opera¬-

1025 411 113 39 tionem
1104 411 136 39 Spiritus
1194 411 113 39 Sanctis,

1061 440 95 53 Talis
1125 440 95 53 fides
1188 440 137 53 specialis
1293 440 116 53 prorsus
1378 440 147 53 necessaria
1493 440 74 53 est
1536 440 137 53 unicuique
1641 440 126 53 credenti
1736 440 74 53 pro
1767 440 53 53 se¬-

1052 479 75 43 I.
1090 479 100 43 Quia
1153 479 75 43 in
1190 479 125 43 specie
1278 479 88 43 eam
1328 479 75 43 in
1365 479 150 43 quolibet
1478 479 188 43 setvandorum
1628 479 100 43 Deus
1690 479 163 43 requirit.

1021 508 78 50 Sic
1065 508 89 50 enim
1121 508 133 50 Christus
1221 508 100 50 dicit
1287 508 155 50 paralytico
1409 508 111 50 Matth.
1487 508 67 50 9.
1520 508 67 50 v.
1554 508 67 50 2.
1587 508 122 50 Confide
1676 508 100 50 fili,
1731 508 100 50 remissa

1013 549 93 48 sunt
1072 549 93 48 tibi
1130 549 128 48 peccata
1223 549 93 48 tua:
1282 549 58 48 &
1305 549 117 48 Thomae
1387 549 93 48 Joh.
1445 549 82 48 20.
1492 549 82 48 27.
1538 549 70 48 Ne
1573 549 93 48 esto
1632 549 175 48 incredulus,
1772 549 82 48 sed

1023 584 140 46 credens.
1128 584 70 46 Et
1163 584 116 46 Paulus
1244 584 105 46 atque
1314 584 105 46 Silas
1384 584 209 46 commentariensi
1558 584 151 46 Philippis
1674 584 128 46 dicunt,
1756 584 58 46 Act

1023 618 81 41 16.
1070 618 105 41 vers.
1140 618 81 41 31.
1186 618 105 41 Crede
1256 618 70 41 in
1291 618 128 41 Dominum
1384 618 105 41 Iesum
1453 618 139 41 Christum
1558 618 58 41 &
1581 618 163 41 servaberis
1709 618 70 41 tu
1744 618 70 41 ac
1767 618 58 41 do¬-

1021 651 83 35 mus
1069 651 95 35 tua.
1128 651 83 35 Sic
1175 651 142 35 Johannes
1282 651 142 35 Baptista
1389 651 131 35 dicebat
1484 651 131 35 populo,
1579 651 71 35 ut
1614 651 71 35 in
1650 651 83 35 eum
1697 651 83 35 qui
1733 651 95 35 ventu¬-

1021 684 76 43 rus
1064 684 86 43 erat
1118 684 86 43 post
1172 684 108 43 ipsum,
1248 684 151 43 crederent,
1367 684 76 43 hoc
1410 684 86 43 est,
1464 684 65 43 in
1496 684 130 43 Christum
1593 684 108 43 Iesum,
1669 684 65 43 ut
1701 684 108 43 Paulus
1766 684 54 43 Act

1018 713 72 41 19.
1059 713 62 41 4.
1090 713 134 41 testatur.
1193 713 62 41 1.
1224 713 82 41 Joh.
1275 713 62 41 3.
1306 713 62 41 v.
1337 713 72 41 23.
1378 713 72 41 Hoc
1420 713 72 41 est
1461 713 103 41 igitur
1533 713 82 41 ejus
1585 713 155 41 praeceptum,
1708 713 62 41 ut
1729 713 103 41 credatis

1022 747 106 44 nomini
1097 747 96 44 Filij
1160 747 85 44 ejus
1213 747 85 44 Iesu
1266 747 127 44 Christi.
1362 747 96 44 Marc.
1426 747 74 44 11.
1468 747 64 44 v.
1500 747 74 44 22.
1542 747 106 44 Habete
1617 747 96 44 fidem
1680 747 85 44 Dei,
1733 747 53 44 &
1755 747 96 44 vers.

1028 785 77 41 24.
1072 785 154 41 Quaecunque
1193 785 143 41 precantes
1303 785 132 41 petitis,
1402 785 121 41 credite
1491 785 77 41 vos
1535 785 165 41 accepturos:
1667 785 55 41 &
1689 785 99 41 erunt
1744 785 88 41 vobis,

1032 818 88 40 Joh.
1087 818 77 40 14.
1131 818 66 40 1.
1164 818 66 40 Ne
1197 818 132 40 turbator
1296 818 77 40 cor
1340 818 132 40 vestrum.
1440 818 132 40 Creditis
1539 818 66 40 in
1572 818 99 40 Deum,
1638 818 99 40 etiam
1704 818 66 40 in
1737 818 66 40 me
1759 818 66 40 cre¬

997 843 95 39 dite

1055 871 82 54 II.
1102 871 94 54 Quia
1161 871 153 54 speciatim
1279 871 71 54 in
1314 871 141 54 singulis
1420 871 153 54 fidelibus
1537 871 165 54 testimonio
1666 871 141 54 Spiritus
1760 871 71 54 San¬-

1032 906 88 55 cti
1083 906 188 55 commendatur
1233 906 75 55 ut
1271 906 113 55 totum
1346 906 113 55 caput
1421 906 163 55 undecimum
1547 906 163 55 epistolae
1672 906 113 55 Pauli
1747 906 75 55 ad
1772 906 63 55 He¬-

1031 944 106 40 praeos
1095 944 116 40 ostendit.

1046 978 109 47 III.
1115 978 109 47 Quia
1183 978 123 47 fidem
1265 978 96 47 non
1320 978 150 47 habens,
1429 978 164 47 mendacem
1552 978 109 47 Deum
1621 978 137 47 facit,
1717 978 96 47 dum
1758 978 68 47 non

1021 1013 120 53 credit
1105 1013 180 53 testimonio,
1249 1013 96 53 quod
1309 1013 108 53 vitam
1381 1013 144 53 aeternam
1490 1013 108 53 dedit
1562 1013 108 53 nobis
1634 1013 96 53 Deus
1694 1013 72 53 in
1718 1013 120 53 Christo;

1033 1043 51 47 I.
1059 1043 68 47 Joh.
1102 1043 51 47 5.
1127 1043 51 47 v.
1153 1043 60 47 10,
1178 1043 43 47 11.

1057 1077 84 45 IV.
1105 1077 96 45 Quia
1165 1077 96 45 nisi
1225 1077 132 45 nostrum
1321 1077 156 45 unicuique
1441 1077 108 45 adsit
1514 1077 96 45 haec
1574 1077 108 45 fides
1646 1077 108 45 cujus
1718 1077 108 45 forma
1778 1077 60 45 est

1030 1103 134 52 fiducia,
1130 1103 67 52 in
1164 1103 134 52 perpetua
1264 1103 179 52 dubitatione,
1409 1103 145 52 anxietate
1521 1103 56 52 &
1543 1103 145 52 formidine
1655 1103 123 52 judicii
1733 1103 89 52 divin¬-

1032 1148 112 46 versari
1113 1148 71 46 nos
1154 1148 112 46 necesse
1235 1148 81 46 est.
1286 1148 92 46 Nulla
1347 1148 102 46 igitur
1418 1148 71 46 est
1459 1148 92 46 fides
1520 1148 142 46 salvifica,
1632 1148 81 46 nisi
1683 1148 71 46 sit
1723 1148 112 46 fiducia
1794 1148 41 46 de

1035 1176 153 39 certitudine
1147 1176 92 39 salutis

1065 1213 69 45 V.
1100 1213 104 45 Quia,
1169 1213 115 45 qualis
1250 1213 104 45 esset
1319 1213 115 45 fides,
1400 1213 69 45 si
1434 1213 138 45 crederes
1538 1213 92 45 Deum
1596 1213 92 45 esse
1654 1213 127 45 Patrem,
1746 1213 81 45 sed
1780 1213 58 45 non

1025 1248 104 45 tuum
1090 1248 143 45 Patrem,
1194 1248 104 45 esse
1258 1248 220 45 omnipotentem,
1440 1248 91 45 sed
1492 1248 91 45 non
1544 1248 91 45 tuo
1596 1248 117 45 bono,
1673 1248 117 45 Iesum
1738 1248 91 45 Chri¬-

1030 1275 99 53 stum
1091 1275 99 53 esse
1153 1275 123 53 natum,
1240 1275 123 53 factum
1326 1275 99 53 Legi
1388 1275 173 53 subjectum,
1523 1275 136 53 passum,
1622 1275 185 53 crucifixum,
1758 1275 74 53 mor¬-

1038 1314 93 47 tuum
1096 1314 70 47 at
1131 1314 81 47 non
1177 1314 81 47 pro
1224 1314 81 47 te?
1270 1314 151 47 Ecclesiam
1386 1314 104 47 esse,
1456 1314 70 47 at
1490 1314 70 47 te
1525 1314 70 47 ex
1560 1314 70 47 ea
1595 1314 81 47 non
1641 1314 104 47 esse?
1699 1314 139 47 peccatorum

1030 1345 197 57 remissionem,
1189 1345 86 57 sed
1239 1345 86 57 non
1288 1345 135 57 tuorum?
1386 1345 221 57 resurrectionem
1570 1345 123 57 carnis
1656 1345 98 57 fore
1717 1345 74 57 in
1742 1345 86 57 vitam

1027 1376 145 44 aeternam,
1139 1376 78 44 sed
1183 1376 78 44 non
1217 1376 78 44 tuae¬-

1051 1412 91 43 VI.
1103 1412 104 43 Quia
1168 1412 91 43 hac
1219 1412 104 43 fide
1284 1412 194 43 unusquisque
1440 1412 181 43 credentium
1582 1412 155 43 accipit,
1699 1412 142 43 obtinet
1789 1412 39 43 &

1044 1448 140 44 possidet
1149 1448 116 44 Filium
1230 1448 81 44 Dei
1277 1448 174 44 unigenitum,
1416 1448 93 44 sibi
1475 1448 116 44 datum,
1556 1448 93 44 sibi
1614 1448 116 44 natum,
1695 1448 93 44 sibi
1742 1448 93 44 mortu¬-

1045 1486 78 39 um,
1090 1486 89 39 sibi
1145 1486 190 39 resuscitatum:
1302 1486 78 39 sic
1347 1486 67 39 ut
1380 1486 89 39 haec
1436 1486 134 39 receptio
1537 1486 78 39 sit
1582 1486 101 39 modus
1649 1486 56 39 &
1671 1486 101 39 ratio
1727 1486 112 39 obtinen¬-

1036 1517 74 38 dae
1079 1517 128 38 salutis,
1175 1517 85 38 quae
1228 1517 96 38 nulla
1292 1517 85 38 esse
1345 1517 117 38 potest,
1430 1517 64 38 si
1462 1517 128 38 Christus
1557 1517 53 38 &
1579 1517 85 38 ejus
1632 1517 138 38 beneficia
1728 1517 106 38 offeran¬-

1029 1553 82 44 tur
1076 1553 118 44 tantum
1159 1553 59 44 a
1182 1553 94 44 Deo,
1241 1553 82 44 non
1288 1553 106 44 etiam
1359 1553 71 44 ab
1394 1553 129 44 homine,
1488 1553 82 44 cui
1535 1553 176 44 offeruntur,
1676 1553 94 44 fide
1723 1553 106 44 accipi¬-

1043 1587 103 33 antur,
1115 1587 72 33 Ps.
1156 1587 62 33 2.
1187 1587 62 33 v.
1218 1587 72 33 12.
1259 1587 93 33 Beati
1320 1587 93 33 omnes
1382 1587 72 33 qui
1423 1587 134 33 confidunt
1526 1587 62 33 in
1547 1587 51 33 eo¬-

1065 1612 98 52 VII.
1126 1612 98 52 Quia
1187 1612 110 52 nulla
1260 1612 85 52 est
1309 1612 159 52 certitudo
1431 1612 85 52 cum
1479 1612 146 52 affectu,
1589 1612 98 52 quin
1650 1612 85 52 sit
1699 1612 110 52 etiam
1760 1612 73 52 par¬-

1032 1652 136 38 ticularis
1136 1652 147 38 certitudo:
1251 1652 73 38 sic
1293 1652 63 38 ut
1325 1652 73 38 non
1367 1652 73 38 sit
1409 1652 168 38 Christianus,
1545 1652 73 38 qui
1587 1652 73 38 non
1629 1652 105 38 credit
1702 1652 63 38 se
1733 1652 84 38 esse
1775 1652 63 38 ele¬-

1031 1686 88 36 ctum
1086 1686 66 36 in
1119 1686 121 36 Christo
1208 1686 66 36 ad
1241 1686 99 36 vitam
1307 1686 144 36 aeternam,
1417 1686 66 36 se
1451 1686 88 36 esse
1506 1686 166 36 efficaciter
1638 1686 133 36 vocatum,
1727 1686 110 36 justifi¬-

1036 1718 121 45 catum,
1121 1718 145 45 adopatum
1230 1718 73 45 in
1266 1718 133 45 filium,
1363 1718 73 45 se
1399 1718 109 45 certo
1472 1718 145 45 servatum
1581 1718 85 45 iri
1629 1718 133 45 propter
1714 1718 121 45 Christum

1037 1745 57 42 &
1059 1745 184 42 glorificatum
1209 1745 69 42 in
1243 1745 149 42 aeternum,
1358 1745 92 42 Rom.
1415 1745 69 42 8.
1450 1745 69 42 v.
1473 1745 57 42 30.

1060 1773 140 45 Quisquis
1166 1773 94 45 ergo
1224 1773 94 45 vere
1283 1773 129 45 credit,
1376 1773 82 45 non
1423 1773 117 45 tantum
1505 1773 82 45 ore
1552 1773 152 45 articulos
1669 1773 105 45 fidei
1727 1773 117 45 confite¬-

1027 1820 84 39 tur,
1079 1820 73 39 sed
1121 1820 94 39 etiam
1184 1820 94 39 corde
1247 1820 94 39 illos
1309 1820 126 39 singulos
1404 1820 84 39 sibi
1456 1820 136 39 applicat,
1561 1820 94 39 seque
1624 1820 94 39 illis
1687 1820 115 39 solatur
1771 1820 63 39 in
1792 1820 52 39 huc

1035 1852 125 41 modum:
1122 1852 112 41 Credo
1196 1852 75 41 in
1234 1852 112 41 Deum,
1309 1852 75 41 ut
1346 1852 87 41 qui
1396 1852 87 41 non
1446 1852 125 41 tantum
1533 1852 149 41 aliorum,
1645 1852 87 41 sed
1695 1852 112 41 etiam
1757 1852 87 41 meus.

1030 1882 91 56 Deus
1086 1882 91 56 est,
1143 1882 57 56 &
1166 1882 125 56 seminis
1257 1882 79 56 mei
1302 1882 91 56 post
1359 1882 79 56 me,
1404 1882 79 56 qui
1449 1882 68 56 me
1483 1882 68 56 in
1517 1882 102 56 fedus
1585 1882 125 56 gratiae
1676 1882 147 56 suscepit,
1778 1882 57 56 &c.

1176 1914 90 52 Sic
1228 1914 103 52 ergo
1292 1914 142 52 differt
1395 1914 116 52 fides
1473 1914 168 52 electorum
1589 1914 103 52 uumero

1064 1949 102 54 Gradu
1131 1949 90 54 vrro
1188 1949 136 54 differt,
1290 1949 79 54 tum
1335 1949 90 54 quia
1391 1949 147 54 unicuique
1504 1949 181 54 distribuitur
1651 1949 79 54 pro
1696 1949 124 54 mensura
1776 1949 56 54 do¬-

1035 1982 61 56 ni
1065 1982 123 56 Christi,
1158 1982 82 56 Eph.
1209 1982 61 56 4.
1240 1982 61 56 v.
1270 1982 61 56 7.
1301 1982 61 56 1.
1332 1982 82 56 Cor.
1383 1982 72 56 12.
1424 1982 61 56 v.
1455 1982 72 56 11.
1496 1982 72 56 Nam
1537 1982 92 56 fides
1598 1982 72 56 est
1639 1982 61 56 in
1670 1982 92 56 aliis
1731 1982 102 56 major,
1793 1982 51 56 in¬-

1024 2027 102 38 aliis
1092 2027 113 38 minor:
1171 2027 68 38 in
1205 2027 102 38 aliis
1273 2027 136 38 firmior,
1375 2027 68 38 in
1409 2027 102 38 aliis
1477 2027 159 38 infirmior:
1602 2027 79 38 Tum
1648 2027 91 38 quia
1704 2027 68 38 in
1738 2027 79 38 uno
1772 2027 57 38 eo¬-

1029 2054 123 39 demque
1115 2054 123 39 homine
1201 2054 111 39 alias
1275 2054 86 39 est
1324 2054 111 39 major
1398 2054 62 39 &
1423 2054 148 39 firmior,
1534 2054 111 39 alias
1607 2054 111 39 minor
1681 2054 62 39 &
1694 2054 135 39 infirmior

1051 2084 227 40 QUAERITURIV.
1235 2084 85 40 An
1278 2084 85 40 in
1320 2084 170 40 sanctis,
1448 2084 99 40 qui
1505 2084 99 40 jam
1561 2084 85 40 in
1604 2084 142 40 coelum
1689 2084 142 40 cransiat

1031 2116 151 62 CHRISTUM
1145 2116 139 62 vident,
1246 2116 113 62 fides
1321 2116 101 62 sit?
1384 2116 113 62 Causa
1460 2116 164 62 dubitandi
1586 2116 101 62 est,
1649 2116 101 62 quia
1712 2116 88 62 ubi
1750 2116 88 62 visto

1033 2154 80 33 est,
1083 2154 70 33 ibi
1123 2154 90 33 fides
1183 2154 70 33 non
1223 2154 80 33 est;
1273 2154 50 33 &
1293 2154 70 33 ubi
1333 2154 90 33 fides
1393 2154 80 33 est,
1443 2154 70 33 ibi
1483 2154 90 33 visio
1543 2154 70 33 non
1573 2154 50 33 est

1062 2181 107 50 RESP.
1133 2181 190 50 Distinguenda
1287 2181 83 50 est
1335 2181 107 50 ratio
1406 2181 118 50 fidei.
1489 2181 83 50 Nam
1536 2181 118 50 aliter
1619 2181 71 50 se
1654 2181 107 50 habet
1725 2181 107 50 fides
1785 2181 47 50 in

1015 2220 30 41 i

1027 2254 91 39 ctis
1084 2254 125 39 ipsius.
1175 2254 148 39 Essentiam
1288 2254 182 39 beatitudinis
1437 2254 80 39 hic
1482 2254 91 39 fide
1539 2254 148 39 credimus,
1653 2254 68 39 in
1687 2254 91 39 aeso
1733 2254 102 39 visione

1034 2291 151 41 evacuatur
1151 2291 116 41 fides:
1232 2291 139 41 Adjuncta
1336 2291 93 41 vero
1394 2291 93 41 ejus
1452 2291 58 41 &
1476 2291 81 41 hic
1522 2291 58 41 &
1545 2291 105 41 illic
1615 2291 151 41 creduntur
1719 2291 105 41 quaedam

1035 2318 109 42 nempe
1108 2318 97 42 quae
1168 2318 133 42 visioni
1265 2318 121 42 beatae
1350 2318 121 42 minime
1434 2318 194 42 adversantur.
1592 2318 157 42 Utrobique
1713 2318 109 42 lumen
1773 2318 61 42 est

1036 2352 110 47 fidei,
1113 2352 66 47 in
1146 2352 77 47 via
1190 2352 55 47 &
1212 2352 66 47 in
1245 2352 121 47 patria:
1333 2352 77 47 sed
1377 2352 66 47 in
1410 2352 77 47 via
1453 2352 110 47 movens
1530 2352 66 47 ad
1563 2352 187 47 perfectionem,
1717 2352 66 47 in
1739 2352 88 47 patii¬-

1034 2384 80 48 sic
1079 2384 184 48 conquiescens
1229 2384 69 48 in
1263 2384 172 48 perfectione
1401 2384 184 48 beatitudinis
1551 2384 57 48 &
1574 2384 103 48 plena
1643 2384 126 48 visione
1735 2384 92 48 Dei,
1792 2384 69 48 ut

1029 2418 99 46 tamen
1095 2418 99 46 alia,
1160 2418 88 46 quae
1215 2418 88 46 viae
1270 2418 99 46 sunt,
1336 2418 77 46 non
1379 2418 120 46 desinat
1467 2418 142 46 propterea
1576 2418 131 46 cernere;
1675 2418 88 46 sive
1719 2418 109 46 praeter¬-

1033 2454 86 43 ita,
1087 2454 65 43 ut
1120 2454 86 43 sunt
1174 2454 97 43 omnia
1238 2454 86 43 quae
1292 2454 130 43 Christus
1389 2454 65 43 in
1422 2454 86 43 vita
1476 2454 97 43 fecit
1541 2454 108 43 nostra
1616 2454 108 43 causa;
1692 2454 86 43 sive
1735 2454 97 43 futura;

1040 2484 72 38 ut
1076 2484 96 38 sunt
1136 2484 192 38 complementum
1293 2484 108 38 regni
1365 2484 84 38 Dei
1413 2484 132 38 secundo
1509 2484 132 38 adventu
1605 2484 144 38 Christi.
1714 2484 120 38 resur:
1786 2484 48 38 e¬-

1033 2520 92 43 ctio
1090 2520 115 43 carnis
1170 2520 57 43 &
1193 2520 149 43 Ecclesiae
1308 2520 161 43 perfectio.
1435 2520 161 43 Quapropter
1561 2520 69 43 ut
1595 2520 80 43 nos
1641 2520 80 43 cum
1687 2520 138 43 sanctis,
1779 2520 46 43 id

1038 2551 72 39 mo
1074 2551 107 39 etiam
1146 2551 84 39 cum
1193 2551 143 39 Christo,
1301 2551 96 39 fide
1360 2551 155 39 conjuncti
1480 2551 119 39 sumus:
1563 2551 84 39 sic
1611 2551 60 39 &
1635 2551 119 39 sancti
1707 2551 131 39 nobiscum.

1046 2585 79 45 ide
1091 2585 146 45 conjuncti
1203 2585 101 45 sunt,
1270 2585 90 45 Illi
1326 2585 67 45 re
1360 2585 56 45 &
1382 2585 135 45 adspectu
1483 2585 157 45 praesentem
1607 2585 135 45 Christum
1696 2585 135 45 praesentes

1024 2630 132 32 tenent,
1120 2630 84 32 nos
1168 2630 96 32 vero
1228 2630 180 32 exspectant,
1372 2630 60 32 &
1396 2630 108 32 nobis
1467 2630 132 32 haerent
1563 2630 156 32 conjuncti
1683 2630 108 32 fide.
1743 2630 96 32 Vident

1034 2655 207 40 complementum
1202 2655 155 40 Christi,
1318 2655 142 40 credunt
1422 2655 207 40 complementum
1590 2655 168 40 Ecclesiae
1719 2655 103 40 quod
1770 2655 65 40 fu¬-

1037 2688 115 38 turum
1114 2688 89 38 est
1165 2688 140 38 secundo
1267 2688 140 38 adventu
1369 2688 153 38 Christi:
1484 2688 89 38 nos
1535 2688 204 38 complementum
1700 2688 115 38 utrum
1764 2688 64 38 qui

1040 2719 165 42 credimus;
1167 2719 64 42 &
1193 2719 89 42 hoc
1244 2719 140 42 futurum
1346 2719 127 42 nobis,
1435 2719 89 42 nos
1486 2719 64 42 &
1511 2719 102 42 illi
1575 2719 178 42 communiter
1702 2719 127 42 exspecta

1039 2749 90 44 mus.
1095 2749 79 44 Est
1140 2749 90 44 enim
1196 2749 101 44 fides
1263 2749 101 44 teste
1331 2749 135 44 Apostolo
1432 2749 101 44 Hebr.
1499 2749 79 44 11.
1544 2749 67 44 v.
1578 2749 67 44 1.
1611 2749 124 44 ἐλεγρος
1701 2749 79 44 τον
1746 2749 67 44 μη
1769 2749 67 44 ολε¬-

1044 2795 153 34 πορδθνον,
1162 2795 106 34 index
1232 2795 106 34 eorum
1303 2795 94 34 quae
1362 2795 82 34 non
1409 2795 153 34 videntur.
1526 2795 118 34 Suorum
1609 2795 106 34 autem
1679 2795 141 34 corporum
1773 2795 59 34 re¬-

1034 2818 203 39 surrectionem
1200 2818 64 39 &
1225 2818 153 39 gloriam,
1339 2818 140 39 nostram
1441 2818 216 39 conjunctionem
1619 2818 127 39 secum,
1708 2818 64 39 &
1721 2818 114 39 comple¬-

1044 2854 122 32 mentum
1129 2854 171 32 Ecclesiae,
1264 2854 61 32 &
1288 2854 147 32 supremam
1398 2854 134 32 gloriae
1496 2854 86 32 Dei
1545 2854 232 32 manifestationem
1728 2854 98 32 coelo¬-

1045 2886 96 39 stem
1105 2886 120 39 nondum
1189 2886 132 39 vident:
1284 2886 96 39 ergo
1344 2886 108 39 index
1416 2886 84 39 est
1464 2886 108 39 ipsis
1536 2886 120 39 eorum,
1620 2886 96 39 quae
1679 2886 84 39 non
1715 2886 120 39 videntur

1045 2920 118 41 fides.
1128 2920 95 41 Quod
1187 2920 71 41 ad
1223 2920 118 41 causam
1306 2920 154 41 dubitandi
1424 2920 130 41 attinet
1519 2920 71 41 ea
1554 2920 213 41 particularito:
1732 2920 95 41 ntum
1779 2920 59 41 ve¬-

1043 2957 62 37 ra
1074 2957 82 37 est,
1125 2957 72 37 sic
1166 2957 62 37 ut
1197 2957 154 37 limitatione
1321 2957 82 37 opus
1372 2957 82 37 sit.
1423 2957 72 37 Vbi
1465 2957 93 37 fides
1526 2957 82 37 est,
1578 2957 72 37 ibi
1619 2957 72 37 non
1660 2957 72 37 est
1701 2957 103 37 visio,
1763 2957 72 37 nimi¬-

1041 2983 72 43 rum
1082 2983 83 43 ejus
1134 2983 72 43 rei
1175 2983 93 43 cujus
1237 2983 72 43 est
1279 2983 104 43 fides.
1351 2983 83 43 Pari
1403 2983 114 43 ratione
1486 2983 72 43 ubi
1527 2983 93 43 visio
1589 2983 83 43 est,
1641 2983 72 43 ibi
1683 2983 72 43 non
1724 2983 72 43 est
1755 2983 83 43 sides,

1049 3024 119 34 nimirum
1136 3024 86 34 ejus
1190 3024 76 34 rei
1233 3024 97 34 cujus
1298 3024 76 34 est
1341 3024 108 34 visio.
1416 3024 97 34 Nulla
1481 3024 97 34 autem
1546 3024 162 34 necessitate
1676 3024 65 34 ex
1697 3024 130 34 particula.

1045 3052 65 40 ri
1078 3052 129 40 sequitur
1174 3052 140 40 universe,
1282 3052 75 40 ubi
1325 3052 97 40 fides
1390 3052 86 40 est,
1444 3052 75 40 ibi
1487 3052 108 40 nullam
1562 3052 86 40 esse
1616 3052 140 40 visionem;
1723 3052 75 40 aut
1766 3052 54 40 e
1777 3052 54 40 di¬-

1042 3084 110 43 verso,
1119 3084 77 43 ubi
1163 3084 99 43 vilio
1229 3084 88 43 est,
1284 3084 77 43 ibi
1328 3084 110 43 nullam
1405 3084 88 43 esse
1459 3084 110 43 fidem,
1536 3084 88 43 nisi
1591 3084 121 43 alterum
1679 3084 154 43 affirmetur
1789 3084 55 43 aut

1044 3124 140 34 negetur
1146 3124 153 34 universe
1261 3124 128 34 Summa,
1350 3124 140 34 sanctis
1452 3124 140 34 mortuis
1554 3124 64 34 &
1580 3124 89 34 jam
1631 3124 115 34 quoad
1707 3124 128 34 animas
1784 3124 51 34 in

1047 3157 86 41 coe
1096 3157 73 41 um
1132 3157 171 41 translatis
1267 3157 110 41 adhuc
1340 3157 147 41 superest
1450 3157 147 41 quiddam,
1560 3157 98 41 quod
1621 3157 86 41 non
1670 3157 134 41 vident,
1755 3157 86 41 nempo

1051 3185 175 39 resurrectio
1191 3185 117 39 carnis
1273 3185 58 39 &
1296 3185 117 39 gloria
1378 3185 82 39 Dei
1424 3185 128 39 suprema
1518 3185 140 39 implenda
1623 3185 82 39 die
1669 3185 140 39 judicii,
1762 3185 82 39 quan¬-

1048 3221 72 45 do
1084 3221 181 45 satiabuntur
1229 3221 145 45 adspectu
1337 3221 121 45 vultus
1422 3221 96 45 Dei,
1482 3221 60 45 &
1506 3221 133 45 interim
1603 3221 84 45 dum
1651 3221 72 45 ea
1687 3221 84 45 non
1735 3221 133 45 vident,

1047 3254 125 44 credunt.
