2063 3419
207 143 155 57 Probatur
323 143 64 57 a
349 143 90 57 Deo
400 143 90 57 per
452 143 193 57 tentationes
607 143 142 57 varias,
710 143 77 57 ut
748 143 116 57 fides
826 143 155 57 Abrahami
929 143 103 57 proba¬-

169 180 66 43 ta
202 180 98 43 fuit.
267 180 87 43 Gen.
322 180 98 43 fides
388 180 109 43 viduae
464 180 153 43 Sareptanae
584 180 66 43 1.
617 180 87 43 Reg.
672 180 76 43 17.
704 180 55 43 13:

211 213 99 46 Eadem
277 213 99 46 vides
343 213 142 46 salvifica
452 213 153 46 exploranda
573 213 77 46 est
616 213 66 46 an
649 213 77 46 sit
693 213 66 46 in
726 213 110 46 nobis,
803 213 66 46 2.
835 213 88 46 Cor.
890 213 77 46 13.
923 213 33 46 7

214 250 185 47 Intelligitur
365 250 93 47 quid
423 250 81 47 sit
469 250 58 47 &
492 250 127 47 videtur
585 250 208 47 cognosciturque
758 250 69 47 in
793 250 116 47 seipso
874 250 69 47 ab
909 250 69 47 eo
932 250 46 47 qu

181 285 88 37 vere
236 285 121 37 credit:
325 285 77 37 nam
369 285 88 37 vere
424 285 121 37 credens
512 285 88 37 scit
567 285 66 37 se
601 285 133 37 credere:
700 285 99 37 sicut
766 285 110 37 Paulus
843 285 77 37 ait
888 285 66 37 de
921 285 66 37 se
943 285 33 37 e

182 320 125 44 omnibus
273 320 91 44 vere
329 320 182 44 credentibus,
477 320 68 44 I.
511 320 136 44 Corinth.
613 320 68 44 2.
647 320 125 44 versic.
738 320 80 44 12.
784 320 80 44 Nos
829 320 91 44 vero
886 320 80 44 non
920 320 68 44 spi¬-

177 355 108 40 ritum
249 355 108 40 mundi
321 355 168 40 accepimus,
453 355 84 40 sed
501 355 144 40 Spiritum
609 355 84 40 qui
657 355 84 40 est
705 355 72 40 ex
741 355 96 40 Deo:
801 355 72 40 ut
837 355 132 40 sciamus
921 355 72 40 quae

180 386 97 33 Deus
240 386 85 33 est
289 386 109 33 nobis
361 386 205 33 gratificatus.
530 386 97 33 Unde
591 386 60 33 &
615 386 121 33 quivis
699 386 97 33 vere
760 386 145 33 fidelium
868 386 85 33 cum
904 386 85 33 Paulo

178 418 114 33 dicere
258 418 126 33 potest,
349 418 91 33 Novi
406 418 80 33 cui
452 418 171 33 crediderim,
589 418 69 33 2.
623 418 91 33 Tim.
680 418 69 33 1.
703 418 46 33 12

211 446 102 41 Fidei
279 446 102 41 autem
347 446 159 41 salvificae
473 446 91 41 sunt
529 446 137 41 cuilibet
632 446 91 41 vere
689 446 137 41 fidelium
791 446 102 41 notae
860 446 80 41 tum
894 446 91 41 inter¬-

174 484 85 34 nae
222 484 85 34 tum
271 484 157 34 externae,
392 484 73 34 ex
428 484 121 34 quibus
513 484 109 34 certo
585 484 169 34 cognoscere
719 484 121 34 potest
803 484 73 34 se
840 484 73 34 ea
864 484 133 34 praeditum

175 512 64 42 esset

214 541 137 42 Internae
316 541 103 42 notae
385 541 91 42 sunt
442 541 91 42 hae:
499 541 103 42 Primo
568 541 91 42 vere
625 541 126 42 fidelis
717 541 114 42 credit
797 541 103 42 corde
865 541 80 42 suo
900 541 91 42 divina

177 578 72 41 ac
213 578 97 41 vera
274 578 97 41 esse
334 578 109 41 omnia
406 578 97 41 quae
467 578 121 41 verbum
551 578 97 41 Dei,
612 578 97 41 quod
672 578 72 41 ia
708 578 72 41 in
744 578 157 41 Scriptura
865 578 109 41 Sacra
926 578 72 41 con¬-

186 613 126 39 tinetur,
269 613 84 39 tradit

206 638 146 45 Secundo,
315 638 122 45 sentit
401 638 73 45 se
437 638 146 45 obligari
547 638 73 45 ad
583 638 73 45 ea
620 638 146 45 firmiter
729 638 146 45 credenda
839 638 61 45 &
851 638 146 45 amplecten¬-

179 672 80 43 da.
224 672 68 43 Si
258 672 91 43 enim
315 672 114 43 divina
395 672 68 43 ac
429 672 91 43 vera
486 672 102 43 sunt,
554 672 114 43 aequum
634 672 80 43 est
679 672 68 43 ut
714 672 80 43 eis
748 672 159 43 essentiamur.

213 709 129 39 Tertio,
307 709 152 39 praecipue
424 709 152 39 intuetur,
542 709 176 39 amplectitur
682 709 59 39 &
706 709 94 39 sibi
764 709 141 39 applicat
858 709 141 39 promissio¬-

177 745 84 46 nem
225 745 132 46 gratiae
321 745 72 46 in
346 745 120 46 Christo.

216 773 129 48 Quarto,
310 773 140 48 firmiter
415 773 164 48 acquiescit
544 773 70 48 in
579 773 152 48 praesenti
696 773 117 48 gratia
778 773 82 48 Dei
825 773 59 48 &
849 773 70 48 ex
884 773 70 48 ea
907 773 82 48 certu

185 807 72 44 est
226 807 62 44 de
257 807 103 44 salute
318 807 103 44 aeterna.

213 838 131 49 Quinto,
308 838 119 49 sentit
391 838 71 49 in
427 838 71 49 se
463 838 119 49 luctam
546 838 107 49 fidei
617 838 83 49 cum
664 838 178 49 dubitatione
807 838 119 49 tandem
878 838 119 49 cedente.

215 877 127 38 Sexto,
304 877 152 38 percipit
419 877 76 38 in
457 877 114 38 corde
533 877 89 38 suo
584 877 127 38 ingens
673 877 140 38 gaudium
774 877 64 38 &
787 877 216 38 tranquillitatem

181 910 216 42 conscientiae
357 910 189 42 superantem
506 910 122 42 omnem
587 910 149 42 humanum
682 910 189 42 intellectum.

218 934 145 46 Septimo
323 934 119 46 habet
402 934 184 46 voluntatem
547 934 145 46 promtam
653 934 66 46 &
679 934 132 46 serium
771 934 145 46 studium
863 934 132 46 obedien¬-

186 973 73 43 di
222 973 85 43 Deo
271 973 97 43 sine
331 973 170 43 exceptione
465 973 73 43 in
501 973 133 43 omnibus
598 973 97 43 quae
659 973 97 43 Deus
719 973 85 43 vel
768 973 121 43 facere
853 973 85 43 vel
889 973 109 43 omitte¬-

177 1017 70 41 re
212 1017 82 41 vel
259 1017 93 41 pati
317 1017 117 41 jubet:
399 1017 82 41 sic
446 1017 70 41 ut
481 1017 117 41 faciat
562 1017 140 41 officium
667 1017 82 41 Deo
714 1017 140 41 debitum,
819 1017 128 41 quamvis
901 1017 93 41 diabo¬-

177 1045 87 45 lo,
226 1045 111 45 mundo
300 1045 62 45 &
325 1045 186 45 Antichristo
461 1045 198 45 reluctantibus.

224 1078 85 37 Haec
278 1078 96 37 omnia
342 1078 64 37 in
374 1078 64 37 se
406 1078 107 37 sentit
481 1078 75 37 qui
523 1078 85 37 fide
577 1078 139 37 salvifica
684 1078 75 37 est
726 1078 150 37 praeditus:
844 1078 64 37 ex
876 1078 107 37 iisdem
951 1078 75 37 eam

171 1112 70 45 in
206 1112 116 45 seipso
276 1112 139 45 cognoscit:

219 1146 132 35 Externae
318 1146 99 35 notae
384 1146 88 35 sunt
438 1146 99 35 hae:.
504 1146 110 35 Prima,
581 1146 143 35 intrepida
691 1146 99 35 fidei
757 1146 154 35 confessio,
877 1146 99 35 sicut
932 1146 66 35 Pau¬-

180 1179 85 42 lus
228 1179 85 42 ait
277 1179 73 42 2.
313 1179 97 42 Cor.
374 1179 73 42 4.
410 1179 73 42 v.
447 1179 85 42 13.
495 1179 73 42 Et
531 1179 133 42 quoniam
628 1179 133 42 habemus
725 1179 121 42 eundem
810 1179 145 42 Spiritum
907 1179 85 42 fidei

189 1208 146 42 secundum
298 1208 109 42 illud
371 1208 97 42 quod
432 1208 146 42 scriptum
541 1208 85 42 est
590 1208 146 42 Credidi,
699 1208 61 42 &
724 1208 97 42 ideo
784 1208 146 42 loquutus
894 1208 97 42 sum:
942 1208 61 42 nos

197 1244 130 44 quoque
288 1244 169 44 credimus,
418 1244 169 44 quamobrem
547 1244 117 44 etiam
612 1244 143 44 loquimur.

216 1277 143 45 Secunda,
323 1277 166 45 charitatis
454 1277 166 45 declaratio
584 1277 95 45 erga
644 1277 119 45 alios,
727 1277 83 45 tam
774 1277 143 45 inimicos
881 1277 95 45 quam
929 1277 59 45 ad¬-

187 1311 109 42 micos:
264 1311 77 42 Nam
307 1311 98 42 fides
373 1311 77 42 est
417 1311 120 42 efficax
504 1311 77 42 per
548 1311 164 42 charitatem,
679 1311 87 42 Gal.
734 1311 66 42 5.
766 1311 66 42 v.
788 1311 44 42 6.

227 1333 145 50 Tertia,
332 1333 145 50 studium
438 1333 198 50 conservandi
597 1333 119 50 bonam
676 1333 211 50 conscientiam
848 1333 106 50 apud
914 1333 106 50 Deum
966 1333 40 50 &

190 1373 146 49 homines,
299 1373 122 49 Actor.
385 1373 85 49 24.
421 1373 61 49 16.

223 1399 72 53 Ad
259 1399 107 53 hasce
331 1399 107 53 notas
402 1399 107 53 fidei
474 1399 143 53 internas
581 1399 60 53 &
605 1399 143 53 externas
713 1399 131 53 accedit
808 1399 143 53 internum
904 1399 96 53 testi¬-

187 1445 113 40 monium
266 1445 136 40 Spiritus
368 1445 124 40 Sancti,
458 1445 91 40 Rom.
515 1445 68 40 8.
549 1445 68 40 v.
583 1445 79 40 16.
628 1445 68 40 1.
662 1445 91 40 Cor.
718 1445 68 40 2.
752 1445 68 40 v.
786 1445 79 40 10,
832 1445 79 40 11,
865 1445 57 40 12.

210 1468 195 46 Subscribunt
366 1468 169 46 Orthodoxi
496 1468 143 46 Patres,
600 1468 182 46 Augustinus
742 1468 143 46 secundo
846 1468 117 46 tomo,
911 1468 78 46 epi¬-

178 1504 117 47 stolam
260 1504 152 47 centesima
377 1504 164 47 duodecima,
506 1504 94 47 cap.
565 1504 129 47 tertio:
658 1504 105 47 Fides
729 1504 94 47 ipsa
787 1504 105 47 mente
857 1504 117 47 utique
928 1504 70 47 vide

180 1545 96 38 tur,
240 1545 132 38 quamvis
336 1545 84 38 hoc
384 1545 96 38 fide
443 1545 156 38 credatur,
563 1545 96 38 quod
623 1545 84 38 non
671 1545 144 38 videtur.
779 1545 72 38 Et
814 1545 84 38 mox
862 1545 84 38 sic
910 1545 72 38 de
934 1545 60 38 ho¬-

189 1576 93 42 mine
247 1576 128 42 fideli:
340 1576 105 42 Videt
410 1576 105 42 ipsam
480 1576 105 42 fidem
550 1576 105 42 suam,
619 1576 81 42 qua
666 1576 70 42 se
701 1576 128 42 credere
794 1576 93 42 sine
840 1576 163 42 dubitatione.

185 1607 161 39 respondet.
311 1607 69 39 Et
346 1607 115 39 capite
426 1607 127 39 quarto:
518 1607 104 39 Menti
587 1607 127 39 nostrae
679 1607 104 39 fides
748 1607 115 39 nostra
829 1607 150 39 conspicua
932 1607 69 39 est,

186 1639 74 43 Et
223 1639 124 43 capite
309 1639 136 43 quinto:
408 1639 111 43 Mente
482 1639 136 43 videmus
581 1639 111 43 ipsam
655 1639 74 43 in
692 1639 111 43 nobis
767 1639 99 43 quam
828 1639 148 43 credimus
927 1639 62 43 fi¬

171 1677 77 41 dem

210 1709 133 41 Proinde
307 1709 97 41 veri
367 1709 169 41 Christiani
500 1709 145 41 ignorare
609 1709 85 41 non
657 1709 145 41 possunt,
766 1709 85 41 sed
814 1709 109 41 certo
886 1709 121 41 sciunt
959 1709 36 41 s

187 1749 138 44 credere,
290 1749 69 44 se
324 1749 92 44 fide
382 1749 149 44 salvifica
496 1749 57 44 a
519 1749 80 44 Deo
565 1749 126 44 donatos
657 1749 92 44 esse
714 1749 57 44 &
737 1749 69 44 in
771 1749 69 44 eo
794 1749 138 44 recumbere.

211 1776 125 43 Eandem
299 1776 75 43 in
337 1776 113 43 aliis
412 1776 125 43 quoque
500 1776 138 43 membris
600 1776 163 43 Ecclesiae
725 1776 88 43 Dei
775 1776 113 43 esse,
850 1776 125 43 canone
925 1776 63 43 cha

186 1814 120 37 ritatis
273 1814 87 37 sibi
328 1814 152 37 persuadent
447 1814 54 37 &
469 1814 131 37 credunt,
567 1814 98 37 sicut
632 1814 109 37 Paulus
708 1814 76 37 ait
752 1814 65 37 2.
784 1814 120 37 Timoth.
871 1814 65 37 1.
904 1814 87 37 ver.
947 1814 44 37 5.

191 1843 138 42 Memoria
291 1843 150 42 repetens
403 1843 88 42 eam
453 1843 100 42 quae
516 1843 75 42 in
553 1843 75 42 te
591 1843 88 42 est
641 1843 125 42 minime
728 1843 163 42 simulatam
853 1843 125 42 fidem,
928 1843 75 42 quae

176 1879 168 38 habitavit
305 1879 116 38 prius
383 1879 78 38 in
422 1879 103 38 avia
486 1879 90 38 tua
538 1879 116 38 Loide
615 1879 65 38 &
641 1879 116 38 matre
719 1879 90 38 tua
770 1879 142 38 Eunica,
861 1879 142 38 persuasus

184 1912 87 45 sum
233 1912 112 45 autem
308 1912 100 45 quod
371 1912 75 45 in
408 1912 75 45 te
446 1912 137 45 quoque.
545 1912 112 45 Hebr.
620 1912 75 45 6.
658 1912 75 45 v.
695 1912 75 45 9.
733 1912 87 45 Sed
782 1912 112 45 nobis
845 1912 162 45 persuasimus

190 1940 65 52 de
223 1940 108 52 vobis,
298 1940 130 52 dilecti,
395 1940 86 52 quae
449 1940 119 52 meliora
536 1940 97 52 sunt,
600 1940 54 52 &
622 1940 108 52 saluti
687 1940 151 52 adhaerentia.

214 1961 169 58 Confirmat
344 1961 104 58 idem
409 1961 169 58 articulus
538 1961 143 58 Symboli
642 1961 182 58 Apostolici
785 1961 91 58 quo
836 1961 195 58 profitemur,

185 2005 91 46 Nos
237 2005 144 46 credere
342 2005 144 46 sanctam
446 2005 170 46 Ecclesiam
577 2005 196 46 Catholicam.
734 2005 131 46 Multos
825 2005 105 46 ergo
877 2005 118 46 fideles

193 2046 148 45 salvifica
307 2046 91 45 fide
364 2046 148 45 praeditos
478 2046 91 45 esse
534 2046 137 45 credimus
637 2046 57 45 &
648 2046 103 45 novimus

230 2061 83 54 Huc
277 2061 141 54 pertinet
383 2061 106 54 illud
454 2061 153 54 Augustini
572 2061 118 54 capit,
655 2061 118 54 quarto
737 2061 153 54 epistolae
855 2061 106 54 paulo
926 2061 94 54 ante
973 2061 59 54 ci¬-

184 2100 118 52 tatae:
267 2100 106 52 Abest
337 2100 71 52 ab
373 2100 129 52 aspectu
467 2100 118 52 mentis
549 2100 82 52 mea
596 2100 106 52 fides
667 2100 94 52 tua,
726 2100 129 52 quamvis
820 2100 82 52 eam
867 2100 94 52 esse
926 2100 71 52 in
949 2100 59 52 te¬-

188 2137 140 52 credam,
290 2137 89 52 cum
341 2137 89 52 eam
392 2137 89 52 non
443 2137 127 52 videam
532 2137 140 52 corpore
633 2137 102 52 quod
697 2137 89 52 nec
748 2137 76 52 tu
786 2137 127 52 potes,
875 2137 89 52 nec
913 2137 89 52 mente

201 2176 91 45 quod
258 2176 69 45 tu
292 2176 114 45 potes,
372 2176 103 45 sicut
441 2176 80 45 ego
486 2176 103 45 meam,
555 2176 91 45 quam
612 2176 69 45 tu
646 2176 80 45 non
681 2176 91 45 potes.

230 2205 92 41 Ante
288 2205 127 41 ultimum
381 2205 139 41 adventum
484 2205 127 41 Christi
577 2205 69 41 ad
611 2205 139 41 judicium
715 2205 92 41 rara
773 2205 92 41 erit
831 2205 69 41 in
865 2205 115 41 terra,
935 2205 69 41 Luc.

191 2246 83 32 18.
239 2246 71 32 v.
274 2246 71 32 8.
310 2246 83 32 Ubi
357 2246 131 32 Dominus
452 2246 142 32 loquitur
559 2246 83 32 non
607 2246 71 32 de
642 2246 95 32 fide
701 2246 178 32 miraculorum
844 2246 83 32 aut
891 2246 142 32 alioquin

195 2272 124 41 eximia
281 2272 136 41 quapiam
381 2272 99 41 fide
443 2272 124 41 qualis
530 2272 136 41 optimis
629 2272 112 41 etiam
703 2272 161 41 Ecclesiae
827 2272 174 41 temporibus
951 2272 50 41 in

193 2300 129 54 paucos
283 2300 129 54 cadit:
374 2300 90 54 sed
425 2300 77 54 de
464 2300 103 54 fide
528 2300 142 54 communi
631 2300 129 54 omnium
709 2300 206 54 Christianorum.

227 2326 66 53 Ex
260 2326 143 53 adjunctis
370 2326 99 53 fides
436 2326 143 53 salvifica
546 2326 77 53 vel
590 2326 99 53 magna
657 2326 77 53 est
701 2326 77 53 vel
745 2326 110 53 parva,
822 2326 110 53 fortis
899 2326 77 53 vel
932 2326 66 53 lan¬-

187 2370 126 48 guida,
276 2370 88 48 pro
326 2370 139 48 mensura
427 2370 176 48 donationis
565 2370 151 48 Christi.
679 2370 76 48 In
716 2370 164 48 aliquibus
842 2370 101 48 enim
905 2370 113 48 magna
968 2370 38 48 &

189 2402 120 44 fortis
273 2402 96 44 est,
333 2402 72 44 ut
370 2402 96 44 fuit
430 2402 72 44 in
466 2402 145 44 Abrahamo
574 2402 108 44 patre
647 2402 157 44 fidelium,
767 2402 120 44 Roman.
851 2402 72 44 4.
887 2402 84 44 18,
936 2402 84 44 19,
972 2402 60 44 20.

196 2437 81 40 21.
243 2437 69 40 in
277 2437 116 40 sociis
358 2437 139 40 Danielis
462 2437 92 40 Dan.
520 2437 58 40 3
543 2437 69 40 in
578 2437 127 40 Daniele
670 2437 92 40 ipso
728 2437 92 40 Dan.
786 2437 69 40 6.
821 2437 69 40 in
855 2437 127 40 muliere
936 2437 58 40 Ca¬-

199 2465 110 48 nanaea
276 2465 132 48 Matthaei
374 2465 77 48 15.
418 2465 99 48 vers.
484 2465 77 48 28.
528 2465 66 48 In
561 2465 99 48 aliis
626 2465 99 48 parva
692 2465 77 48 seu
736 2465 132 48 pusilla,
835 2465 55 48 &
857 2465 132 48 infirma,
944 2465 66 48 quae

206 2504 146 39 propterea
318 2504 168 39 ολεροπισια,
453 2504 56 39 &
475 2504 67 39 Si
509 2504 135 39 praediti
610 2504 146 39 aλεοοmςον
722 2504 168 39 appellantur
857 2504 112 39 Matth.
936 2504 67 39 6.
958 2504 45 39 v.

194 2531 85 56 30.
243 2531 171 56 nonnunquam
377 2531 61 56 &
401 2531 146 56 ἀπιστία,
511 2531 195 56 incredulitas
669 2531 171 56 nominatur,
803 2531 122 56 veluti
888 2531 110 56 Marc.
949 2531 49 56 9.

197 2576 64 45 v.
229 2576 75 45 24.
272 2576 107 45 Matth.
347 2576 75 45 17.
389 2576 64 45 v.
411 2576 53 45 20.

228 2594 90 57 Imo
280 2594 77 57 in
318 2594 90 57 uno
370 2594 154 57 eodemque
485 2594 129 57 homino
575 2594 129 57 fideli
665 2594 167 57 aliquando
794 2594 129 57 exigua
884 2594 64 57 &
896 2594 116 57 debilis

202 2641 98 43 est,
263 2641 159 43 aliquando
386 2641 110 43 major
459 2641 61 43 &
484 2641 208 43 confirmatior:
655 2641 135 43 exempli
754 2641 123 43 gratia
839 2641 74 43 in
876 2641 110 43 Petro
937 2641 74 43 Apo¬-

203 2670 113 46 stolo
279 2670 126 46 modica
367 2670 101 46 fuit
430 2670 126 46 fides,
518 2670 88 46 cum
569 2670 151 46 ambulans
682 2670 113 46 super
758 2670 113 46 aquas
834 2670 126 46 ccepit
909 2670 101 46 mergi,

204 2703 125 51 Matth.
292 2703 88 51 14.
342 2703 88 51 31,
393 2703 100 51 item
455 2703 88 51 cum
505 2703 150 51 Christum
618 2703 163 51 abnegavit
744 2703 75 51 in
781 2703 138 51 aedibus
882 2703 113 51 summi
944 2703 63 51 Sa¬-

195 2736 159 47 cerdotis,
317 2736 122 47 Matth.
403 2736 86 47 26.
452 2736 86 47 70.
501 2736 61 47 &
525 2736 196 47 sequentibus:
684 2736 73 47 in
721 2736 159 47 codemfuit
844 2736 110 47 fides
917 2736 110 47 magna
978 2736 37 47 &

188 2772 128 46 fortis
278 2772 103 46 post
342 2772 244 46 resurrectionem,
548 2772 90 46 cum
599 2772 154 46 Christum
715 2772 167 46 intrepide
843 2772 64 46 &
869 2772 116 46 magna
933 2772 77 46 con¬-

190 2814 133 36 stantia
287 2814 181 36 praedicavit
432 2814 157 36 contemtis
553 2814 109 36 minis
625 2814 145 36 Concilii
734 2814 193 36 sacerdotalis
891 2814 60 36 &
915 2814 121 36 Senio¬

201 2849 86 44 tum
250 2849 135 44 populi,
348 2849 61 44 &
372 2849 110 44 morte
445 2849 110 44 etiam
507 2849 73 44 ipsa

238 2861 107 57 Parva
309 2861 107 57 etiam
381 2861 59 57 &
405 2861 143 57 languida
512 2861 107 57 sides
583 2861 83 57 dum
631 2861 95 57 modo
690 2861 95 57 vera
749 2861 71 57 ac
785 2861 95 57 viva
845 2861 95 57 sit,
904 2861 71 57 ad
928 2861 83 57 veram

189 2908 162 46 insitionem
317 2908 70 46 in
352 2908 139 46 Christum
444 2908 128 46 sufficit:

240 2949 109 41 Veram
312 2949 72 41 ac
349 2949 109 41 vivam
421 2949 97 41 esse
481 2949 181 41 cognoscitur
626 2949 109 41 frimo
698 2949 72 41 ex
735 2949 97 41 vero
795 2949 109 41 sensu
867 2949 133 41 adeptae
952 2949 60 41 re¬-

202 2980 166 46 missionis
330 2980 178 46 peccatorum
470 2980 64 46 &
495 2980 191 46 receptionis
648 2980 76 46 in
687 2980 140 46 gratiam
789 2980 140 46 propter
878 2980 140 46 Christum:

203 3007 88 52 nam
254 3007 100 52 quum
316 3007 113 52 David
391 3007 125 52 Psalm.
479 3007 88 52 32.
529 3007 75 52 1.
566 3007 175 52 pronunciet
704 3007 125 52 heatum
792 3007 88 52 cui
842 3007 138 52 remissa
929 3007 88 52 sunt,

202 3042 123 57 peccati:
294 3042 134 57 felicitas
397 3042 92 57 esset
459 3042 123 57 infelix,
551 3042 113 57 felicem
633 3042 82 57 esse
685 3042 82 57 sine
736 3042 154 57 felicitatis
859 3042 103 57 sensu.
921 3042 82 57 Secun¬-

205 3073 80 51 do,
250 3073 69 51 ex
285 3073 126 51 fiducia
376 3073 69 51 in
411 3073 92 51 sola
468 3073 80 51 Dei
514 3073 138 51 bonitate
617 3073 57 51 &
640 3073 126 51 Christi
732 3073 126 51 merito,
824 3073 57 51 &
847 3073 80 51 non
892 3073 69 51 in
915 3073 92 51 meriti

205 3105 130 52 nostris
300 3105 118 52 ullis.
382 3105 118 52 Tertio
465 3105 71 52 ex
500 3105 106 52 sensu
571 3105 118 52 amoris
653 3105 83 52 Dei
701 3105 94 52 erga
760 3105 83 52 nos
807 3105 59 52 &
830 3105 118 52 nostri
901 3105 118 52 vicissim

193 3147 120 41 erga
268 3147 120 41 Deum
343 3147 150 41 Patrem
448 3147 75 41 &
478 3147 150 41 Filium
583 3147 120 41 ejus
658 3147 135 41 JESUM
748 3147 195 41 CHRISTUM.
883 3147 120 41 Quarte

200 3179 77 47 ex
239 3179 205 47 promtitudine
405 3179 64 47 &
430 3179 141 47 fiducia
533 3179 166 47 invocandi
661 3179 102 47 eum,
725 3179 64 47 &
750 3179 128 47 studio
840 3179 141 47 aliorum
929 3179 90 47 bono¬

1018 147 86 44 rum
1067 147 122 44 operum
1152 147 61 44 a
1177 147 86 44 Deo
1226 147 208 44 praeceptorum:
1397 147 110 44 Sicut
1471 147 147 44 Christus
1581 147 110 44 dicit
1654 147 122 44 Johan.
1740 147 73 44 7.
1765 147 73 44 ver.

1034 190 78 43 17.
1079 190 112 43 Siquis
1157 190 145 43 voluerit,
1268 190 89 43 quod
1324 190 89 43 ille
1380 190 89 43 vult
1436 190 123 43 facere,
1525 190 145 43 cognoscet
1637 190 67 43 de
1670 190 134 43 doctrina
1760 190 78 43 utrim

1043 220 65 45 ex
1076 220 76 45 Deo
1119 220 86 45 sit,
1173 220 65 45 an
1205 220 76 45 ego
1248 220 54 45 a
1270 220 108 45 meipso
1335 220 86 45 loquar

1067 246 91 51 Non
1119 246 91 51 est
1171 246 78 51 in
1209 246 117 51 nobis
1287 246 129 51 unquam
1378 246 142 51 quamdiu
1481 246 91 51 hic
1533 246 142 51 vivimus
1637 246 168 51 perfecta,
1753 246 91 51 neque

1036 277 162 49 intensive,
1164 277 127 49 ratione
1256 277 127 49 nimirum
1349 277 139 49 fiduciae
1453 277 150 49 perfectae
1568 277 92 49 quam
1626 277 139 49 creditur
1730 277 69 49 in
1753 277 81 49 Chri¬-

1028 320 116 42 stum:
1105 320 116 42 neque
1182 320 180 42 extensive,
1323 320 141 42 ratione
1426 320 116 42 nempe
1503 320 128 42 rerum,
1593 320 103 42 quum
1657 320 116 42 omnia
1721 320 116 42 omnino¬-

1035 354 141 32 credenda
1141 354 164 32 creduntur:
1270 354 82 32 sed
1317 354 82 32 est
1352 354 153 32 imperfecta:

1066 383 74 48 I.
1103 383 99 48 Quia
1165 383 74 48 in
1202 383 87 48 hac
1252 383 99 48 vita
1314 383 74 48 ex
1351 383 112 48 parte
1425 383 186 48 regeneramur
1574 383 62 48 &
1599 383 74 48 ex
1636 383 112 48 parte
1698 383 137 48 cognosci¬-

1035 420 83 34 mus
1082 420 83 34 res
1130 420 130 34 divinas
1224 420 59 34 &
1247 420 71 34 in
1283 420 153 34 aenigmate
1401 420 118 34 tantum
1483 420 141 34 videmus,
1589 420 71 34 1.
1625 420 94 34 Cor.
1684 420 83 34 13.
1719 420 59 34 12.

1069 449 87 48 II.
1118 449 99 48 Quia
1180 449 74 48 in
1217 449 87 48 hac
1267 449 99 48 vita
1329 449 149 48 crescit,
1441 449 62 48 &
1466 449 99 48 suis
1528 449 174 48 provehitur
1664 449 149 48 gradibus
1763 449 87 48 prout

1037 484 174 41 regeneratio
1177 484 162 41 incrementa
1304 484 116 41 sumit,
1385 484 93 41 Rom.
1443 484 70 41 1.
1478 484 70 41 v.
1501 484 58 41 17.

1074 510 160 46 Exemplum
1194 510 93 46 est
1247 510 80 46 in
1287 510 160 46 Gideone,
1407 510 93 46 cui
1460 510 107 46 quum
1527 510 200 46 promisisset
1687 510 107 46 Deus
1754 510 80 46 se
1780 510 67 46 per

1043 549 111 42 ipsum
1117 549 185 42 liberaturum
1265 549 74 42 ab
1302 549 148 42 hostibus
1413 549 136 42 populum
1511 549 210 42 Israeliticum,
1684 549 148 42 credidit
1782 549 62 42 Deo

1052 581 172 37 promittenti,
1192 581 75 37 sed
1235 581 65 37 ut
1267 581 183 37 confirmaretur
1418 581 54 37 &
1439 581 140 37 cresceret
1547 581 65 37 in
1579 581 86 37 ipso
1633 581 108 37 fides,
1708 581 65 37 ad
1740 581 86 37 ejus
1783 581 54 37 pe¬-

1029 621 150 36 titionem
1141 621 125 36 vellus
1228 621 150 36 expansum
1341 621 100 36 rore
1403 621 175 36 madefactum
1540 621 112 36 fuit,
1615 621 137 36 reliqua
1715 621 100 36 humo
1765 621 75 36 sice

1041 649 132 44 manente,
1140 649 143 44 postridie
1250 649 99 44 humus
1315 649 132 44 irrorata
1414 649 88 44 fuit
1469 649 99 44 sicco
1535 649 132 44 vellere.
1634 649 77 44 Sic
1677 649 132 44 provecta
1765 649 77 44 fuit.

1048 678 137 48 gradibus
1150 678 91 48 suis
1207 678 103 48 fides
1264 678 114 48 Gideonis

1078 707 97 44 III.
1138 707 97 44 Quia
1199 707 121 44 indies
1284 707 109 44 novis
1356 707 97 44 eget
1417 707 182 44 incrementis
1562 707 157 44 intensive
1684 707 61 44 &
1696 707 145 44 extensive¬-

1047 743 84 43 pro
1095 743 120 43 quibus
1179 743 60 43 &
1203 743 144 43 Apostoli
1311 743 144 43 rogarunt
1419 743 60 43 &
1443 743 108 43 nobis
1514 743 144 43 quotidie
1622 743 132 43 necesse
1718 743 84 43 est
1754 743 96 43 orare;

1043 778 110 39 Domine
1120 778 88 39 auge
1175 778 99 39 nobis
1241 778 99 39 fidem
1307 778 88 39 Luc.
1362 778 77 39 17.
1406 778 66 39 5.
1439 778 66 39 2.
1471 778 88 39 Cor.
1526 778 77 39 10.
1570 778 77 39 15.
1614 778 66 39 2.
1647 778 110 39 Thess.
1724 778 66 39 1.
1757 778 99 39 vers.
1812 778 44 39 3.

1053 811 101 47 Ephes.
1123 811 60 47 1.
1154 811 71 47 17,
1194 811 71 47 18.
1234 811 50 47 &
1254 811 60 47 4.
1275 811 50 47 29.

1074 829 93 53 IV.
1127 829 106 53 Quia
1193 829 133 53 luctam
1286 829 119 53 habet
1366 829 173 53 continuam
1499 829 119 53 usque
1578 829 80 53 ad
1618 829 119 53 vitae
1698 829 119 53 hujus
1764 829 93 53 finem

1053 873 136 37 idversus
1154 873 113 37 varias
1234 873 181 37 tentationes,
1381 873 113 37 mentis
1460 873 124 37 nostrae
1550 873 124 37 nativam
1641 873 170 37 caecitatem,
1765 873 79 37 insi¬-

1034 914 125 32 dentem
1122 914 100 32 imis
1185 914 150 32 medullis
1298 914 125 32 pravam
1385 914 251 32 concupiscentiam,
1598 914 213 32 diffidentiam,
1761 914 88 32 dubi¬-

1053 941 128 38 ationes
1147 941 70 38 ex
1182 941 117 38 nostra
1263 941 175 38 infirmitate
1403 941 222 38 proficiscentes,
1590 941 187 38 securitatem,
1730 941 117 38 affectus

1041 976 117 42 sensum
1123 976 59 42 &
1147 976 164 42 prudentiam
1276 976 129 42 carnis,
1370 976 117 42 Psalm.
1452 976 82 42 30.
1499 976 70 42 7,
1535 976 70 42 8.
1570 976 117 42 Psalm.
1652 976 82 42 73.
1699 976 94 42 Rom.
1746 976 47 42 7.

1069 1005 70 53 V.
1104 1005 94 53 Quia
1163 1005 105 53 fides
1233 1005 140 53 versatur
1338 1005 105 53 circa
1409 1005 82 53 res
1455 1005 152 53 profundas
1572 1005 58 53 &
1596 1005 105 53 altas
1666 1005 94 53 quas
1724 1005 70 53 in
1759 1005 82 53 hac
1795 1005 58 53 vi¬-

1043 1039 71 51 ta
1079 1039 106 51 plene
1149 1039 59 51 &
1173 1039 141 51 perfecte
1279 1039 130 51 assequi
1373 1039 82 51 non
1408 1039 118 51 valemus.

1092 1069 84 45 VI.
1140 1069 97 45 Quia
1201 1069 97 45 ejus
1261 1069 133 45 effecta
1357 1069 72 45 in
1394 1069 109 45 nobis
1466 1069 97 45 sunt
1526 1069 169 45 imperfecta
1659 1069 72 45 in
1695 1069 84 45 hac
1743 1069 109 45 vita:
1804 1069 48 45 ut

1049 1101 192 46 sanctificatio,
1209 1101 138 46 charitas,
1315 1101 128 46 justitia
1411 1101 96 46 nobis
1464 1101 128 46 inhaerens.

1085 1135 171 43 Nihilominus
1222 1135 103 43 tamen
1290 1135 91 43 vera
1347 1135 91 43 est,
1404 1135 126 43 etiamsi
1496 1135 80 43 sit
1542 1135 103 43 parva
1610 1135 114 43 instar
1690 1135 103 43 grani
1747 1135 103 43 sinapis

1054 1167 57 52 &
1076 1167 149 52 imbecilla
1191 1167 115 52 instar
1272 1167 138 52 infantis
1375 1167 57 52 &
1398 1167 138 52 graviter
1490 1167 149 52 aegrotantis

1088 1198 80 49 Est
1133 1198 57 49 &
1156 1198 125 49 sincera
1247 1198 80 49 seu
1293 1198 171 49 ανυποκριις,
1430 1198 114 49 minime
1509 1198 148 49 simulata,
1623 1198 68 49 I.
1657 1198 91 49 Tim.
1714 1198 68 49 1.
1749 1198 68 49 v.
1771 1198 46 49 7.

1091 1239 177 38 Conjunctam
1231 1239 114 38 habet
1307 1239 165 38 laetitiam
1434 1239 114 38 veram
1510 1239 76 38 ac
1548 1239 139 38 solidam
1649 1239 114 38 ortam
1725 1239 76 38 ex
1751 1239 101 38 appre¬-

1057 1269 137 46 hensione
1159 1269 126 46 Christi
1251 1269 57 46 &
1274 1269 103 46 seusu
1342 1269 126 46 gratiae
1422 1269 69 46 Dei.

1079 1304 128 45 Multis
1169 1304 192 45 tentationum
1322 1304 153 45 variarum
1437 1304 179 45 insultibus
1577 1304 64 45 a
1603 1304 140 45 diabolo
1705 1304 64 45 &
1730 1304 115 45 mundo
1794 1304 64 45 op¬-

1051 1337 151 42 pugnatur
1165 1337 63 42 &
1190 1337 215 42 labefactatur,
1367 1337 88 42 sic
1417 1337 76 42 ut
1455 1337 151 42 interdum
1569 1337 151 42 secundum
1682 1337 126 42 gradum
1758 1337 101 42 alique

1043 1370 168 40 minuatur,
1172 1370 155 40 interdum
1289 1370 155 40 secundum
1405 1370 116 40 actum
1483 1370 142 40 aliquem
1586 1370 194 40 occultetur,
1729 1370 129 40 interdum

1051 1406 137 40 oppressa
1153 1406 148 40 videatur,
1268 1406 91 40 Luc.
1325 1406 80 40 22.
1370 1406 69 40 v.
1405 1406 80 40 31.
1450 1406 103 40 tamen
1519 1406 80 40 est
1564 1406 137 40 perpetua
1667 1406 57 40 &
1690 1406 114 40 semper
1759 1406 91 40 perse¬-

1052 1443 116 31 verat
1130 1443 155 31 secundum
1246 1443 129 31 formam
1336 1443 103 31 suam
1400 1443 116 31 usque
1478 1443 77 31 ad
1517 1443 116 31 finem
1594 1443 65 31 &
1620 1443 181 31 firmitatem
1749 1443 116 31 retinet

1045 1470 245 37 inexpugnabilem;
1252 1470 78 37 ut
1291 1470 168 37 sequentia
1420 1470 168 37 argumenta
1536 1470 142 37 evincunt.

1084 1499 72 47 I.
1120 1499 96 47 Quia
1180 1499 108 47 fluit
1252 1499 72 47 ab
1288 1499 168 47 immutabili
1420 1499 156 47 electione
1541 1499 120 47 nostri
1625 1499 72 47 ad
1661 1499 108 47 vitam
1721 1499 132 47 aeternam.

1056 1533 103 43 Actor.
1128 1533 72 43 13.
1169 1533 62 43 v.
1190 1533 51 43 48.

1087 1564 85 45 II.
1136 1564 98 45 Quia
1197 1564 85 45 est
1245 1564 110 45 donum
1318 1564 85 45 Dei
1367 1564 207 45 ἀμεταμιληιον,
1538 1564 98 45 Rom.
1599 1564 85 45 11.
1648 1564 85 45 29.
1696 1564 122 45 Epist.
1770 1564 85 45 Judae

1054 1600 64 41 v.
1086 1600 64 41 3.
1118 1600 96 41 semel
1182 1600 117 41 tradita
1267 1600 74 41 est
1309 1600 128 41 sanctis,
1405 1600 64 41 id
1437 1600 85 41 est,
1490 1600 191 41 constantissime
1649 1600 128 41 plantata
1745 1600 74 41 est
1788 1600 53 41 a
1798 1600 64 41 Deo.

1049 1630 68 44 in
1083 1630 135 44 sauctis,
1184 1630 79 44 sic
1229 1630 68 44 ut
1263 1630 124 44 nunquam
1353 1630 113 44 mutari
1432 1630 56 44 &
1455 1630 135 44 convelli
1556 1630 124 44 possit.

1089 1656 95 59 III.
1148 1656 95 59 Quia
1207 1656 71 59 ab
1243 1656 201 59 intercessione
1409 1656 130 59 Christi
1503 1656 106 59 habet
1574 1656 71 59 ut
1610 1656 142 59 deficere
1716 1656 83 59 non
1752 1656 106 59 possit.

1048 1698 105 41 Luc.
1100 1698 66 41 22.

1077 1729 86 42 IV.
1126 1729 99 42 Quia
1188 1729 161 42 obsignata
1311 1729 86 42 est
1361 1729 62 42 a
1386 1729 136 42 Spiritu
1484 1729 124 42 Sancto
1571 1729 62 42 &
1596 1729 173 42 confirmata
1731 1729 74 42 in
1756 1729 99 42 cordi¬-

1050 1762 81 42 bus
1097 1762 150 42 electorum
1212 1762 69 42 ut
1246 1762 127 42 penitus
1338 1762 115 42 evelli
1419 1762 127 42 nunquam
1511 1762 127 42 possit.
1603 1762 69 42 2.
1638 1762 92 42 Cor.
1695 1762 69 42 1.
1730 1762 81 42 21,
1764 1762 58 42 22.

1088 1797 77 40 Sic
1132 1797 176 40 invincibilis
1275 1797 132 40 firmitas
1373 1797 154 40 salvificae
1494 1797 99 40 fidei
1560 1797 110 40 pendet
1637 1797 55 40 a
1659 1797 77 40 Dei
1702 1797 110 40 Patris
1779 1797 77 40 nos
1812 1797 44 40 ac

1041 1828 108 36 fidem
1113 1828 156 36 eligentis
1233 1828 72 36 ab
1269 1828 132 36 aeterno
1365 1828 60 36 &
1389 1828 144 36 donantis
1498 1828 72 36 ea
1534 1828 72 36 in
1570 1828 144 36 tempore,
1678 1828 168 36 immutabili
1798 1828 60 36 vo¬-

1048 1863 136 42 luntate:
1150 1863 57 42 a
1172 1863 125 42 Christi
1263 1863 79 42 nos
1308 1863 159 42 redimentis
1433 1863 204 42 intercessione,
1603 1863 57 42 &
1625 1863 57 42 a
1648 1863 136 42 Spiritus
1750 1863 113 42 Sancti
1818 1863 45 42 in

1047 1896 107 41 nobis
1118 1896 107 41 fidem
1189 1896 178 41 obsignantis
1331 1896 166 41 fidelitate
1462 1896 59 41 &
1485 1896 142 41 perpetua
1592 1896 71 41 in
1628 1896 107 41 nobis
1687 1896 130 41 mansione.

1081 1926 135 42 Tandem
1176 1926 108 42 post
1244 1926 203 42 universalem
1406 1926 243 42 resurrectionem
1609 1926 135 42 omnium
1703 1926 81 42 ex
1730 1926 122 42 mortui.

1052 1958 148 42 desinet,
1163 1958 99 42 quum
1224 1958 111 42 totam
1298 1958 160 42 Ecclesiam
1421 1958 135 42 Christi
1520 1958 123 42 sistet
1606 1958 123 42 Patri,
1692 1958 99 42 quum
1754 1958 74 42 id
1778 1958 74 42 quod

1054 1993 159 41 perfectum
1176 1993 85 41 est
1225 1993 159 41 advenerit
1347 1993 61 41 &
1371 1993 98 41 Deum
1432 1993 110 41 facie
1505 1993 73 41 ad
1542 1993 122 41 faciem
1627 1993 171 41 videbimus,
1761 1993 73 41 I.
1786 1993 73 41 Cor¬-

1059 2032 54 41 3.
1086 2032 63 41 10,
1113 2032 36 41 1.

1144 2046 148 55 Hucusque
1255 2046 74 55 de
1292 2046 160 55 adiunctis
1415 2046 111 55 fidei
1489 2046 173 55 salvificae
1624 2046 160 55 sequuntur

1364 2099 176 47 dissentanea.

1084 2133 161 39 Dissentanea
1213 2133 54 39 a
1235 2133 86 39 fide
1288 2133 140 39 salvifica
1396 2133 75 39 vel
1438 2133 118 39 diversa
1524 2133 97 39 sunt,
1589 2133 75 39 vel
1621 2133 118 39 opposita.

1081 2171 121 40 Diversa
1169 2171 55 40 a
1191 2171 88 40 fide
1246 2171 143 40 salvifica
1356 2171 88 40 sunt
1411 2171 88 40 quae
1466 2171 77 40 sic
1511 2171 66 40 ab
1544 2171 66 40 ea
1577 2171 143 40 distincta
1687 2171 99 40 sunt,
1753 2171 66 40 ut
1775 2171 77 40 tamer

1055 2209 128 34 possint
1149 2209 82 34 cum
1195 2209 70 34 ea
1230 2209 70 34 in
1265 2209 105 34 eodem
1335 2209 116 34 homine
1416 2209 105 34 simul
1486 2209 175 34 consistere;
1626 2209 151 34 cujusmodi
1743 2209 105 34 sunt,
1801 2209 58 34 fi¬-

1041 2235 83 41 des
1089 2235 155 41 historica
1208 2235 60 41 &
1232 2235 107 41 fides
1303 2235 191 41 miraculorum,
1458 2235 95 41 quae
1518 2235 107 41 simul
1590 2235 131 41 fuerunt
1685 2235 95 41 unam
1745 2235 83 41 cum
1780 2235 72 41 fide

1060 2269 173 40 ustificante
1198 2269 69 40 in
1232 2269 150 40 Apostolis
1347 2269 58 40 &
1370 2269 104 40 aliis
1439 2269 127 40 electis
1531 2269 69 40 ad
1566 2269 104 40 vitam
1635 2269 150 40 aeternam,
1750 2269 81 40 qui
1784 2269 69 40 dono

1056 2301 116 37 edendi
1138 2301 151 37 miracula,
1253 2301 58 37 &
1277 2301 81 37 res
1323 2301 127 37 futuras
1416 2301 174 37 vaticinandi
1555 2301 58 37 &
1578 2301 104 37 aliis
1647 2301 127 37 dotibus
1729 2301 127 37 Ecclesiam

1061 2333 76 44 Dei
1105 2333 163 44 instaurandi
1235 2333 54 44 a
1257 2333 76 44 Deo
1300 2333 109 44 ornati
1377 2333 131 44 fuerunt:
1474 2333 87 44 etsi
1529 2333 65 44 in
1561 2333 98 44 aliis
1627 2333 87 44 sint
1681 2333 109 44 absque
1757 2333 87 44 fide
1801 2333 54 44 ju¬

1050 2369 125 41 tificante.

1080 2399 107 45 Fides
1151 2399 166 45 historica,
1282 2399 83 45 est
1329 2399 83 45 qua
1376 2399 130 45 aliquis
1471 2399 118 45 credit
1554 2399 95 45 Deum
1613 2399 107 45 esse,
1684 2399 59 45 &
1708 2399 71 45 id
1743 2399 95 45 quod
1791 2399 59 45 Dei

1054 2442 113 29 verbum
1133 2442 124 29 tradit,
1223 2442 136 29 agnoscit
1325 2442 57 29 &
1348 2442 124 29 statuit
1438 2442 102 29 verum
1506 2442 90 29 esse
1562 2442 124 29 propter
1653 2442 79 29 Dei
1698 2442 113 29 ipsius
1777 2442 102 29 auto¬

1059 2464 147 43 ritatem,
1169 2464 183 43 testimonium
1316 2464 61 43 &
1340 2464 232 43 asseverationem.
1536 2464 135 43 Dicitur
1634 2464 110 43 etiam
1707 2464 110 43 fides
1768 2464 98 43 dogma¬-

1055 2499 89 44 tum,
1111 2499 78 44 seu
1155 2499 100 44 fides
1211 2499 134 44 dogmatica¬-

1091 2521 123 51 Dicitur
1181 2521 101 51 fides
1248 2521 146 51 historita
1360 2521 67 51 ab
1394 2521 146 51 Augustino
1506 2521 101 51 libro
1573 2521 67 51 de
1607 2521 90 51 vera
1663 2521 157 51 religione,
1787 2521 90 51 cap.

1061 2570 209 44 quinquagesimo,
1235 2570 81 44 non
1282 2570 93 44 quod
1340 2570 116 44 tantum
1421 2570 81 44 sit
1467 2570 128 44 notitia
1560 2570 162 44 historiae,
1688 2570 70 44 id
1722 2570 93 44 est,
1769 2570 81 44 eorum

1055 2597 89 49 quae
1111 2597 89 49 Deus
1167 2597 123 49 dicitur
1256 2597 134 49 fecisse,
1356 2597 78 49 aut
1401 2597 123 49 facere,
1490 2597 78 49 aut
1535 2597 134 49 facturus
1636 2597 101 49 esse;
1703 2597 78 49 non
1747 2597 89 49 quod
1792 2597 67 49 tan¬-

1062 2635 82 39 tum
1109 2635 117 39 credat
1191 2635 152 39 historias
1308 2635 105 39 veras
1378 2635 105 39 esse:
1448 2635 82 39 nam
1495 2635 140 39 universa
1601 2635 105 39 etiam
1671 2635 152 39 praecepta
1788 2635 59 39 &
1799 2635 59 39 do¬-

1069 2668 101 44 gmata
1136 2668 157 44 Scripturae
1260 2668 112 44 Sacrae
1339 2668 90 44 vera
1395 2668 90 44 esse
1451 2668 135 44 statuit,
1552 2668 112 44 utpote
1631 2668 56 44 a
1654 2668 79 44 Deo
1699 2668 146 44 profecta:
1800 2668 56 44 sed

1061 2694 87 50 quia
1116 2694 109 50 tantum
1192 2694 76 50 est
1235 2694 120 50 15ρρια,
1322 2694 65 50 id
1355 2694 87 50 est,
1409 2694 131 50 cognitio
1507 2694 76 50 cum
1551 2694 120 50 assensu
1638 2694 120 50 quidem,
1725 2694 76 50 sed
1768 2694 109 50 absque

1064 2732 190 47 applicatione
1219 2732 59 47 &
1242 2732 131 47 fiducia
1338 2732 131 47 gratiae
1433 2732 71 47 in
1468 2732 155 47 Evangelio
1587 2732 178 47 credentibus
1718 2732 131 47 promissae

1060 2759 88 47 quae
1115 2759 154 47 applicatio
1236 2759 99 47 atque
1302 2759 121 47 fiducia
1390 2759 132 47 gratiae,
1490 2759 110 47 quando
1567 2759 66 47 ad
1600 2759 121 47 ἐσερίαν
1688 2759 132 47 accedit,
1776 2759 77 47 fidet

1053 2795 151 45 historica
1169 2795 81 45 sit
1216 2795 151 45 salvifica
1332 2795 93 45 sive
1390 2795 174 45 justisicans
1529 2795 58 45 &
1552 2795 104 45 bonum
1622 2795 93 45 opus
1679 2795 116 45 Deoque
1749 2795 116 45 placens:

1060 2828 89 47 etsi
1116 2828 100 47 etiam
1182 2828 78 47 per
1227 2828 67 47 se
1260 2828 78 47 sit
1305 2828 100 47 bonum
1372 2828 100 47 opus,
1438 2828 78 47 sed
1483 2828 78 47 sit
1527 2828 100 47 malum
1594 2828 78 47 per
1628 2828 122 47 accidens:

1096 2853 139 54 Papistae
1201 2853 116 54 nomine
1282 2853 162 54 historicae
1410 2853 104 54 fidet
1479 2853 70 54 nm
1514 2853 128 54 ututur,
1607 2853 81 54 sed
1653 2853 174 54 simpliciter
1781 2853 93 54 vocant

1058 2895 108 44 fidem
1130 2895 179 44 Catholicam:
1273 2895 143 44 Interus:
1381 2895 60 44 &
1405 2895 96 44 hanc
1465 2895 60 44 &
1488 2895 108 44 illam
1560 2895 143 44 nesciunt
1668 2895 84 44 vel
1716 2895 167 44 depravant.

1067 2932 170 38 Bellarminus
1203 2932 68 38 de
1236 2932 204 38 justificatione
1406 2932 102 38 libro
1474 2932 113 38 primo,
1553 2932 91 38 cap.
1610 2932 125 38 quarto,
1701 2932 147 38 Catholici
1802 2932 57 38 in¬-

1072 2957 105 55 quit)
1142 2957 82 55 non
1189 2957 128 55 utuntur
1282 2957 117 55 nomine
1364 2957 105 55 fidei
1434 2957 175 55 historicae,
1574 2957 70 55 ne
1609 2957 152 55 videantur
1713 2957 152 55 sentire(ut.

1053 2990 119 45 revera
1137 2990 84 45 non
1184 2990 155 45 sentiunt)
1304 2990 84 45 res
1352 2990 119 45 gestas
1435 2990 155 45 Sanctorum
1555 2990 96 45 quae
1614 2990 167 45 referuntur
1746 2990 72 45 in
1769 2990 84 45 Scri¬-

1072 3023 111 46 turis,
1150 3023 78 46 non
1194 3023 100 46 credi
1260 3023 89 46 nisi
1316 3023 122 46 propter
1404 3023 111 46 ipsius
1482 3023 144 46 historici
1593 3023 177 46 autoritatem:
1737 3023 78 46 sed
1770 3023 89 46 vocant

1067 3055 180 47 simpliciter
1211 3055 108 47 fidem
1283 3055 180 47 Catholicam.
1427 3055 96 47 Unde
1488 3055 132 47 apparet
1584 3055 120 47 primo,
1668 3055 96 47 quod
1728 3055 108 47 fidem
1788 3055 96 47 histo¬-

1053 3093 110 40 ricam
1126 3093 86 40 cum
1175 3093 98 40 fide
1236 3093 183 40 historiarum
1383 3093 134 40 inscite
1481 3093 183 40 confundant;
1627 3093 86 40 cum
1676 3093 110 40 etiam
1737 3093 147 40 praeceptas

1068 3134 61 34 &
1092 3134 134 34 dogmata
1190 3134 170 34 Scripturae
1323 3134 122 34 tantum
1409 3134 170 34 historice,
1542 3134 85 34 hoc
1591 3134 97 34 est,
1652 3134 97 34 nuda
1713 3134 170 34 cognitione
1834 3134 49 34 &!

1060 3154 124 48 assensu
1150 3154 102 48 credi
1218 3154 135 48 possint,
1319 3154 90 48 quod
1376 3154 90 48 sint
1432 3154 102 48 vera.
1500 3154 135 48 Secundo,
1601 3154 90 48 quod
1657 3154 124 48 fideine
1736 3154 147 48 atpolicant,
