2063 3499
155 212 126 52 Biblijs
246 212 103 52 jussu
315 212 103 52 Sixti
384 212 69 52 V.
418 212 172 52 recognitis,
555 212 57 52 &
578 212 160 52 Antverpiae
704 212 137 52 excusis,
807 212 80 52 vel
853 212 115 52 unicus
922 212 57 52 li-

155 260 100 38 ber,
218 260 100 38 quem
281 260 175 38 Hieronymus
418 260 113 38 extra
493 260 138 38 Canonem
593 260 100 38 esse
656 260 125 38 dicit,
743 260 188 38 recensetur,
893 260 75 38 ex
918 260 63 38 quo

158 295 203 42 testimonium
321 295 81 42 in
361 295 108 42 Novo
429 295 189 42 Testamento
577 295 95 42 sit
632 295 189 42 allegatum.
780 295 135 42 Deinde
875 295 108 42 quod
929 295 54 42 ad

153 326 106 36 locum
224 326 94 36 Rom.
283 326 83 36 11.
330 326 71 36 v.
365 326 83 36 34.
413 326 59 36 &
436 326 71 36 1.
472 326 142 36 Corinth.
578 326 71 36 2.
613 326 94 36 ver.
672 326 83 36 16.
719 326 106 36 Hebr.
790 326 71 36 1.
825 326 71 36 v.
861 326 71 36 3.
896 326 59 36 &
908 326 59 36 Rom

155 361 77 40 12.
199 361 88 40 ver.
254 361 77 40 19.
298 361 132 40 attinet,
398 361 77 40 non
442 361 99 40 citat
508 361 77 40 eos
552 361 110 40 Paulus
629 361 132 40 aliunde,
728 361 66 40 ut
761 361 99 40 patet
828 361 66 40 ex
850 361 121 40 orationis

156 395 146 38 contextu
265 395 61 38 &
290 395 122 38 forma.
375 395 97 38 Quod
435 395 73 38 si
472 395 134 38 adducit
569 395 146 38 aliunde,
678 395 85 38 tum
727 395 122 38 potius
812 395 73 38 ex
836 395 134 38 indubita.

148 425 83 42 to
190 425 180 42 Canonicis
328 425 166 42 adducit,
452 425 207 42 quemadmodum
618 425 138 42 primum
715 425 124 42 locum
797 425 83 42 ex
839 425 124 42 Jesa.
908 425 69 42 40.

164 461 102 37 ver.
228 461 89 37 13.
279 461 114 37 teste
355 461 114 37 Thoma
431 461 152 37 Aquinate
545 461 76 37 in
583 461 127 37 capite
672 461 152 37 undecimo
786 461 76 37 ad
824 461 127 37 Roman.
901 461 63 37 lec

153 494 136 34 quinta,
251 494 62 34 &
276 494 160 34 Cajerano,
399 494 62 34 &
424 494 210 34 interpretibus
597 494 197 34 Remenensibus
757 494 74 34 in
794 494 148 34 Angelica
893 494 74 34 ver-

154 525 110 37 sione.
231 525 154 37 Bellarmin.
352 525 88 37 lib.
407 525 66 37 1.
440 525 66 37 de
473 525 99 37 Verbo
539 525 77 37 Dei
582 525 110 37 capite
659 525 66 37 7.
692 525 99 37 sect.
758 525 66 37 8.
791 525 55 37 &
813 525 88 37 cap.
868 525 66 37 6.
901 525 99 37 sect.

167 565 66 40 2.
200 565 55 40 &
222 565 88 40 cap.
277 565 66 40 9.
309 565 99 40 sect.
375 565 66 40 3.
408 565 99 40 Locum
474 565 88 40 vero
529 565 88 40 Rom.
583 565 77 40 12.
627 565 66 40 v.
660 565 77 40 14.
704 565 66 40 ex
737 565 99 40 Deut,
802 565 77 40 32.
846 565 66 40 v.
868 565 55 40 35.

389 597 286 53 NONVM

207 638 71 44 Ex
243 638 188 44 quibuscunque
396 638 129 44 libris,
490 638 129 44 publice
584 638 71 44 in
619 638 153 44 Ecclesia,
737 638 106 44 inter
807 638 94 44 ipsa
855 638 129 44 sacrorum:

153 664 160 66 solemnia,
276 664 160 66 lectiones
399 664 185 66 decantantur
547 664 86 66 vel
596 664 185 66 recitantur,
744 664 86 66 ij.
793 664 99 66 sunt
855 664 136 66 univoce
941 664 37 66 &

151 712 142 50 proprie
241 712 142 50 Canonici:

220 727 67 59 At
253 727 67 59 ex
286 727 78 59 his
331 727 111 59 libris
408 727 122 59 publice
497 727 67 59 in
530 727 144 59 Ecclesia,
641 727 100 59 inter
708 727 89 59 ipsa
763 727 133 59 sacrorum
852 727 122 59 solemnia,

160 772 157 45 lectiones
281 772 181 45 decantantur
425 772 84 45 vel
474 772 181 45 recitantur.
618 772 109 45 Ergo,
679 772 60 45 &c.

201 805 112 47 RESP.
275 805 112 47 Major
350 805 175 47 propositio
487 805 87 47 est
537 805 125 47 falsa.
625 805 87 47 Nam
675 805 112 47 etiam
749 805 75 47 ex
787 805 125 47 libris
862 805 112 47 Patrum,

153 846 122 35 veluti
238 846 170 35 Augustini,
372 846 122 35 Leonis
457 846 122 35 Magni,
542 846 146 35 Eusebij,
652 846 134 35 Isidori
749 846 61 35 &
773 846 146 35 aliorum,
871 846 97 35 lectio

165 883 84 33 nes
213 883 108 33 inter
285 883 144 33 sacrorum
394 883 205 33 Pontificiorum
562 883 144 33 solemnia
670 883 180 33 recitantur,
815 883 72 33 ut
851 883 120 33 liquet
923 883 48 33 ex

159 910 165 37 Breviario
287 910 127 37 Romano
376 910 76 37 ex
414 910 140 37 decreto
516 910 153 37 Concilij
630 910 178 37 Tridentini
770 910 165 37 restituto
898 910 64 37 &
910 910 64 37 Pi-

156 945 74 35 V.
193 945 172 35 Pontificis
328 945 123 35 Romani
414 945 111 35 jussu
488 945 123 35 edito:
574 945 86 35 nec
623 945 111 35 tamen
697 945 111 35 libri
771 945 123 35 Patrum
857 945 98 35 sunt
906 945 62 35 Ca-

156 980 146 35 nonici,
262 980 120 35 nedum
342 980 106 35 vere
409 980 173 35 divinitus
542 980 173 35 Canonici.
675 980 133 35 Deinde
768 980 106 35 quod
835 980 80 35 ad
861 980 120 35 minorem

150 1013 148 37 attinet,
261 1013 136 37 quaenam
360 1013 99 37 illa
422 1013 148 37 Ecclesia
533 1013 99 37 est,
595 1013 111 37 cujus
669 1013 111 37 nobis
743 1013 148 37 exemplum
855 1013 87 37 pro
892 1013 74 37 argu

149 1048 115 34 mento
226 1048 179 34 obijcitur?
366 1048 115 34 Parum
443 1048 102 34 enim
507 1048 89 34 aut
558 1048 115 34 nihil
635 1048 102 34 apud
699 1048 89 34 nos
750 1048 166 34 Ecclesiae
865 1048 102 34 Romana

152 1076 178 37 consuetudo
292 1076 127 37 valet,
381 1076 114 37 nedum
457 1076 76 37 ut
495 1076 89 37 vim
546 1076 76 37 in
584 1076 76 37 ea
622 1076 114 37 tanti
699 1076 165 37 argumenti
813 1076 165 37 agnoscamus.

154 1107 92 49 Ruit
211 1107 115 49 igitur
280 1107 137 49 conclusio

387 1149 318 56 PDECIMVM.

224 1189 152 49 Qicunque
339 1189 114 49 libri
415 1189 102 49 olim
478 1189 76 49 in
516 1189 152 49 Ecclesia
631 1189 178 49 legebantur
770 1189 114 49 etiam
847 1189 102 49 ante
897 1189 102 49 Hiero-

159 1228 96 45 nymi
219 1228 145 45 tempora,
328 1228 72 45 ij
364 1228 96 45 sunt
424 1228 133 45 proprie
508 1228 133 45 Canonici:

222 1256 75 57 At
259 1256 75 57 hi
296 1256 112 57 libri
371 1256 100 57 olim
433 1256 75 57 in
470 1256 149 57 Ecclesia
582 1256 174 57 legebantur
719 1256 112 57 etiam
794 1256 100 57 ante
844 1256 149 57 Hieronymi

142 1295 135 48 tempora

211 1323 99 48 Ergo
272 1323 99 48 sunt
334 1323 136 48 proprie
420 1323 136 48 Canonici:

216 1356 137 50 RESPON.
315 1356 175 50 Distinguo.
452 1356 112 50 Libri
527 1356 100 50 alij
590 1356 75 50 in
627 1356 150 50 Ecclesia
739 1356 100 50 olim
801 1356 175 50 legebantur
926 1356 50 50 de

168 1397 145 31 ambone,
273 1397 92 31 hoc
326 1397 105 31 est,
392 1397 119 31 gradu
471 1397 198 31 Episcoporum
629 1397 92 31 seu
682 1397 158 31 suggestu
787 1397 198 31 concionatorum

152 1429 269 36 Presbyterorumque:
382 1429 102 36 alij
446 1429 115 36 etiam
523 1429 77 36 de
562 1429 115 36 gradu
638 1429 166 36 Lectorum.
766 1429 128 36 Rursus
856 1429 102 36 alij
907 1429 64 36 li-

164 1463 97 35 bri
219 1463 194 35 legebantur
372 1463 69 35 &
399 1463 83 35 ad
441 1463 221 35 confirmandam
620 1463 166 35 dogmatum
745 1463 207 35 autoritatem
911 1463 69 35 &
925 1463 55 35 ad

172 1492 115 36 plebis
252 1492 207 36 aedificationem
424 1492 69 36 in
459 1492 103 36 cultu
528 1492 80 36 Dei
574 1492 57 36 &
597 1492 69 36 in
631 1492 138 36 moribus:
735 1492 92 36 alij
792 1492 115 36 tantum
873 1492 69 36 ad
896 1492 80 36 aedi-

156 1531 169 31 ficationem
289 1531 121 31 plebis
374 1531 73 31 in
410 1531 145 31 moribus.
519 1531 85 31 Jam
567 1531 157 31 quicunque
688 1531 109 31 libri
761 1531 97 31 olim
822 1531 73 31 in
846 1531 133 31 Ecclesiae

164 1560 190 33 legebantur
314 1560 82 33 de
355 1560 136 33 ambone
450 1560 204 33 Episcoporum
613 1560 272 33 Presbyterorumque
844 1560 68 33 &
871 1560 82 33 ad
898 1560 82 33 con-

161 1593 164 37 firmandam
287 1593 151 37 dogmatum
401 1593 202 37 autoritatem,
564 1593 76 37 ij
602 1593 101 37 sunt
665 1593 139 37 proprie
766 1593 164 37 Canonici:
892 1593 76 37 At
917 1593 63 37 li-

161 1626 84 43 bri
209 1626 96 43 isti
269 1626 72 43 de
305 1626 120 43 quibus
390 1626 84 43 est
438 1626 205 43 controversia,
606 1626 120 43 tantum
690 1626 72 43 de
726 1626 108 43 gradu
799 1626 144 43 Lectorum
895 1626 72 43 lege

162 1659 131 35 bantur
254 1659 66 35 &
280 1659 171 35 solummodo
411 1659 79 35 ad
451 1659 236 35 aedificationem
648 1659 131 35 plebis
740 1659 79 35 in
779 1659 144 35 moribus
871 1659 105 35 maxime

166 1691 99 40 que
222 1691 268 40 Catechumenorum.
448 1691 99 40 Non
504 1691 113 40 sunt
574 1691 141 40 igitur
673 1691 155 40 proprie
786 1691 183 40 Canonici.
913 1691 70 40 No-

156 1725 118 39 stram
234 1725 183 39 sententiam
378 1725 183 39 confirmant
522 1725 131 39 Patres
613 1725 118 39 ipsi.
692 1725 183 39 ATHANASIUS
835 1725 78 39 in
861 1725 118 39 Synopsi

169 1759 118 35 Sacrae
252 1759 166 35 Scripturae
382 1759 95 35 ait:
441 1759 130 35 Praeter
536 1759 106 35 istos
607 1759 118 35 (nempe
689 1759 154 35 Canonicos
808 1759 118 35 libros
890 1759 95 35 quos
938 1759 47 35 e-

160 1795 194 39 numeraverat)
318 1795 97 39 sunt
378 1795 109 39 adhuc
451 1795 97 39 alij
512 1795 134 39 veteris
609 1795 182 39 instrumenti
755 1795 109 39 libri
827 1795 85 39 non
864 1795 109 39 Canoni-

162 1826 83 36 ci,
210 1826 83 36 qui
257 1826 190 36 Catechumenis
412 1826 119 36 tantum
495 1826 154 36 leguntur,
614 1826 154 36 Sapientia
732 1826 166 36 Salomonis,
863 1826 83 36 &c.
911 1826 95 36 Ect

171 1858 151 39 Epistolam
288 1858 198 39 trigesimanona
450 1858 139 39 festali:
555 1858 81 39 Sed
601 1858 128 39 majoris
694 1858 163 39 evidentiae
822 1858 105 39 causa
880 1858 105 39 adijci-

165 1893 69 32 am
200 1893 58 32 &
223 1893 81 32 hoc
269 1893 173 32 necessario;
408 1893 127 32 sciens,
501 1893 92 32 quod
558 1893 104 32 etiam
628 1893 92 32 alij
686 1893 104 32 libri
755 1893 92 32 sint
813 1893 104 32 extra
882 1893 81 32 hos
917 1893 69 32 enu-

166 1928 148 40 meratos,
277 1928 86 40 qui
326 1928 86 40 non
376 1928 124 40 quidem
462 1928 136 40 Canonem
561 1928 198 40 constituunt:
722 1928 86 40 sed
771 1928 161 40 propositi
895 1928 99 40 sunt
944 1928 37 40 a

168 1957 147 33 Patribus
278 1957 134 33 legendi
375 1957 85 33 eis
424 1957 85 33 qui
473 1957 122 33 primum
559 1957 147 33 accedunt
668 1957 61 33 &
693 1957 183 33 simpliciter
839 1957 134 33 edoceri
925 1957 61 33 vo-

159 1989 100 42 lunt
222 1989 150 42 sermonem
335 1989 163 42 pietatis:
460 1989 163 42 Sapientia
585 1989 163 42 Salomonis
710 1989 63 42 &
735 1989 163 42 Sapientia
860 1989 125 42 Syrach
935 1989 38 42 &

163 2023 120 37 Esther
247 2023 84 37 (id
295 2023 96 37 est,
356 2023 181 37 adjectiones
500 2023 72 37 ad
536 2023 120 37 librum
621 2023 157 37 Estherae,
741 2023 84 37 nam
789 2023 145 37 alioquin
886 2023 96 37 librum

162 2057 123 34 Esther
248 2057 74 34 ad
285 2057 136 34 proprie
383 2057 160 34 Canonicos
507 2057 136 34 referri
605 2057 111 34 docet
679 2057 74 34 in
716 2057 136 34 Synopsi
815 2057 123 34 Sacrae
889 2057 86 34 Scri-

176 2092 131 41 turae)
267 2092 65 41 &
294 2092 131 41 Iudith
385 2092 65 41 &
411 2092 131 41 Tobias
503 2092 65 41 &
529 2092 157 41 doctrina
646 2092 105 41 quae
712 2092 144 41 vocatur
803 2092 183 41 Apostolorum:

158 2126 65 39 &
184 2126 144 39 Pastor.
288 2126 91 39 Ubi
341 2126 170 39 notandum,
471 2126 117 39 etiam
549 2126 170 39 doctrinam
680 2126 104 39 quae
745 2126 144 39 vocatur
836 2126 144 39 Apostolo-

169 2156 86 34 rum
218 2156 61 34 &
242 2156 148 34 Pastorem
353 2156 135 34 veteres
451 2156 74 34 in
488 2156 148 34 Ecclesia
599 2156 148 34 legisse,
710 2156 86 34 qui
759 2156 111 34 tamen
832 2156 111 34 libri
894 2156 86 34 etiam

158 2187 187 39 Papistarum
305 2187 201 39 confessione
465 2187 107 39 sunt
532 2187 187 39 Apocryphi.
680 2187 187 39 AUGUSTINUS
827 2187 120 39 libro
894 2187 80 39 pri-

168 2225 72 34 mo
204 2225 72 34 de
240 2225 241 34 Praedestinatione
445 2225 96 34 cap.
505 2225 192 34 decimoquarto
661 2225 96 34 ait,
721 2225 120 34 Librum
806 2225 156 34 Sapientia
914 2225 60 34 me-

166 2255 112 35 ruisse
244 2255 67 35 in
278 2255 135 35 Ecclesia
379 2255 123 35 Christi
469 2255 67 35 de
503 2255 101 35 gradu
570 2255 135 35 Lectorum
671 2255 146 35 Ecclesiae
783 2255 123 35 Christi
873 2255 79 35 tam
907 2255 67 35 lon-

161 2286 77 42 ga
200 2286 180 42 annositate
341 2286 167 42 recitari,
469 2286 90 42 &c.
521 2286 77 42 Et
559 2286 180 42 HIERONTMUS
700 2286 193 42 Praefatione
854 2286 77 42 in
880 2286 90 42 libro

169 2323 173 34 Salomonis:
305 2323 111 34 Sicut
379 2323 99 34 ergo
441 2323 136 34 Iudith,
540 2323 62 34 &
565 2323 124 34 Tobiae
651 2323 62 34 &
676 2323 198 34 Machabaeorum
837 2323 124 34 libros
911 2323 62 34 le-

156 2353 84 42 git
204 2353 120 42 quidem
288 2353 156 42 Ecclesia,
408 2353 84 42 sed
456 2353 84 42 eos
504 2353 108 42 inter
576 2353 156 42 Canonicas
695 2353 168 42 Scripturas
827 2353 84 42 non
863 2353 120 42 recipit:

169 2386 80 44 sic
214 2386 57 44 &
237 2386 91 44 haec
294 2386 80 44 duo
339 2386 136 44 volumina
441 2386 102 44 legat
509 2386 68 44 ad
543 2386 204 44 aedificationem
714 2386 125 44 plebis,
805 2386 80 44 non
850 2386 68 44 ad
873 2386 102 44 autori-

168 2423 118 35 tutem
247 2423 262 35 Ecclesiasticorum
469 2423 157 35 dogmatum
574 2423 197 35 confirmandam,

220 2454 94 44 Hinc
279 2454 142 44 constat,
385 2454 118 44 libros
468 2454 106 44 istos
539 2454 130 44 etiamsi
633 2454 94 44 olim
692 2454 71 44 in
727 2454 142 44 Ecclesia
822 2454 153 44 legebantur.

166 2483 112 47 tamen
240 2483 87 47 non
290 2483 100 47 esse
353 2483 137 47 proprie
440 2483 150 47 Canonicos.

212 2509 180 44 INSTANTIA.
353 2509 77 44 At
392 2509 141 44 Rufinus
495 2509 90 44 hoc
546 2509 167 44 argumento
675 2509 103 44 usus
739 2509 90 44 est
790 2509 103 44 lib.
855 2509 77 44 2.
880 2509 103 44 adver-

164 2543 94 53 sus
204 2543 175 53 Hieronymum;

221 2578 90 49 Ergo
277 2578 90 49 isti
333 2578 101 49 libri
401 2578 90 49 quia
457 2578 157 49 legebantur
581 2578 67 49 in
614 2578 146 49 Ecclesia,
727 2578 90 49 sunt
783 2578 124 49 proprie
862 2578 112 49 Canonici

224 2617 119 34 RESP.
303 2617 119 34 Primo
383 2617 133 34 Rufini
476 2617 199 34 testimonium
635 2617 93 34 non
688 2617 93 34 est
741 2617 159 34 idoneum:
860 2617 106 34 quia
913 2617 66 34 est

171 2645 136 41 hominis
270 2645 87 41 ira
319 2645 111 41 atque
393 2645 99 41 odio
455 2645 173 41 infiammati
591 2645 148 41 adversus
702 2645 185 41 Hieronymum:
850 2645 99 41 quis
900 2645 74 41 enim

168 2685 125 42 majore
256 2685 88 42 cum
306 2685 176 42 impotentia
444 2685 113 42 animi
520 2685 163 42 scripsit,
645 2685 100 42 quam
708 2685 138 42 Rufinus
808 2685 113 42 iste,
884 2685 100 42 quum
934 2685 50 42 in

166 2715 199 39 Hieronymum
322 2715 227 39 inveheretur?
506 2715 99 39 Qui
563 2715 170 39 damnatum
690 2715 170 39 calculis
818 2715 156 39 bonorum
917 2715 57 39 o-

172 2753 106 41 mnium
243 2753 141 41 scriptum
349 2753 118 41 adfert
432 2753 71 41 ad
467 2753 118 41 causae
550 2753 94 41 suae
608 2753 189 41 patrocinium,
762 2753 118 41 prodit
844 2753 83 41 eam
891 2753 59 41 &
903 2753 71 41 per-

159 2781 98 37 dit.
220 2781 147 37 Secundo,
330 2781 134 37 aequius
427 2781 110 37 atque
501 2781 208 37 rattonabilius
672 2781 98 37 est,
733 2781 73 37 ut
769 2781 134 37 Rufinum
867 2781 134 37 sedatum
952 2781 37 37 &

176 2814 172 47 composito
308 2814 119 47 animo
388 2814 185 47 scribentem
533 2814 159 47 audiamus
652 2814 119 47 atque
732 2814 172 47 sequamur.
864 2814 93 47 Sic
904 2814 79 47 vero

166 2846 93 39 ille
224 2846 70 39 in
259 2846 128 39 scripto
352 2846 151 39 Didactico
469 2846 93 39 quod
527 2846 105 39 extra
596 2846 128 39 calorem
689 2846 151 39 iracudiae
806 2846 151 39 exaravit,
910 2846 70 39 nem-

174 2882 76 39 pe
212 2882 76 39 in
251 2882 191 39 Expositione
403 2882 140 39 Symboli
505 2882 191 39 Apostolici,
658 2882 115 39 vulgo
734 2882 153 39 Cypriano
836 2882 153 39 adscripta,

175 2917 98 40 ait;
236 2917 147 40 Sciendum
346 2917 110 40 tamen
419 2917 98 40 est,
480 2917 98 40 quod
541 2917 61 40 &
566 2917 98 40 alij
627 2917 110 40 libri
700 2917 110 40 sunt,
773 2917 85 40 qui
822 2917 85 40 non
859 2917 134 40 Canonici,

172 2949 80 35 sed
217 2949 193 35 Ecclesiastici
376 2949 57 35 a
399 2949 148 35 Majoribus
513 2949 91 35 sunt
570 2949 159 35 uppellati:
695 2949 68 35 ut
729 2949 80 35 est
774 2949 148 35 Sapientia
877 2949 102 35 Salomo-

170 2985 88 42 nis,
225 2985 55 42 &
247 2985 88 42 alij
301 2985 142 42 Sapientia
411 2985 99 42 filij
477 2985 120 42 Syrach,
564 2985 77 42 qui
608 2985 99 42 liber
674 2985 88 42 apud
728 2985 120 42 Latinos
816 2985 77 42 hoc
860 2985 88 42 ipso
903 2985 77 42 gene-

173 3016 96 32 rali
233 3016 143 32 vocabulo
340 3016 215 32 Ecclesiasticus
519 3016 179 32 appellatur,
663 3016 84 32 quo
710 3016 143 32 vocabulo
818 3016 84 32 non
866 3016 107 32 autor
925 3016 60 32 li-

169 3048 114 36 belli,
248 3048 80 36 sed
294 3048 160 36 Scripturae
419 3048 137 36 qualitas
522 3048 171 36 cognominata
659 3048 91 36 est:
716 3048 125 36 Ejusdem
807 3048 125 36 ordinis
898 3048 80 36 est
932 3048 57 36 li-

164 3081 126 37 bellus
253 3081 126 37 Tobiae
341 3081 63 37 &
366 3081 126 37 Iudith
455 3081 63 37 &
480 3081 202 37 Machabaeorum
644 3081 126 37 libri.
733 3081 76 37 In
770 3081 101 37 novo
834 3081 101 37 vero
884 3081 101 37 Testa-

165 3116 108 41 mento
237 3116 144 41 libellus
345 3116 84 41 qui
393 3116 132 41 dicitur
489 3116 168 41 Pastoralis
620 3116 96 41 sive
680 3116 156 41 Hermetis,
800 3116 84 41 qui
836 3116 144 41 appellatur

178 3149 92 34 duae
235 3149 92 34 viae
292 3149 80 34 vel
338 3149 137 34 judicium
441 3149 114 34 Petri,
521 3149 92 34 quae
578 3149 103 34 omnia
647 3149 92 34 legi
704 3149 114 34 quidem
784 3149 69 34 in
819 3149 149 34 Ecclesiis
922 3149 57 34 vo-

167 3181 151 44 luerunt,
281 3181 88 44 non
331 3181 113 44 tamen
407 3181 151 44 proferri
520 3181 76 44 ad
558 3181 189 44 autoritatem
709 3181 76 44 ex
747 3181 88 44 his
797 3181 113 44 fidei
860 3181 151 44 confirman-

170 3214 114 44 dam.
241 3214 213 44 Observandum
412 3214 114 44 quod
483 3214 157 44 Rufinus
597 3214 85 44 in
639 3214 157 44 illorum
753 3214 171 44 librorum
867 3214 128 44 numero,

174 3255 96 45 quos
234 3255 72 45 in
270 3255 156 45 Ecclesiis
389 3255 96 45 legi
449 3255 132 45 Majores
545 3255 168 45 polucrunt,
677 3255 144 45 recenset
785 3255 108 45 etiam
856 3255 120 45 librum
928 3255 60 45 qui

1026 212 165 54 Pastoralis
1156 212 94 54 sive
1215 212 142 54 Hermetis
1321 212 142 54 dicitur,
1427 212 94 54 item
1486 212 106 54 alium
1557 212 83 54 qui
1604 212 165 54 appellatur
1734 212 94 54 duae
1781 212 71 54 viae

1037 262 83 33 vel
1085 262 142 33 judicium
1191 262 119 33 Petri;
1274 262 95 33 quos
1334 262 119 33 libros
1417 262 131 33 ipsimet
1512 262 142 33 Papistae
1619 262 166 33 apocryphos
1749 262 95 33 esse
1797 262 59 33 fa-

1022 302 135 44 tentur.
1120 302 98 44 Ergo
1181 302 86 44 nec
1231 302 98 44 isti
1292 302 74 44 de
1329 302 123 44 quibus
1415 302 86 44 jam
1464 302 233 44 controvertitur,
1660 302 160 44 propterea
1783 302 98 44 sunt

1025 332 134 47 proprie
1122 332 146 47 Canonici
1232 332 97 47 quod
1292 332 97 47 olim
1353 332 73 47 in
1390 332 146 47 Ecclesia
1499 332 182 47 legebantur.

1196 371 430 48 VNDECIMVM.

1071 421 193 55 Quosciinque
1226 421 129 55 libros
1316 421 167 55 proferunt
1444 421 129 55 Patres
1534 421 77 55 ad
1573 421 154 55 dogmatum
1676 421 180 55 Ecclesiasti-

1020 466 116 41 corum
1097 466 193 41 autoritatem
1252 466 219 41 confirmandam,
1432 466 77 41 ij
1470 466 103 41 sunt
1534 466 141 41 proprie
1624 466 129 41 Canonici

1083 499 75 54 At
1120 499 124 54 libros
1207 499 112 54 istos
1281 499 162 54 proferunt
1406 499 124 54 Patres
1493 499 75 54 ad
1530 499 149 54 dogmutum
1629 499 224 54 Ecctesiasticorum

1021 529 213 44 autoritatem
1177 529 198 44 confirmandum

1074 562 93 44 Ergo
1133 562 93 44 sunt
1191 562 128 44 proprie
1272 562 140 44 Canonici.:

1086 597 120 53 RESP.
1165 597 93 53 Hoc
1219 597 186 53 argumentum
1365 597 106 53 idem
1431 597 106 53 fere
1498 597 93 53 est
1551 597 93 53 cum
1604 597 159 53 secundo,
1723 597 106 53 ideo
1777 597 66 53 res

1026 638 132 46 sponsio
1122 638 108 46 eadem
1194 638 96 46 esse
1254 638 132 46 posset.
1350 638 84 46 Sed
1398 638 96 46 quia
1457 638 144 46 secundum
1565 638 84 46 est
1613 638 180 46 generalius,
1757 638 84 46 hoc
1793 638 60 46 au-

1025 678 88 37 tem
1076 678 175 37 strictius,
1213 678 113 37 agens
1289 678 125 37 tantum
1376 678 75 37 de
1414 678 226 37 allegationibus
1602 678 75 37 ad
1640 678 150 37 dogmatum
1740 678 100 37 Eccle-

1019 715 188 39 siasticorum
1170 715 188 39 autoritatem
1320 715 201 39 affirmandam,
1483 715 63 39 &
1508 715 113 39 natum
1584 715 75 39 ex
1621 715 163 39 solutione
1734 715 113 39 praece-

1023 745 121 44 dentis
1108 745 170 44 argumenti;
1241 745 97 44 ideo
1302 745 158 44 distincte
1423 745 194 44 respondemus.
1580 745 109 44 Major
1653 745 170 44 propositio
1774 745 61 44 qua

1024 775 193 43 universaliter
1183 775 171 43 enunciatur,
1320 775 102 43 falsa
1388 775 91 43 est:
1445 775 91 43 quia
1502 775 114 43 Patres
1581 775 148 43 proferunt
1695 775 102 43 saepe
1763 775 68 43 ad
1786 775 57 43 do-

1035 812 119 36 matum
1114 812 199 36 autoritatem
1273 812 225 36 confirmandam,
1459 812 119 36 etiam
1538 812 119 36 alios
1618 812 133 36 libros
1711 812 93 36 qui
1750 812 93 36 tamer

1032 845 95 43 sunt
1092 845 167 43 Apocryphi,
1222 845 71 43 ut
1258 845 71 43 de
1294 845 131 43 Pastore
1389 845 143 43 Hermetis
1496 845 131 43 fatetur
1591 845 178 43 Bellarminus
1734 845 95 43 ipse
1782 845 59 43 li-

1020 877 86 39 bro
1069 877 111 39 primo
1143 877 74 39 de
1179 877 111 39 Verbo
1253 877 98 39 Dei,
1315 877 98 39 cap.
1376 877 160 39 vigesimo,
1499 877 147 39 sectione
1610 877 123 39 sexta;
1696 877 61 39 &
1720 877 74 39 de
1745 877 98 39 tertio

1026 908 61 39 &
1050 908 122 39 quarto
1136 908 134 39 Esdrae,
1233 908 147 39 sectione
1343 908 134 39 septima
1441 908 61 39 &
1465 908 134 39 octava.
1563 908 110 39 Iidem
1636 908 122 39 patres
1710 908 134 39 proferunt

1016 942 121 36 etiam
1096 942 134 36 libros
1190 942 175 36 Gentilium
1325 942 81 36 ad
1365 942 161 36 dogmatum
1486 942 269 36 Ecclesiasticorum
1701 942 148 36 autorita-

1016 982 91 32 tem
1068 982 220 32 confirmandam,
1249 982 78 32 ut
1288 982 156 32 Iustinus
1405 982 130 32 Martyr
1496 982 78 32 in
1535 982 156 32 Apologia
1651 982 156 32 secunda,
1755 982 91 32 Theo-

1028 1010 140 49 doretus
1130 1010 76 49 de
1168 1010 165 49 curatione
1295 1010 165 49 Graecarum
1422 1010 203 49 affectionum,
1587 1010 190 49 Lactantius,
1726 1010 127 49 Augusti-

1031 1039 88 45 nus,
1075 1039 55 45 &c.

1068 1060 196 55 INSTANTIA.
1222 1060 126 55 Libri
1306 1060 154 55 proprie
1418 1060 168 55 Canonici
1544 1060 210 55 proferuntur
1712 1060 84 55 ad
1740 1060 112 55 dogma-

1021 1104 92 42 tum
1073 1104 262 42 Ecclesiasticorum
1296 1104 196 42 autoritatem
1440 1104 196 42 confirmandam?

1069 1134 74 44 At
1106 1134 74 44 hi
1143 1134 111 44 libri
1217 1134 185 44 proferuntur
1365 1134 74 44 ad
1402 1134 148 44 dogmatum
1513 1134 247 44 Ecclesiasticorum
1711 1134 136 44 autorita-

1025 1170 90 40 tem
1077 1170 218 40 confirmandam:
1256 1170 103 40 Ergo
1321 1170 103 40 sunt
1385 1170 141 40 proprie
1475 1170 141 40 Canonici:

1077 1204 112 53 RESP.
1151 1204 137 53 Negatur
1250 1204 211 53 consequentia,
1424 1204 99 53 quia
1486 1204 74 53 ex
1523 1204 112 53 puris
1598 1204 199 53 affirmativis
1759 1204 74 53 in
1784 1204 62 53 se-

1034 1237 100 54 cunda
1100 1237 111 54 figura
1178 1237 100 54 nihil
1244 1237 133 54 sequitur

1020 1291 178 72 Hactenus
1153 1291 192 72 argumenta
1301 1291 178 72 communia
1435 1291 148 72 quibus
1538 1291 104 72 pro
1597 1291 104 72 his
1657 1291 148 72 libris
1745 1291 104 72 Papi-

1112 1350 108 54 stae
1179 1350 161 54 pugnant:
1300 1350 175 54 sequuntur
1434 1350 148 54 aliquot
1542 1350 188 54 siugularia
1676 1350 81 54 pro

1367 1384 120 59 singulis.

1177 1428 95 69 Pro
1232 1428 231 69 adjectionibus
1422 1428 82 69 ad
1463 1428 136 69 librum
1544 1428 150 69 Estherae:

1074 1490 74 46 Si
1111 1490 149 46 Concilia
1223 1490 62 46 &
1247 1490 124 46 Patres
1334 1490 124 46 librum
1421 1490 149 46 Estherae
1533 1490 112 46 inter
1607 1490 161 46 Canonicos
1719 1490 124 46 numeran-

1022 1533 101 39 tes,
1085 1533 75 39 de
1123 1533 75 39 eo
1161 1533 151 39 volumine
1274 1533 126 39 locuti
1362 1533 113 39 sunt,
1437 1533 88 39 quo
1487 1533 88 39 tum
1538 1533 151 39 Ecclesia
1651 1533 151 39 universa
1751 1533 101 39 uteba-

1026 1570 98 34 tur,
1087 1570 111 34 nempe
1161 1570 135 34 habente
1259 1570 111 34 etiam
1333 1570 172 34 appendices
1468 1570 111 34 illas
1542 1570 74 34 de
1579 1570 123 34 quibus
1665 1570 86 34 jam
1702 1570 147 34 quaeritur:

1033 1600 84 41 tum
1081 1600 108 41 etiam
1153 1600 168 41 appendices
1285 1600 108 41 illae
1357 1600 96 41 sunt
1417 1600 132 41 univoce
1513 1600 168 41 Canonicae.
1645 1600 108 41 Verum
1717 1600 84 41 est
1753 1600 84 41 anter

1026 1630 141 44 cedens.
1129 1630 102 44 Ergo
1193 1630 64 44 &
1206 1630 167 44 consequens.

1082 1661 159 40 Assumtum
1201 1661 146 40 probare
1307 1661 146 40 conatur
1412 1661 198 40 Bellarminus
1571 1661 79 40 ex
1611 1661 159 40 Concilio
1717 1661 132 40 Laodice-

1029 1699 85 52 no,
1077 1699 206 52 Carthaginensi
1247 1699 133 52 tertio,
1344 1699 169 52 Innocentio
1477 1699 73 52 I.
1513 1699 61 52 &
1537 1699 121 52 alijs;
1622 1699 121 52 quibus
1707 1699 109 52 addit
1767 1699 85 52 Atha-

1023 1729 151 53 nasium
1129 1729 76 53 &
1144 1729 196 53 Hieronymum.

1076 1769 202 51 RESPONDEO.
1235 1769 159 51 Assumti
1350 1769 173 51 probatio
1480 1769 159 51 laborat
1596 1769 173 51 fallacia
1711 1769 145 51 secundum

1028 1807 118 46 plura
1106 1807 210 46 interrogata:
1277 1807 92 46 nam
1329 1807 79 46 de
1368 1807 170 46 quibusdam
1499 1807 196 46 testimoniis
1657 1807 196 46 conceditur,
1801 1807 52 46 de

1042 1844 167 35 uibusdam
1167 1844 167 35 negatur.
1293 1844 195 35 Laodicenum
1446 1844 111 35 enim
1515 1844 195 35 Concilium,
1668 1844 195 35 Athanasius
1807 1844 42 35 &

1042 1875 159 37 ieronymus
1164 1875 110 37 nihil
1237 1875 98 37 tale
1298 1875 159 37 deponunt,
1420 1875 110 37 quale
1493 1875 134 37 asserit
1591 1875 195 37 Bellarminus.
1749 1875 122 37 Siqui

1029 1908 87 39 dem
1078 1908 174 39 Laodicenum
1215 1908 162 39 Concilium
1339 1908 137 39 fatente
1439 1908 112 39 etiam
1513 1908 162 39 Francisco
1638 1908 137 39 Costero
1725 1908 124 39 Iesuita.

1028 1940 66 46 in
1061 1940 154 46 Enchiridio
1182 1940 88 46 suo,
1237 1940 110 46 vetuit
1313 1940 66 46 in
1346 1940 143 46 Ecclesiis
1456 1940 88 46 legi
1511 1940 55 46 &
1533 1940 66 46 in
1566 1940 165 46 autoritatem
1697 1940 110 46 recipi
1774 1940 99 46 quic

1039 1977 100 39 quid
1101 1977 75 39 in
1139 1977 125 39 Veteri
1226 1977 175 39 Testamento
1364 1977 63 39 a
1389 1977 125 39 Canone
1476 1977 138 39 Hebraeo
1576 1977 125 39 abest:
1664 1977 63 39 &
1689 1977 113 39 addit
1751 1977 100 39 Coste-

1034 2007 80 42 vus
1079 2007 149 42 rationem,
1194 2007 69 42 ne
1228 2007 126 42 fideles
1319 2007 114 42 quorum
1399 2007 103 42 multi
1468 2007 69 42 ex
1502 2007 126 42 Judaeis
1594 2007 137 42 conversi
1696 2007 114 42 erant,
1765 2007 80 42 irri-

1024 2039 144 42 tarentur
1132 2039 60 42 &
1156 2039 216 42 offenderentur,
1336 2039 72 42 si
1372 2039 72 42 ea
1408 2039 96 42 quae
1469 2039 72 42 in
1505 2039 132 42 Hebraeo
1601 2039 84 42 non
1649 2039 144 42 exstant,
1745 2039 108 42 publice

1032 2077 76 37 in
1070 2077 152 37 Ecclesia
1184 2077 190 37 legerentur.
1336 2077 177 37 ATHANASIUS
1475 2077 101 37 vero
1538 2077 76 37 in
1576 2077 139 37 Synopsi
1677 2077 126 37 Sacrae
1753 2077 88 37 Scri-

1032 2110 132 36 pturae,
1128 2110 180 36 adjectiones
1272 2110 72 36 ad
1308 2110 120 36 librum
1392 2110 144 36 Estherae
1499 2110 120 36 aperte
1583 2110 72 36 ad
1619 2110 168 36 Scripturas
1751 2110 84 36 non
1787 2110 60 36 Ca-

1032 2140 128 38 nonicas
1126 2140 128 38 refert,
1219 2140 70 38 ut
1254 2140 70 38 ex
1289 2140 82 38 his
1336 2140 93 38 ejus
1394 2140 117 38 verbis
1476 2140 117 38 patet:
1558 2140 93 38 Sunt
1616 2140 117 38 itaque
1698 2140 140 38 Canonici
1792 2140 58 38 Ve-

1033 2175 107 36 teris
1104 2175 178 36 instrumenti
1246 2175 107 36 libri
1317 2175 130 36 viginti
1412 2175 95 36 duo,
1471 2175 130 36 literis
1566 2175 154 36 Hebraicis
1684 2175 118 36 numero
1755 2175 83 36 pares

1026 2205 129 38 totidem
1120 2205 94 38 enim
1179 2205 94 38 apud
1238 2205 141 38 Hebraeos
1344 2205 94 38 sunt
1403 2205 153 38 literarum
1520 2205 153 38 elementa.
1638 2205 129 38 Praeter
1732 2205 106 38 istos
1791 2205 59 38 au-

1025 2237 85 37 tem
1073 2237 97 37 sunt
1134 2237 109 37 adhuc
1206 2237 97 37 alij
1267 2237 133 37 veteris
1363 2237 181 37 instrumenti
1508 2237 109 37 libri
1581 2237 85 37 non
1629 2237 157 37 Canonici,
1750 2237 85 37 qui
1787 2237 60 37 Ca-

1020 2277 179 32 techumenis
1161 2277 128 32 tantum
1250 2277 166 32 leguntur.
1378 2277 166 32 Sapientia
1506 2277 179 32 Salomonis,
1647 2277 115 32 cujus
1711 2277 128 32 exordium

1033 2304 90 38 est:
1089 2304 136 38 Diligite
1191 2304 147 38 justitiam
1304 2304 79 38 qui
1349 2304 147 38 judicatis
1462 2304 124 38 terram.
1553 2304 147 38 Sapientia
1666 2304 90 38 Iesu
1723 2304 102 38 filij
1779 2304 68 38 Sya-

1022 2340 114 42 rach,
1098 2340 114 42 cujus
1174 2340 139 42 initium
1275 2340 101 42 est:
1339 2340 114 42 Omnis
1415 2340 165 42 sapientia
1541 2340 63 42 a
1567 2340 127 42 Domino
1655 2340 89 42 est
1706 2340 63 42 &
1731 2340 89 42 cum
1769 2340 76 42 ipso

1023 2371 77 43 est
1067 2371 66 43 in
1100 2371 132 43 saculum.
1199 2371 110 43 Esther
1277 2371 77 43 (id
1321 2371 88 43 est,
1376 2371 165 43 adjectiones
1508 2371 66 43 ad
1541 2371 99 43 libr.
1607 2371 143 43 Estherae,
1718 2371 66 43 ut
1751 2371 99 43 patet
1806 2371 44 43 ex

1032 2403 142 39 sequenti
1139 2403 130 39 initio,
1233 2403 95 39 quod
1292 2403 95 39 cap.
1351 2403 189 39 Apocryphorum
1505 2403 95 39 est)
1564 2403 106 39 cujus
1635 2403 130 39 initium
1730 2403 95 39 est:
1777 2403 59 39 An-

1022 2444 76 35 no
1060 2444 140 35 secundo
1162 2444 152 35 regnante
1276 2444 165 35 Artaxerxe
1403 2444 127 35 magno,
1492 2444 89 35 una
1543 2444 89 35 die
1594 2444 127 35 mensis
1683 2444 127 35 Nisan,
1759 2444 76 35 som-

1033 2473 90 36 nium
1089 2473 101 36 vidit
1157 2473 169 36 Mardochaeus
1292 2473 113 36 filius
1371 2473 113 36 Tairi,
1450 2473 101 36 filij
1517 2473 113 36 Semei,
1596 2473 101 36 filij
1664 2473 101 36 Risai
1731 2473 68 36 ex
1754 2473 90 36 tribu-

1017 2501 159 35 Benjamin.
1139 2501 73 35 Ex
1175 2501 85 35 his
1224 2501 134 35 constat
1322 2501 183 35 adjectiones
1468 2501 110 35 istas
1541 2501 85 35 pro
1590 2501 85 35 non
1639 2501 159 35 Canonicis
1761 2501 73 35 ab
1785 2501 49 35 A-

1026 2530 144 48 thanasio
1134 2530 144 48 habitas;
1243 2530 72 48 De
1279 2530 108 48 libro
1351 2530 108 48 autem
1423 2530 96 48 vere
1483 2530 144 48 Canonico
1591 2530 144 48 Estherae
1700 2530 108 48 paulo
1760 2530 84 48 post.

1031 2574 105 43 ait,
1096 2574 92 43 eum
1149 2574 78 43 ad
1188 2574 118 43 aliud
1266 2574 144 43 quoddam
1371 2574 144 43 volumen
1475 2574 170 43 Canonicum
1593 2574 157 43 pertinere.

1062 2610 182 41 HIERGNYMUS
1205 2610 169 41 similiter
1335 2610 182 41 appendices
1478 2610 117 41 illas
1556 2610 91 41 pro
1608 2610 169 41 Canonicis
1738 2610 91 41 non
1777 2610 65 41 ag-

1038 2649 131 38 noscit,
1133 2649 71 38 ut
1169 2649 166 38 manifestum
1299 2649 83 38 est
1347 2649 71 38 ex
1383 2649 178 38 praefatione
1525 2649 95 38 ejus
1585 2649 71 38 in
1620 2649 119 38 librum
1703 2649 131 38 Esther:
1787 2649 59 38 Le-

1026 2680 99 40 brum
1088 2680 124 40 Esther
1174 2680 149 40 (inquit)
1286 2680 124 40 varijs
1373 2680 223 40 translatoribus
1559 2680 136 40 constat
1658 2680 99 40 esse
1708 2680 136 40 vittatum:

1028 2713 102 42 quem
1092 2713 90 42 ego
1143 2713 77 42 de
1182 2713 154 42 Archivis
1297 2713 179 42 Hebraeorum
1438 2713 154 42 revelans
1553 2713 128 42 verbum
1642 2713 64 42 e
1668 2713 115 42 verbo
1732 2713 115 42 expres-

1030 2752 94 33 sius
1089 2752 165 33 transtuli.
1219 2752 94 33 Quem
1278 2752 118 33 librum
1360 2752 118 33 editio
1443 2752 130 33 Vulgata
1537 2752 165 33 laciniosis
1667 2752 94 33 hinc
1726 2752 94 33 inde
1773 2752 71 33 ver-

1032 2778 108 36 borum
1104 2778 132 36 sinibus
1200 2778 132 36 trahit,
1297 2778 120 36 addens
1381 2778 72 36 ea
1417 2778 96 36 quae
1477 2778 72 36 ex
1513 2778 132 36 tempore
1609 2778 96 36 dici
1670 2778 144 36 poterant
1778 2778 60 36 &
1790 2778 60 36 au-

1040 2813 103 37 liri:
1108 2813 103 37 sicut
1177 2813 126 37 solitum
1268 2813 80 37 est
1314 2813 171 37 scholaribus
1451 2813 183 37 disciplinis,
1599 2813 103 37 sumto
1667 2813 126 37 themate
1747 2813 103 37 excogi-

1023 2847 93 42 tare
1082 2847 116 42 quibus
1163 2847 116 42 verbis
1245 2847 82 42 uti
1291 2847 116 42 potuit
1373 2847 82 42 qui
1419 2847 140 42 injuriam
1524 2847 116 42 passus
1606 2847 93 42 est,
1664 2847 82 42 vel
1710 2847 82 42 qui
1745 2847 105 42 injuri-

1031 2883 79 32 am
1070 2883 131 32 fecit.
1162 2883 92 32 Vos
1215 2883 118 32 autem
1294 2883 66 32 o
1320 2883 118 32 Pauli
1399 2883 66 32 &
1425 2883 197 32 Eustochium,
1583 2883 145 32 quoniam
1688 2883 66 32 &
1701 2883 158 32 Bibliothe-

1039 2916 85 34 cas
1087 2916 170 34 Hebraeorum
1221 2916 170 34 studuistis
1354 2916 134 34 intrare
1452 2916 61 34 &
1476 2916 182 34 interpretum
1622 2916 158 34 certamina
1731 2916 109 34 compro-

1039 2946 133 44 hastis,
1136 2946 145 44 tenentes
1244 2946 121 44 Esther
1329 2946 157 44 Hebraicum
1450 2946 133 44 librum,
1547 2946 85 44 per
1595 2946 133 44 singula
1692 2946 109 44 verba
1752 2946 109 44 nostram

1030 2983 197 33 translationem
1193 2983 162 33 adspicite,
1320 2983 70 33 ut
1355 2983 139 33 possitis
1460 2983 162 33 agnoscere,
1587 2983 70 33 me
1622 2983 104 33 nihil
1692 2983 104 33 etiam
1750 2983 104 33 augmen-

1036 3012 102 37 tasse
1104 3012 136 37 addendo,
1205 3012 79 37 sed
1251 3012 113 37 fideli
1330 3012 158 37 testimonio
1454 3012 181 37 simpliciter;
1601 3012 102 37 sicut
1669 3012 68 37 in
1703 3012 124 37 Hebraeo
1782 3012 79 37 habe-

1039 3044 91 41 tur,
1095 3044 136 41 historia
1198 3044 136 41 Hebraica
1300 3044 125 41 Latinae
1391 3044 125 41 linguae
1481 3044 170 41 tradidisse.
1618 3044 79 41 Nec
1663 3044 159 41 affectamus
1777 3044 79 41 luis.

1039 3079 87 36 des
1088 3079 149 36 hominum,
1200 3079 87 36 nec
1249 3079 223 36 vituperationes
1435 3079 211 36 expavescimus.
1609 3079 87 36 Deo
1658 3079 99 36 enim
1720 3079 136 36 placere
1807 3079 62 36 cu-

1035 3112 143 44 rantes,
1139 3112 117 44 minas
1217 3112 143 44 hominum
1321 3112 143 44 penitus
1425 3112 91 44 non
1478 3112 156 44 timemus:
1595 3112 130 44 quonia
1686 3112 104 44 Deus
1738 3112 117 44 dissipa

1044 3151 96 39 ossa
1104 3151 120 39 eorum,
1188 3151 84 39 qui
1236 3151 156 39 hominibus
1356 3151 132 39 placere
1452 3151 180 39 desiderant:
1597 3151 60 39 &
1621 3151 144 39 secundum
1717 3151 144 39 Apostolum.

1042 3181 78 41 Qui
1087 3181 135 41 ejusmodi
1188 3181 101 41 sunt,
1255 3181 101 41 servi
1322 3181 123 41 Christi
1412 3181 90 41 esse
1468 3181 78 41 non
1513 3181 135 41 possunt.
1613 3181 67 41 Si
1647 3181 123 41 Hieron,
1737 3181 146 41 adjcetio

1038 3213 83 38 nes
1086 3213 107 38 illas
1157 3213 83 38 pro
1204 3213 95 38 vere
1264 3213 154 38 Canonicis
1383 3213 166 38 habuisset,
1513 3213 131 38 notllis
1608 3213 190 38 scripsisset,
1763 3213 83 38 non
1799 3213 59 38 ma-

1041 3245 106 53 joris
1112 3245 129 53 nimirum
1206 3245 118 53 facies
1288 3245 94 53 quam
1347 3245 141 53 thematis
1453 3245 141 53 alicujus
1558 3245 176 53 Scholastici
1688 3245 176 53 tractationem:
