2063 3370
218 193 80 44 II.
263 193 92 44 Quia
321 193 92 44 Deus
378 193 172 44 providentia
516 193 80 44 sua
561 193 80 44 nos
607 193 115 44 servat
687 193 57 44 &
710 193 126 44 tuetur,
802 193 103 44 Psal.
871 193 69 44 4.
905 193 69 44 v.
928 193 46 44 9.

183 233 73 37 In
219 233 97 37 pace
280 233 109 37 simul
353 233 121 37 cubabo
437 233 61 37 &
462 233 145 37 dormiam:
571 233 85 37 cum
619 233 73 37 tu
656 233 121 37 Iehova
741 233 109 37 solus
813 233 121 37 facias
898 233 73 37 ut
922 233 61 37 se¬-

179 270 87 33 cure
234 270 131 33 habitem.
332 270 87 33 Jes.
387 270 77 33 26.
430 270 66 33 v.
463 270 66 33 4.
496 270 142 33 Confidite
605 270 120 33 Iehovae
693 270 98 33 usque
758 270 66 33 in
791 270 175 33 sempiternum:
922 270 55 33 nam

178 297 68 45 in
212 297 79 45 Tah
257 297 113 45 Iehova
336 297 102 45 rupes
405 297 147 45 seculorum
518 297 91 45 est,
575 297 68 45 id
609 297 91 45 est,
665 297 113 45 instar
745 297 125 45 immotae
836 297 102 45 arcis
904 297 57 45 &
915 297 68 45 pro¬-

177 330 148 55 pugnaculi
291 330 125 55 fideles
370 330 103 55 tuetur.

213 365 105 37 III.
278 365 105 37 Quia
344 365 105 37 Deus
409 365 118 37 opera
488 365 105 37 edit
554 365 144 37 eximia:
658 365 92 37 nam
711 365 170 37 succurrit
842 365 144 37 omnibus
934 365 52 37 in

193 396 147 44 quacunque
306 396 170 44 afflictione
442 396 181 44 constitutis,
589 396 102 44 Psal.
657 396 79 44 62.
703 396 68 44 v.
737 396 68 44 2.
771 396 159 44 Tantummodo
895 396 68 44 in
918 396 68 44 Deo.

185 430 160 37 conquiescit
313 430 96 37 anima
377 430 85 37 mea,
430 430 64 37 ab
462 430 64 37 eo
494 430 96 37 salus
558 430 75 37 mea
601 430 85 37 est.
654 430 64 37 Et
686 430 96 37 Psal.
750 430 75 37 37.
793 430 64 37 v.
825 430 64 37 4,
857 430 64 37 5,
889 430 64 37 6.
910 430 64 37 Oble

190 460 79 37 cta
235 460 68 37 te
269 460 68 37 in
303 460 125 37 Iehova:
394 460 79 37 qui
439 460 102 37 dabit
508 460 91 37 tibi
564 460 159 37 petitiones
689 460 102 37 animi
757 460 91 37 tui.
814 460 125 37 Devolve
894 460 79 37 supe¬-

184 488 136 42 lehovam
282 488 99 42 viam
344 488 111 42 tuam,
418 488 62 42 &
443 488 136 42 confide
541 488 74 42 in
578 488 86 42 eo;
627 488 86 42 nam
677 488 99 42 ipse
738 488 160 42 efficiet,
849 488 136 42 Proferens

183 531 148 32 tanquam
290 531 121 32 lucem
371 531 175 32 justitiam
505 531 121 32 tuam,
586 531 67 32 &
613 531 94 32 jus
666 531 108 32 tuum
734 531 148 32 tanquam
841 531 161 32 meridiem
949 531 40 32 &

187 557 73 36 v.
223 557 85 36 39,
272 557 85 36 40.
320 557 109 36 Salus
393 557 145 36 justorum
502 557 61 36 a
526 557 121 36 Iehova
611 557 97 36 est,
671 557 109 36 robur
744 557 109 36 eorum
816 557 133 36 tempore
901 557 85 36 angu¬-

184 588 108 38 stiae:
260 588 65 38 Et
292 588 119 38 adjuvat
379 588 76 38 eos
422 588 119 38 Iehova,
508 588 65 38 ac
540 588 119 38 liberat
627 588 86 38 eos:
681 588 119 38 liberat
767 588 76 38 eos
810 588 65 38 ab
843 588 130 38 improbis
929 588 54 38 ac¬-

176 623 107 40 servat
251 623 85 40 eos,
304 623 85 40 quia
358 623 139 40 recipiunt
465 623 64 40 se
497 623 64 40 ad
529 623 107 40 ipsum.
603 623 64 40 Et
635 623 96 40 Psal.
699 623 85 40 115.
753 623 64 40 v.
785 623 64 40 8.
817 623 107 40 Israel
881 623 96 40 confide

172 657 149 40 Iehovae,
284 657 149 40 auxilium
395 657 112 40 horum
470 657 62 40 &
495 657 124 40 scutum
582 657 112 40 horum
657 657 100 40 est.
719 657 137 40 Coercet
818 657 87 40 vel
856 657 124 40 destruit

176 685 78 52 suos
225 685 49 52 &
245 685 127 52 Ecclesiae
342 685 78 52 suae
391 685 107 52 hostes,
469 685 88 52 Jesa.
527 685 68 52 26.
566 685 59 52 v.
586 685 39 52 5.

236 717 89 41 IV.
287 717 101 41 Quia
350 717 76 41 in
388 717 89 41 Deo
439 717 101 41 vere
502 717 139 41 fideles
603 717 63 41 &
629 717 127 41 sancti
717 717 152 41 fiduciam
831 717 101 41 suam
882 717 101 41 posue¬-

179 751 99 36 runt,
245 751 66 36 ut
278 751 110 36 David,
354 751 99 36 Psal.
420 751 77 36 11.
464 751 66 36 v.
497 751 66 36 1.
530 751 66 36 In
563 751 110 36 Iehova
639 751 131 36 confido,
738 751 121 36 quomodo
826 751 121 36 dicitis
902 751 66 36 ani¬-

176 787 135 35 maemeae,
277 787 146 35 emigratee
389 787 101 35 monte
456 787 112 35 vestro
535 787 67 35 ut
569 787 135 35 avicula?
670 787 79 35 Et.
715 787 79 35 13.
760 787 67 35 v.
793 787 67 35 6.
827 787 79 35 Ego
872 787 67 35 in
894 787 79 35 beni¬-

187 813 120 42 gnitate
275 813 77 42 tua
318 813 131 42 fiduciam
417 813 109 42 habeo.
493 813 66 42 Et
526 813 98 42 Psal.
592 813 77 42 16.
636 813 66 42 v.
669 813 66 42 1.
701 813 120 42 Recipio
789 813 66 42 me
822 813 66 42 ad
855 813 77 42 te.
898 813 66 42 Et
920 813 44 42 2.

180 847 64 36 v.
212 847 64 36 2.
245 847 86 36 Deus
298 847 75 36 mi,
341 847 64 36 in
374 847 64 36 te
406 847 129 36 confido,
502 847 54 36 &
524 847 75 36 26.
567 847 64 36 v.
599 847 64 36 1.
631 847 118 36 Iehovae
717 847 118 36 confido
803 847 64 36 me
835 847 75 36 non
868 847 107 36 vacilla¬-

177 878 118 36 turum.
260 878 106 36 Psal.
331 878 83 36 57.
378 878 71 36 v.
413 878 71 36 2.
449 878 130 36 Gratiam
543 878 83 36 fac
590 878 94 36 mihi
649 878 106 36 Deus,
720 878 130 36 gratiam
815 878 83 36 fac
862 878 106 36 mihi:
921 878 59 36 nam

179 914 76 33 in
217 914 76 33 te
256 914 140 33 cofidit
357 914 114 33 anima
433 914 102 33 mea,
497 914 64 33 &
522 914 76 33 ad
561 914 127 33 umbram
650 914 127 33 alarum
739 914 127 33 tuarum
827 914 76 33 me
853 914 127 33 receptu¬-

182 946 80 39 rus
227 946 92 39 sum,
285 946 103 39 donec
354 946 184 39 transiverint
503 946 149 39 aerumnae.
618 946 149 39 Similiter
733 946 115 39 Judaei
813 946 126 39 tempore
894 946 80 39 Abijo

170 977 171 43 pugnantes
301 977 157 43 adversus
419 977 184 43 Jarobeamum
563 977 66 43 &
590 977 184 43 Israelitas
734 977 184 43 nitebantur
865 977 105 43 Jehovi

184 1010 81 36 Deo
231 1010 128 36 majorum
324 1010 116 36 suorum
406 1010 70 36 2.
440 1010 116 36 Chron.
522 1010 81 36 13.
569 1010 70 36 v.
603 1010 81 36 18.
650 1010 163 36 Josaphatus
778 1010 81 36 rex
825 1010 93 36 Juda
883 1010 70 36 2.
906 1010 70 36 Chri

181 1044 84 38 to,
229 1044 120 38 audita
313 1044 169 38 Moabitarum
446 1044 120 38 contra
530 1044 72 38 se
566 1044 193 38 expeditione,
723 1044 96 38 etsi
783 1044 133 38 haberet
868 1044 96 38 ingene

170 1077 91 37 tem
222 1077 182 37 exercitum,
365 1077 117 37 nempe
443 1077 156 37 undecies
560 1077 182 37 centenorum
704 1077 143 37 millium
808 1077 65 37 &
821 1077 156 37 sexaginta.

182 1108 123 38 millium
271 1108 123 38 praeter
361 1108 201 38 praesidiarios,
529 1108 67 38 ut
562 1108 67 38 ex
596 1108 90 38 cap.
652 1108 78 38 17.
696 1108 123 38 liquet:
786 1108 101 38 tamen
853 1108 67 38 in
887 1108 78 38 tam
920 1108 45 38 nu

181 1141 113 39 meroso
260 1141 136 39 exercitu
362 1141 79 39 non
407 1141 159 39 acquievit,
532 1141 79 39 sed
577 1141 68 39 ac
611 1141 68 39 si
645 1141 136 39 exercitu
747 1141 91 39 omni
804 1141 159 39 destitutus
917 1141 57 39 es¬-

171 1174 96 39 set,
231 1174 120 39 timuit
315 1174 60 39 &
339 1174 72 39 ad
375 1174 96 39 Deum
434 1174 72 39 se
470 1174 156 39 convertit
590 1174 60 39 &
614 1174 132 39 publico
710 1174 132 39 indicto
805 1174 132 39 jejunio
889 1174 96 39 preci¬-

178 1207 86 36 bus
227 1207 147 36 publicis
337 1207 135 36 divinam
435 1207 98 36 opem
496 1207 171 36 imploravit
630 1207 61 36 &
655 1207 73 36 in
691 1207 73 36 ea
728 1207 147 36 promissa
838 1207 171 36 acquievit.

178 1239 102 37 Istud
246 1239 80 37 est
291 1239 125 37 insigne
382 1239 136 37 exemplum
485 1239 102 37 verae
553 1239 136 37 fiduciae
655 1239 68 37 in
678 1239 68 37 Deo.

215 1273 67 40 V.
248 1273 89 40 Quia
304 1273 133 40 fiduciam
403 1273 67 40 in
437 1273 78 40 Deo
481 1273 166 40 collocantes
614 1273 100 40 beati
681 1273 100 40 sunt,
747 1273 100 40 Psal.
814 1273 67 40 2.
847 1273 67 40 v.
880 1273 78 40 12.
913 1273 67 40 Bea¬-

176 1302 68 51 ti
210 1302 102 51 omnes
278 1302 79 51 qui
323 1302 147 51 confidunt
436 1302 68 51 in
470 1302 68 51 eo
504 1302 79 51 seu
549 1302 79 51 qui
594 1302 68 51 se
628 1302 147 51 recipiunt
741 1302 68 51 ad
775 1302 91 51 eum.
832 1302 68 51 Et
866 1302 102 51 Psal.
922 1302 57 51 40.

180 1338 59 40 v.
210 1338 59 40 5.
239 1338 118 40 Proverb.
328 1338 69 40 16.
367 1338 59 40 v.
387 1338 49 40 26.

219 1365 78 40 VI.
263 1365 89 40 Quia
319 1365 123 40 fiducia
409 1365 67 40 in
442 1365 78 40 Deo
487 1365 78 40 est
532 1365 168 40 utilissima,
666 1365 101 40 Prov.
733 1365 78 40 22.
777 1365 67 40 v.
811 1365 78 40 18,
855 1365 78 40 19.
889 1365 78 40 Amoe¬-

178 1403 81 39 num
225 1403 104 39 erit,
294 1403 70 39 si
329 1403 162 39 servaveris
457 1403 93 39 haec
515 1403 70 39 in
550 1403 116 39 ventre
631 1403 93 39 tuo,
689 1403 197 39 sicomparentur
851 1403 128 39 pariter
933 1403 46 39 in

179 1435 107 35 lubiis
254 1435 97 35 tuis:
319 1435 64 35 si
351 1435 107 35 fuerit
426 1435 64 35 in
458 1435 107 35 Iehova
533 1435 118 35 fiducia
619 1435 86 35 tua.
673 1435 64 35 Et
705 1435 86 35 cap.
758 1435 75 35 28.
801 1435 64 35 v.
834 1435 75 35 25.
876 1435 75 35 Qui
909 1435 64 35 con¬-

181 1465 100 38 fidit
247 1465 133 38 Iehovae,
347 1465 122 38 pinguis
435 1465 166 38 efficietur,
568 1465 66 38 id
601 1465 88 38 est,
656 1465 210 38 benedictionibus
833 1465 77 38 Dei
877 1465 122 38 ditabi¬

181 1499 93 36 tur.
239 1499 81 36 Qui
286 1499 139 36 nituntur
390 1499 127 36 Jehova,
482 1499 185 36 prosperantur
633 1499 58 36 &
656 1499 150 36 victorias
772 1499 69 36 de
806 1499 139 36 hostibus
899 1499 81 36 obti¬-

182 1531 97 36 nent,
247 1531 65 36 ut
279 1531 108 36 Judaei
354 1531 65 36 de
387 1531 161 36 Israelitis,
516 1531 65 36 2.
548 1531 108 36 Chron.
624 1531 75 36 13.
667 1531 97 36 vers.
731 1531 75 36 18.
774 1531 54 36 &
796 1531 65 36 de
817 1531 151 36 AEthiopibus:

177 1566 123 34 Chron.
263 1566 86 34 16.
312 1566 99 34 ver.
374 1566 74 34 8.
411 1566 111 34 Annon
485 1566 160 34 AEthiopum
608 1566 135 34 illorum
706 1566 62 34 &
731 1566 123 34 Libyum
817 1566 111 34 erant
879 1566 99 34 copiae

171 1597 175 34 numerosae
305 1597 161 34 curribus
426 1597 67 34 &
453 1597 175 34 equitibus
587 1597 229 34 quamplurimum:
776 1597 121 34 tamen
856 1597 108 34 quum
910 1597 54 34 in

181 1627 153 44 nitereris
299 1627 130 44 Iehova,
393 1627 141 44 tradidit
500 1627 83 44 eas
547 1627 71 44 in
582 1627 106 44 manum
653 1627 106 44 tuam.
724 1627 130 44 Fiducia
818 1627 71 44 in
853 1627 83 44 Deo
889 1627 94 44 parit.

170 1660 140 38 sanctam
272 1660 191 38 secutitatem
425 1660 64 38 &
451 1660 230 38 tranquillitate
642 1660 128 38 animi,
732 1660 64 38 &
757 1660 128 38 adimit
846 1660 115 38 omnem
910 1660 64 38 me¬-

174 1695 81 35 tum
221 1695 150 35 hostilem,
336 1695 69 35 ut
371 1695 127 35 Davidis
463 1695 139 35 exemplum
567 1695 116 35 docet,
648 1695 104 35 Psal.
717 1695 69 35 3.
752 1695 69 35 v.
787 1695 69 35 6,
821 1695 69 35 7.
856 1695 81 35 Ego
891 1695 92 35 cubui¬-

170 1728 63 34 &
196 1728 151 34 dormivi,
309 1728 189 34 expergefeci
460 1728 88 34 me;
511 1728 101 34 quia
574 1728 126 34 Iehova
662 1728 164 34 sustentat
788 1728 88 34 me.
838 1728 88 34 Non
876 1728 101 34 timebo

172 1765 60 27 a
196 1765 167 27 myriadibus
327 1765 131 27 populi;
422 1765 95 27 quas
482 1765 119 27 circum
565 1765 191 27 disposuerint
720 1765 155 27 metatores
839 1765 119 27 contra
910 1765 60 27 me¬-

181 1788 153 38 Omnigenam
299 1788 200 38 benedictionem
464 1788 118 38 homini
546 1788 153 38 praestat,
664 1788 94 38 Jer.
723 1788 82 38 17.
770 1788 71 38 v.
805 1788 71 38 7,
841 1788 71 38 8.
864 1788 106 38 Benedi¬-

181 1824 87 34 ctus
235 1824 76 34 vir
279 1824 87 34 ille
333 1824 76 34 qui
377 1824 130 34 fiduciam
475 1824 98 34 habet
540 1824 65 34 in
573 1824 120 34 Iehova,
660 1824 54 34 &
681 1824 98 34 cujus
747 1824 163 34 confidentia
877 1824 76 34 est
910 1824 54 34 Ie¬-

177 1853 111 41 hova.
251 1853 86 41 Nam
300 1853 99 41 erit
362 1853 136 41 similis
460 1853 123 41 arbori
547 1853 160 41 plantatae
670 1853 148 41 secundum
781 1853 123 41 aquas,
867 1853 62 41 &
879 1853 99 41 secun¬-

181 1884 84 36 dum
229 1884 157 36 processum
350 1884 133 36 aquarum
446 1884 145 36 mittenti
554 1884 133 36 radices
651 1884 108 36 suas,
723 1884 96 36 quae
783 1884 84 36 non
831 1884 120 36 sentit
904 1884 72 36 quum

182 1923 143 33 advenerit
292 1923 121 33 aestus,
380 1923 77 33 sed
424 1923 88 33 sunt
479 1923 99 33 folia
545 1923 88 33 ejus
600 1923 143 33 virentia:
710 1923 55 33 &
732 1923 88 33 anno
787 1923 176 33 cohibitionis
919 1923 55 33 non

178 1951 76 41 est
222 1951 152 41 sollicita,
341 1951 98 41 neque
406 1951 119 41 desinit
493 1951 87 41 quin
547 1951 108 41 faciat
623 1951 119 41 fructum
710 1951 98 41 Psal.
775 1951 76 41 21.
818 1951 65 41 v.
851 1951 65 41 8.
872 1951 98 41 Quoniam

182 1978 90 38 ipse
238 1978 79 38 rex
283 1978 135 38 confidit
384 1978 135 38 Iehovae,
485 1978 90 38 ideo
541 1978 112 38 fretus
620 1978 168 38 benignitate
754 1978 124 38 excelsi
844 1978 79 38 non
878 1978 101 38 dimave¬-

175 2013 115 37 bitur.
255 2013 57 37 &
278 2013 92 37 125.
335 2013 69 37 v.
369 2013 69 37 1.
404 2013 80 37 Qui
450 2013 149 37 confidunt
564 2013 138 37 Iehovae,
667 2013 126 37 similes
759 2013 92 37 sunt
817 2013 103 37 monti
874 2013 103 37 Tionis,

187 2047 79 35 qui
232 2047 79 35 non
277 2047 158 35 dimovetur,
402 2047 68 35 in
436 2047 125 35 saculum
526 2047 147 35 permanet.
639 2047 91 35 Jer.
696 2047 79 35 39.
741 2047 91 35 ver.
798 2047 79 35 18.
843 2047 79 35 ait
888 2047 91 35 Deus
934 2047 45 35 ad

181 2079 216 45 Hebedmelechum:
361 2079 120 45 Omnino
445 2079 144 45 liberabo
553 2079 72 45 te
589 2079 60 45 &
613 2079 120 45 gladio
697 2079 84 45 non
745 2079 120 45 cades:
829 2079 132 45 eritque
913 2079 60 45 ti¬-

181 2107 66 39 bi
214 2107 88 39 vita
269 2107 77 39 tua
313 2107 110 39 spolij
389 2107 99 39 loco,
455 2107 88 39 quia
510 2107 132 39 fiduciam
609 2107 132 39 habuisti
707 2107 66 39 in
729 2107 55 39 me¬-

226 2139 90 39 VII.
282 2139 90 39 Quia
338 2139 101 39 parit
406 2139 68 39 in
440 2139 169 39 credentibus
575 2139 124 39 sanctam
665 2139 180 39 securitatem,
811 2139 101 39 Psal.
879 2139 68 39 3.
912 2139 68 39 v.
935 2139 45 39 6.

186 2172 84 42 Ego
234 2172 108 42 cubui
306 2172 60 42 &
330 2172 144 42 dormivi,
437 2172 180 42 expergefeci
581 2172 84 42 me:
629 2172 96 42 quia
689 2172 120 42 Iehova
772 2172 156 42 sustentat
880 2172 60 42 me¬-

222 2205 176 40 QuaeRITUr,
361 2205 76 40 An
399 2205 63 40 &
424 2205 113 40 quare
499 2205 76 40 in
537 2205 138 40 CHRISTO
638 2205 101 40 JESU
701 2205 88 40 sit
751 2205 138 40 fiducia
839 2205 126 40 collocan

171 2233 83 50 da,
219 2233 95 50 quum
278 2233 83 50 sit
325 2233 107 50 homo,
396 2233 71 50 ac
432 2233 130 50 proinde
526 2233 154 50 creatura?
645 2233 107 50 RESP.
716 2233 71 50 Si
751 2233 142 50 Christus
858 2233 107 50 Jesus
917 2233 59 50 es¬-

174 2269 82 46 set
221 2269 117 46 tantum
303 2269 94 46 homo
362 2269 59 46 &
385 2269 94 46 nuda
444 2269 152 46 creatura,
561 2269 82 46 tum
608 2269 82 46 non
655 2269 105 46 esset
725 2269 70 46 in
760 2269 70 46 eo
795 2269 129 46 fiducia
877 2269 94 46 collo¬-

181 2308 116 33 canda,
263 2308 81 33 sed
309 2308 93 33 quia
367 2308 81 33 non
414 2308 116 33 tantum
495 2308 93 33 homo
553 2308 58 33 &
576 2308 139 33 creatura
681 2308 93 33 est,
739 2308 81 33 sed
785 2308 105 33 etiam
855 2308 105 33 verus
913 2308 58 33 na¬-

178 2333 90 37 tura
234 2333 90 37 Deus
290 2333 56 37 &
313 2333 124 37 creator
403 2333 124 37 omnium,
493 2333 124 37 idcirco
583 2333 79 37 est
628 2333 67 37 in
661 2333 90 37 ipso
718 2333 124 37 fiducia
808 2333 146 37 religiose
909 2333 56 37 po¬-

178 2369 125 33 nenda.
265 2369 88 33 Qui
315 2369 113 33 autem
390 2369 125 33 negant
478 2369 150 33 aeternam
590 2369 63 33 &
615 2369 163 33 increatam
740 2369 150 33 Deitatem
840 2369 125 33 Christi¬-

179 2401 65 34 &
205 2401 143 34 faciunt
309 2401 156 34 Christum
425 2401 91 34 cum
477 2401 220 34 Cerinthianis,
659 2401 246 34 Samosatenianis,
853 2401 117 34 Arianis

176 2428 201 40 Nestorianis,
340 2428 113 40 purum
415 2428 113 40 putum
490 2428 151 40 hominem,
603 2428 63 40 &
628 2428 113 40 tamen
703 2428 75 40 in
741 2428 75 40 eo
779 2428 151 40 fiduciam
879 2428 88 40 salu¬-

178 2465 77 33 tis
222 2465 133 33 aeternae
322 2465 155 33 collocant;
443 2465 88 33 illi
498 2465 88 33 sunt
553 2465 177 33 idololatrae,
697 2465 55 33 &
719 2465 177 33 percutiuntur
852 2465 110 33 anathema

181 2496 64 43 te
213 2496 85 43 illo
266 2496 85 43 Jer.
319 2496 74 43 17.
362 2496 64 43 v.
394 2496 64 43 5.
425 2496 149 43 Maledictus
542 2496 74 43 vir
584 2496 95 43 ille,
648 2496 74 43 qui
691 2496 127 43 fiduciam
786 2496 95 43 habet
850 2496 64 43 in
882 2496 106 43 homine
945 2496 32 43 &

183 2528 134 48 statuit
280 2528 122 48 carnem
365 2528 146 48 brachium
475 2528 110 48 suum,
548 2528 61 48 a
573 2528 122 48 Iehova
658 2528 110 48 autem
731 2528 134 48 recedit
828 2528 85 48 cor
865 2528 85 48 ejus.

220 2562 121 38 Fiducia
308 2562 66 38 in
341 2562 88 38 Deum
396 2562 121 38 sincera
484 2562 99 38 esto,
550 2562 66 38 ut
583 2562 165 38 praecipitur
715 2562 99 38 Prov.
781 2562 66 38 3.
814 2562 66 38 v.
847 2562 66 38 5.
869 2562 110 38 Fiduciam

185 2589 89 38 habe
241 2589 67 38 in
274 2589 111 38 Iehova
352 2589 67 38 ex
385 2589 89 38 toto
441 2589 100 38 corde
508 2589 89 38 tuo.
563 2589 100 38 Eadem
630 2589 134 38 stabilis
730 2589 100 38 esto,
797 2589 122 38 quamvis
875 2589 89 38 tenta¬-

180 2627 150 35 tionibus,
296 2627 116 35 minis,
377 2627 58 35 &
400 2627 162 35 terroribus
527 2627 174 35 oppugnatur:
666 2627 116 35 qualis
747 2627 93 35 fuit
805 2627 139 35 Ezechiae
909 2627 58 35 &
921 2627 46 35 Is

175 2662 163 41 raelitatum,
305 2662 87 41 quum
359 2662 76 41 rex
403 2662 130 41 Assyriae
500 2662 108 41 regnum
576 2662 98 41 Judae
641 2662 163 41 invasisset,
771 2662 65 41 2.
804 2662 87 41 Reg.
858 2662 76 41 18.
901 2662 54 41 &
912 2662 54 41 15.

219 2688 82 41 Est
266 2688 163 41 imperfecta
394 2688 70 41 in
429 2688 82 41 hac
476 2688 105 41 vita:
546 2688 82 41 nam
592 2688 105 41 habet
662 2688 140 41 admixtum
767 2688 128 41 aliquid
848 2688 117 41 diffider

184 2721 88 42 tiae
239 2721 77 42 aut
283 2721 110 42 saltem
360 2721 121 42 aliquid
448 2721 176 42 dubitationis
591 2721 198 42 proficiscentis
756 2721 66 42 ab
789 2721 165 42 infirmitate
910 2721 66 42 car¬-

182 2755 79 38 nis
227 2755 136 38 nostrae,
329 2755 68 38 ut
363 2755 136 38 ostendit
464 2755 136 38 exemplum
566 2755 147 38 Zachariae
679 2755 170 38 Sacerdotis,
815 2755 113 38 patris
883 2755 90 38 Johan¬-

179 2788 79 36 nis
224 2788 158 36 Baptistae,
348 2788 90 36 Luc.
404 2788 68 36 1.
438 2788 79 36 Est
483 2788 101 36 tamen
551 2788 147 36 perpetua,
664 2788 90 36 quae
720 2788 101 36 neque
788 2788 180 36 praesentibus
923 2788 45 36 pe

188 2819 117 34 ticulis
274 2819 53 34 &
295 2819 192 34 tentationibus,
455 2819 96 34 neque
519 2819 128 34 futuris,
615 2819 149 34 quaecunque
732 2819 107 34 carnis
806 2819 96 34 timor
870 2819 128 34 ingerit,

184 2854 187 32 convellitur,
336 2854 82 32 sed
383 2854 140 32 stabilis
487 2854 152 32 permanet,
604 2854 82 32 sic
651 2854 70 32 ut
686 2854 93 32 illa
744 2854 82 32 Deo
790 2854 82 32 per
837 2854 105 32 omnem
895 2854 82 32 vitam

186 2884 139 42 firmiter
291 2884 162 42 innitamur:
418 2884 104 42 sicut
487 2884 104 42 David
557 2884 116 42 Psalm.
638 2884 81 42 18.
684 2884 69 42 v.
719 2884 69 42 3.
753 2884 81 42 ait
799 2884 116 42 futuro
869 2884 104 42 tempore

183 2914 94 47 quod
242 2914 70 47 se
277 2914 70 47 ad
312 2914 94 47 Deum
371 2914 164 47 recepturus
489 2914 70 47 sit.

213 2942 83 43 Eam
260 2942 130 43 fideles
355 2942 201 43 testificantur
521 2942 59 43 &
544 2942 177 43 profitentur
686 2942 71 43 ad
722 2942 130 43 gloriam
816 2942 83 43 Dei
864 2942 59 43 &
875 2942 95 43 conso¬-

177 2973 138 46 lationem
281 2973 92 46 suam
339 2973 161 46 aliorumque
466 2973 150 46 fidelium,
581 2973 69 46 ut
616 2973 104 46 David
685 2973 104 46 Psal.
754 2973 69 46 3.
789 2973 69 46 v.
823 2973 69 46 4,
858 2973 69 46 7.
881 2973 92 46 Eccle¬-

189 3011 66 39 sia
226 3011 75 39 item
273 3011 85 39 Psal.
330 3011 66 39 20.
368 3011 57 39 v.
386 3011 38 39 7.

211 3036 137 55 Fiduciae
313 3036 68 55 in
347 3036 91 55 Deum
404 3036 148 55 contraria
518 3036 80 55 est
564 3036 171 55 diffidentia
700 3036 91 55 erga
757 3036 102 55 Deum,
825 3036 91 55 quae
882 3036 80 55 sic
916 3036 46 55 de

166 3069 145 47 scribitur:

220 3107 182 41 Diffidentia
366 3107 97 41 erga
427 3107 109 41 Deum,
500 3107 85 41 est
548 3107 158 41 peccatum,
670 3107 97 41 quum
731 3107 97 41 quis
792 3107 85 41 aut
840 3107 122 41 omnino
913 3107 61 41 non

185 3139 98 55 fidit
250 3139 87 55 soli
305 3139 163 55 promissioni
435 3139 131 55 divinae,
533 3139 65 55 de
566 3139 65 55 re
598 3139 109 55 aliqua
675 3139 76 55 vel
718 3139 65 55 ad
751 3139 120 55 salutem
838 3139 131 55 aeternam
925 3139 54 55 ve¬

1024 194 72 40 ad
1060 194 168 40 praesentem
1192 194 108 40 vitam
1264 194 180 40 pertinente,
1408 194 132 40 quamvis
1505 194 132 40 certae;
1601 194 84 40 aut
1649 194 72 40 de
1673 194 168 40 promissionis

1030 231 115 35 illius
1111 231 162 35 impletione
1238 231 138 35 dubitat:
1342 231 185 35 proficiscens
1492 231 58 35 a
1515 231 115 35 nativa
1596 231 185 35 infidelitate
1734 231 104 35 hominum

1034 259 147 50 propter
1140 259 160 50 defectum
1261 259 160 50 mediorum
1381 259 214 50 ordinariorum
1555 259 67 50 &
1581 259 187 50 apparentem
1728 259 134 50 impos¬

1030 291 180 40 sibilitatem
1174 291 180 40 consequendi
1319 291 72 40 id
1355 291 96 40 quod
1415 291 96 40 Deus
1463 291 132 40 promisit.

1060 325 103 38 Causa
1128 325 148 38 efficiens
1242 325 182 38 diffidentiae
1390 325 91 38 erga
1447 325 91 38 Deum
1504 325 80 38 est
1550 325 114 38 nativa
1630 325 171 38 infidelitas
1755 325 80 38 homi¬-

1027 358 92 37 num.
1085 358 81 37 Cur
1131 358 92 37 enim
1189 358 150 37 diffidunt
1304 358 127 37 plurimi
1396 358 127 37 homines
1489 358 69 37 de
1523 358 115 37 salute
1604 358 138 37 aeterna:
1708 358 81 37 per
1742 358 81 37 Chri¬-

1024 390 96 38 stum
1084 390 109 38 solum
1157 390 145 38 habenda?
1265 390 96 38 nisi
1325 390 96 38 quia
1386 390 181 38 promissioni
1530 390 133 38 divinae
1627 390 84 38 non
1675 390 145 38 credunt.
1772 390 60 38 Ex¬-

1033 420 115 39 emplum
1113 420 80 39 est
1159 420 69 39 in
1193 420 161 39 Pharisaeis
1320 420 80 39 qui
1366 420 172 39 diffidebant
1504 420 69 39 de
1538 420 92 39 vita
1596 420 126 39 aeterna
1688 420 80 39 per
1722 420 115 39 Christum

1025 457 113 39 solum
1101 457 189 39 consequenda
1252 457 101 39 sine
1315 457 101 39 suis
1378 457 151 39 meritis.
1492 457 151 39 Exemplum
1605 457 202 39 diffidentiae
1756 457 76 39 erga

1020 487 92 38 Deum
1078 487 81 38 est
1124 487 69 38 in
1159 487 81 38 Asa
1205 487 92 38 Rege
1262 487 104 38 Juda,
1331 487 81 38 qui
1377 487 104 38 licet
1447 487 138 38 alioquin
1550 487 127 38 fidelis
1642 487 115 38 esset,
1723 487 104 38 tamen
1780 487 58 38 me¬-

1027 523 70 40 tu
1062 523 129 40 Bahasae
1156 523 106 40 Regis
1227 523 176 40 Israelitici
1368 523 59 40 a
1391 523 153 40 Benhadado
1509 523 94 40 Rege
1568 523 117 40 Syriae
1650 523 141 40 auxilium
1744 523 82 40 peti¬-

1036 553 73 40 it
1072 553 61 40 &
1096 553 85 40 non
1145 553 121 40 potius
1230 553 61 40 a
1254 553 97 40 Deo,
1314 553 73 40 2.
1351 553 121 40 Chron.
1435 553 85 40 16.
1484 553 145 40 Exemplum
1593 553 85 40 est
1641 553 73 40 in
1678 553 121 40 Achazo
1750 553 85 40 Jesa.

1021 587 75 34 7.
1058 587 87 34 qui
1108 587 174 34 diffidebat
1244 587 87 34 Deo
1294 587 187 34 promittenti
1443 587 199 34 liberationem
1605 587 112 34 urbis
1667 587 162 34 Jerosolymo¬-

1026 620 85 39 rum
1075 620 61 39 &
1099 620 110 39 regni
1172 620 110 39 Judae
1245 620 61 39 a
1270 620 134 39 Retzine
1367 620 98 39 Rege
1428 620 122 39 Syriae
1514 620 61 39 &
1538 620 146 39 Peltacho
1648 620 110 39 filio
1709 620 122 39 Remaliae

1028 649 88 39 Rege
1083 649 143 39 Israelis,
1193 649 55 39 &
1215 649 88 39 alia
1271 649 88 39 sibi
1326 649 77 39 via
1370 649 154 39 prospicere
1491 649 132 39 adversus
1590 649 110 39 hostes
1668 649 132 39 volebat.

1054 683 143 46 Effectus
1162 683 191 46 diffidentiae
1317 683 96 46 erga
1377 683 108 46 Deum,
1449 683 84 46 est
1496 683 143 46 anxietas
1604 683 108 46 animi
1676 683 60 46 &
1688 683 143 46 supervaca¬-

1018 716 87 38 neae
1061 716 87 38 curae,

1308 740 120 52 Serio
1388 740 93 52 est
1428 740 133 52 cavenda:

1066 772 75 64 I.
1103 772 100 64 Quia
1165 772 62 64 a
1190 772 87 64 Deo
1240 772 162 64 prohibita
1365 772 87 64 est
1414 772 137 64 inprimo
1514 772 162 64 praecepto
1639 772 150 64 Decalogi
1751 772 62 64 &
1763 772 75 64 pas¬-

993 805 100 60 Csim
1055 805 75 60 in
1092 805 162 60 Scriptura
1204 805 100 60 Sacra¬-

1066 837 85 52 II.
1114 837 97 52 Quia
1175 837 61 52 a
1199 837 85 52 Deo
1248 837 207 52 reprehenditur
1418 837 73 52 in
1455 837 134 52 quovis:
1552 837 73 52 ut
1588 837 73 52 in
1625 837 121 52 Achaxo
1710 837 97 52 Rege
1758 837 61 52 Ju¬-

1030 884 92 34 dae,
1087 884 92 34 Jes.
1144 884 69 34 7.
1179 884 69 34 v.
1213 884 80 34 13.
1259 884 115 34 Audite
1340 884 80 34 jam
1386 884 92 34 (ait
1443 884 149 34 Propheta,
1558 884 80 34 per
1604 884 138 34 Spiritum
1708 884 92 34 Dei)
1754 884 80 34 domus

1022 917 137 35 Davidis,
1124 917 68 35 an
1159 917 103 35 parva
1227 917 80 35 res
1273 917 80 35 est
1318 917 91 35 prae
1375 917 114 35 vobis,
1455 917 137 35 fatigare
1558 917 137 35 homines,
1661 917 91 35 quod
1718 917 103 35 etiam
1775 917 57 35 fa¬-

1024 951 136 34 tigatis
1123 951 99 34 Deum
1185 951 112 34 meum?
1259 951 74 34 In
1296 951 161 34 reliquiis
1420 951 161 34 Judaeorum
1544 951 74 34 ex
1581 951 161 34 praesente
1693 951 136 34 tenuitate

1024 981 80 36 sua
1069 981 182 36 diffidentium
1217 981 159 36 magnificis
1342 981 205 36 promissionibus
1513 981 91 36 Dei,
1569 981 102 36 Zach.
1638 981 68 36 8.
1672 981 68 36 v.
1706 981 68 36 6.
1740 981 80 36 Sic
1774 981 57 36 ait

1020 1016 122 42 Iehova
1105 1016 183 42 exercituum,
1252 1016 98 42 quia
1313 1016 147 42 mirabile
1423 1016 86 42 est
1472 1016 147 42 inoculis
1582 1016 183 42 reliquiarum
1716 1016 110 42 populi,

1019 1048 103 39 hujus
1087 1048 115 39 diebus
1168 1048 92 39 his,
1225 1048 126 39 anetiam
1317 1048 69 39 in
1352 1048 115 39 oculis
1432 1048 92 39 meis
1489 1048 138 39 mirabile
1593 1048 115 39 esset,
1673 1048 69 39 id
1708 1048 92 39 est,
1754 1048 80 39 factu

1015 1074 151 48 impossibile

1057 1094 87 60 III.
1112 1094 87 60 Quia
1166 1094 109 60 certum
1243 1094 109 60 affert
1319 1094 120 60 damnum,
1407 1094 98 60 Jesa.
1472 1094 76 60 31.
1516 1094 66 60 v.
1549 1094 66 60 1.
1582 1094 76 60 Vae
1625 1094 98 60 illis
1691 1094 76 60 qui
1735 1094 76 60 non
1767 1094 55 60 re¬-

1022 1147 152 40 spiciunt
1136 1147 76 40 ad
1174 1147 139 40 Sanctum
1275 1147 164 40 Israelis,
1402 1147 63 40 &
1427 1147 139 40 Iehovam
1528 1147 88 40 non
1566 1147 139 40 requirunt

1057 1173 179 41 Disparantur
1200 1173 60 41 a
1224 1173 95 41 vera
1284 1173 131 41 fiducia
1379 1173 72 41 in
1415 1173 95 41 Deo,
1474 1173 179 41 confidentia
1617 1173 167 41 temeraria,
1737 1173 107 41 fiducia

1029 1203 67 46 in
1062 1203 79 46 Deo
1107 1203 168 46 temporaria,
1242 1203 123 46 fiducia
1321 1203 168 46 idololatrica.

1051 1231 186 44 Confidentia
1199 1231 174 44 temeraria,
1336 1231 87 44 est
1385 1231 161 44 peccatum,
1509 1231 99 44 quum
1571 1231 99 44 quis
1633 1231 136 44 aliquid
1732 1231 74 44 ad
1757 1231 87 44 prae¬-

1020 1269 123 43 sentem
1106 1269 86 43 vel
1155 1269 135 43 futuram
1253 1269 111 43 vitam
1327 1269 160 43 pertmens,
1450 1269 74 43 se
1487 1269 111 43 posse
1561 1269 62 43 a
1586 1269 86 43 Deo
1635 1269 160 43 impetrate
1746 1269 98 43 confi¬-

1033 1306 90 38 dit,
1089 1306 79 38 aut
1134 1306 113 38 potius
1213 1306 146 38 confidere
1325 1306 68 38 se
1359 1306 135 38 inaniter
1460 1306 158 38 gloriatur,
1584 1306 79 38 aut
1629 1306 146 38 neglectis
1742 1306 113 38 mediis
1809 1306 34 38 a

1020 1341 83 32 Deo
1068 1341 167 32 ordinatis,
1199 1341 83 32 aut
1247 1341 155 32 adhibitis
1366 1341 119 32 mediis
1449 1341 155 32 voluntati
1569 1341 83 32 Dei
1616 1341 203 32 adversantibus
1771 1341 72 32 qua¬-

1014 1375 81 35 si
1055 1375 135 35 volens
1150 1375 108 35 Deum
1217 1375 122 35 ipsum
1298 1375 216 35 antevertere:
1474 1375 108 35 quum
1541 1375 122 35 novam
1622 1375 95 35 aut
1663 1375 162 35 peculiarem

1017 1412 93 33 non
1070 1412 133 33 habeat
1163 1412 67 33 a
1190 1412 93 33 Deo
1243 1412 280 33 extraordinariorum
1483 1412 160 33 mediorum
1589 1412 200 33 promissionem.

1060 1440 117 34 Media
1138 1440 104 34 enim
1203 1440 78 34 ad
1242 1440 143 34 aliquid
1345 1440 207 34 consequendum
1514 1440 156 34 ordinata
1631 1440 65 34 a
1656 1440 104 34 Deo,
1708 1440 117 34 adhiben

1010 1467 76 39 da
1048 1467 64 39 &
1074 1467 165 39 nequaquam
1201 1467 191 39 contemnenda
1354 1467 89 39 aut
1405 1467 178 39 negligenda
1545 1467 115 39 sunt.
1621 1467 102 39 Isle
1685 1467 102 39 vero
1736 1467 89 39 teme¬-

1017 1502 114 42 rarius
1096 1502 91 42 est,
1153 1502 80 42 qui
1198 1502 91 42 sine
1255 1502 114 42 mediis
1335 1502 148 42 divinitus
1449 1502 148 42 ordinatis
1562 1502 125 42 aliquid
1653 1502 102 42 agere
1721 1502 125 42 conatur
1801 1502 34 42 &

1029 1537 71 37 se
1065 1537 107 37 posse
1136 1537 154 37 perficere
1255 1537 154 37 confidit,
1374 1537 95 37 nisi
1433 1537 107 37 novam
1504 1537 59 37 &
1528 1537 166 37 peculiarem
1659 1537 119 37 habeat
1730 1537 107 37 promis¬-

1013 1567 129 42 sionem
1103 1567 155 42 divinam,
1219 1567 103 42 quae
1284 1567 116 42 talia
1361 1567 168 42 ordinaria
1490 1567 116 42 media
1567 1567 90 42 non
1619 1567 142 42 exigat.
1722 1567 77 42 Ad
1748 1567 90 42 talem

1023 1606 214 34 confidentiam
1197 1606 147 34 Satanas
1304 1606 161 34 Christum
1424 1606 174 34 perducere
1558 1606 187 34 conabatur,
1705 1606 107 34 quum
1759 1606 67 34 eum

1026 1635 130 39 tentans
1121 1635 177 39 assumsisset
1262 1635 71 39 in
1297 1635 130 39 sanctam
1392 1635 106 39 urbem
1462 1635 59 39 &
1486 1635 165 39 statuisset
1616 1635 106 39 super
1687 1635 118 39 pinnas
1757 1635 71 39 tem¬-

1029 1674 94 32 pli,
1088 1674 165 32 diceretque
1217 1674 82 32 ei:
1264 1674 71 32 Si
1300 1674 118 32 Filius
1382 1674 71 32 es
1417 1674 94 32 Dei,
1476 1674 118 32 dejice
1558 1674 129 32 teipsum
1653 1674 141 32 deorsum.
1747 1674 82 32 Exem¬-

1017 1703 91 37 plum
1073 1703 182 37 confidentiae
1221 1703 159 37 temerariae
1346 1703 80 37 est
1391 1703 68 37 in
1426 1703 182 37 sacrificulis
1573 1703 170 37 Papisticis,
1698 1703 125 37 Monachis,

1024 1732 55 38 &
1046 1732 100 38 aliis
1112 1732 133 38 clericis
1212 1732 66 38 in
1245 1732 122 38 Papatu,
1334 1732 77 38 qui
1378 1732 122 38 humanae
1466 1732 88 38 suae
1521 1732 177 38 infirmitatis
1665 1732 122 38 obliti,
1743 1732 88 38 perpe¬-

1024 1767 81 37 tuo
1071 1767 162 37 coelibatui
1198 1767 69 37 se
1233 1767 104 37 pares
1302 1767 93 37 esse
1360 1767 58 37 &
1383 1767 116 37 semper
1464 1767 104 37 caste
1534 1767 139 37 victuros
1638 1767 151 37 confidunt
1742 1767 93 37 absque

1023 1798 152 36 peculiari
1140 1798 176 36 promissione
1281 1798 129 36 divina:
1374 1798 94 36 item
1433 1798 70 36 in
1468 1798 117 36 illis,
1550 1798 82 36 qui
1597 1798 164 36 praesumunt
1726 1798 70 36 se
1749 1798 82 36 vitam

1029 1833 167 36 habituros
1158 1833 167 36 aeternam,
1286 1833 103 36 quod
1350 1833 141 36 credant
1453 1833 77 36 in
1492 1833 167 36 Christum,
1620 1833 90 36 sed
1672 1833 103 36 fide
1723 1833 103 36 mortua

1023 1868 142 35 quodque
1127 1868 194 35 Sacramentis
1282 1868 155 35 utantur,
1398 1868 155 35 contemto
1515 1868 142 35 interim
1618 1868 129 35 studio
1696 1868 129 35 bonorum.

1017 1898 122 38 operum
1102 1898 61 38 &
1127 1898 147 38 neglecta
1237 1898 171 38 obedientia
1372 1898 110 38 Legis
1433 1898 122 38 divinae.

1054 1920 187 39 Confidentia
1203 1920 162 39 hujusmodi
1328 1920 87 39 est
1365 1920 137 39 fugienda:

1049 1952 78 62 I.
1088 1952 104 62 Quia
1153 1952 169 62 prohibita
1283 1952 91 62 est
1335 1952 65 62 a
1361 1952 91 62 Deo
1413 1952 143 62 Legibus
1517 1952 130 62 duarum
1608 1952 182 62 tabularum,
1738 1952 91 62 nimi¬-

1024 1993 84 32 rum
1072 1993 96 32 lege
1132 1993 120 32 prima,
1216 1993 84 32 Non
1264 1993 132 32 habebis
1360 1993 96 32 Deos
1420 1993 132 32 alienos
1516 1993 108 32 coram
1576 1993 60 32 mei

1048 2016 84 44 II.
1096 2016 96 44 Quia
1156 2016 84 44 est
1203 2016 96 44 vana
1263 2016 108 44 atque
1335 2016 131 44 irrita:
1431 2016 72 44 ut
1466 2016 143 44 ostendit
1574 2016 143 44 exemplum
1682 2016 120 44 Petri,
1765 2016 60 44 &
1777 2016 48 44 a¬-

1020 2052 124 37 liorum
1106 2052 198 37 Apostolorum,
1267 2052 87 37 qui
1317 2052 211 37 praesumebant,
1490 2052 74 37 se
1528 2052 87 37 non
1577 2052 149 37 offensum
1689 2052 87 37 iri
1738 2052 74 37 in
1763 2052 62 37 Do¬-

1010 2090 102 38 mino
1074 2090 115 38 Jesu,
1151 2090 77 38 se
1189 2090 90 38 non
1241 2090 192 38 abnegaturos
1394 2090 128 38 ipsum,
1484 2090 141 38 etiamsi
1586 2090 166 38 oporteret
1715 2090 90 38 eos
1753 2090 64 38 mor

1018 2120 80 50 cum
1063 2120 103 50 ipso,
1132 2120 80 50 sed
1177 2120 114 50 inanis
1257 2120 91 50 fuit
1315 2120 91 50 illa
1372 2120 183 50 confidentia:
1520 2120 80 50 nam
1566 2120 80 50 non
1611 2120 103 50 multo
1680 2120 91 50 post
1726 2120 91 50 omnes.

1015 2156 117 36 relicto
1101 2156 96 36 Jesu,
1165 2156 139 36 fugerunt,
1271 2156 107 36 Matth.
1346 2156 75 36 26.
1389 2156 64 36 v.
1421 2156 75 36 33.
1464 2156 75 36 35,
1496 2156 53 36 36.

1052 2180 100 42 III.
1115 2180 100 42 Quia
1178 2180 88 42 est
1228 2180 125 42 noxia:
1316 2180 75 42 ut
1353 2180 163 42 ostendunt
1479 2180 150 42 exempla.
1591 2180 138 42 Amatzia
1692 2180 88 42 rex
1729 2180 88 42 Iudae

1017 2208 157 48 insignem
1135 2208 118 48 conta
1213 2208 157 48 Edomaeos
1331 2208 196 48 consequutus
1488 2208 183 48 victoriam,
1632 2208 131 48 temere
1710 2208 105 48 bellum

1021 2248 101 42 movit
1088 2248 135 42 adversus
1189 2248 157 42 Israelitas
1312 2248 123 42 fiducia
1402 2248 146 42 temeraria
1514 2248 123 42 auxilij
1604 2248 112 42 divini
1682 2248 56 42 &
1694 2248 123 42 victoriae

1018 2282 100 43 etiam
1084 2282 66 43 de
1117 2282 155 43 Israelitis
1239 2282 177 43 consequendae
1383 2282 144 43 concepta,
1493 2282 77 43 sed
1538 2282 122 43 praelio
1626 2282 100 43 inito
1692 2282 111 43 fusus,
1759 2282 55 43 ca¬-

1027 2312 91 40 ptus
1083 2312 57 40 &
1106 2312 102 40 gravi
1174 2312 114 40 mulcta
1254 2312 136 40 affectus
1356 2312 91 40 est,
1413 2312 68 40 2.
1447 2312 91 40 Reg.
1504 2312 80 40 14.
1549 2312 114 40 Iosias
1629 2312 80 40 rex
1674 2312 91 40 Iuda
1731 2312 80 40 non
1765 2312 57 40 ne¬-

1029 2350 160 40 cessarium
1152 2350 123 40 bellum
1238 2350 148 40 adversus
1349 2350 136 40 Neconem
1448 2350 111 40 regem
1522 2350 136 40 AEgypti
1620 2350 160 40 quaerens,
1731 2350 74 40 fidu

1021 2378 79 39 cia
1066 2378 102 39 inani
1134 2378 125 39 auxilij
1225 2378 113 39 divini
1304 2378 57 39 &
1327 2378 147 39 victoriae
1440 2378 68 39 de
1474 2378 91 39 Rege
1531 2378 125 39 AEgypti
1621 2378 170 39 reportandae
1746 2378 68 39 con¬-

1027 2409 99 33 cepta
1093 2409 110 33 contra
1171 2409 110 33 monita
1248 2409 110 33 divina
1325 2409 110 33 signis
1402 2409 133 33 collatis
1502 2409 77 33 cum
1546 2409 66 33 eo
1579 2409 155 33 conflixit:
1701 2409 77 33 sed
1734 2409 88 33 letha¬-

1023 2439 74 44 li
1060 2439 135 44 vulnere
1158 2439 135 44 accepto
1256 2439 135 44 mortuus
1354 2439 123 44 regnum
1440 2439 147 44 turbatum
1550 2439 147 44 reliquit
1661 2439 74 44 2.
1698 2439 110 44 Regum
1759 2439 49 44 23

1027 2476 67 40 1.
1060 2476 78 40 29,
1105 2476 78 40 30.
1149 2476 55 40 &
1171 2476 67 40 2.
1204 2476 111 40 Chron.
1282 2476 78 40 35.
1326 2476 67 40 v.
1359 2476 78 40 20,
1404 2476 78 40 21,
1448 2476 78 40 22,
1492 2476 78 40 23,
1537 2476 78 40 24.
1581 2476 89 40 Post
1637 2476 100 40 omnia
1703 2476 100 40 haec,
1758 2476 67 40 quum

1021 2503 136 43 Ioschija
1123 2503 192 43 constituisset
1281 2503 102 43 domi,
1349 2503 158 43 ascendebat
1473 2503 91 43 Neco
1530 2503 79 43 rex
1575 2503 125 43 AEgypti
1666 2503 68 43 ad
1688 2503 125 43 oppugnan¬-

1017 2542 88 40 dum
1068 2542 201 40 Carcemischum
1231 2542 75 40 ad
1269 2542 176 40 Euphratem,
1407 2542 88 40 cui
1457 2542 176 40 procedebat
1595 2542 126 40 obviam
1671 2542 138 40 Ioschija¬-

1027 2572 69 35 Et
1061 2572 126 35 quamvis
1152 2572 137 35 mitteret
1255 2572 69 35 ad
1290 2572 103 35 ipsum
1358 2572 137 35 legatos,
1461 2572 137 35 dicendo,
1564 2572 91 35 quid
1621 2572 91 35 mihi
1678 2572 114 35 tecum,
1747 2572 57 35 res

1021 2606 134 39 Iehudae?
1121 2606 78 39 non
1166 2606 112 39 contra
1244 2606 78 39 te,
1289 2606 89 39 heus
1344 2606 78 39 tu,
1389 2606 78 39 hac
1434 2606 89 39 die,
1490 2606 78 39 sed
1534 2606 112 39 contra
1612 2606 100 39 domum
1668 2606 134 39 belligerum

1017 2635 84 45 tem
1065 2635 144 45 adversum
1173 2635 84 45 me,
1221 2635 84 45 quo
1269 2635 96 45 Deus
1329 2635 120 45 edixit
1413 2635 168 45 accelerare
1546 2635 84 45 me:
1594 2635 132 45 abstine
1690 2635 72 45 te
1726 2635 60 45 a
1738 2635 72 45 Dei.

1020 2670 85 40 qui
1068 2670 97 40 mihi
1129 2670 121 40 adest,
1214 2670 61 40 &
1238 2670 73 40 ne
1274 2670 121 40 perdat
1359 2670 85 40 te:
1407 2670 109 40 Tamen
1480 2670 85 40 non
1528 2670 133 40 avertit
1625 2670 145 40 Ioschija
1722 2670 97 40 faciem

1028 2702 86 31 suam
1082 2702 65 31 ab
1114 2702 97 31 illo,
1179 2702 75 31 sed
1222 2702 65 31 ut
1254 2702 129 31 pugnaret
1351 2702 108 31 contra
1426 2702 86 31 eum,
1480 2702 172 31 dissimulavit
1620 2702 75 31 se,
1663 2702 97 31 neque
1716 2702 97 31 ausculo

1023 2730 112 41 tavit
1097 2730 124 41 verbis
1184 2730 137 41 Neconis
1284 2730 75 41 ex
1321 2730 112 41 verbo
1396 2730 100 41 Dei,
1458 2730 112 41 venit
1533 2730 112 41 autem
1607 2730 75 41 ad
1645 2730 174 41 pugnandum,
1769 2730 50 41 in

1022 2763 158 33 convallem
1143 2763 194 33 Megidduntis.
1301 2763 85 33 Ubi
1350 2763 97 33 quum
1410 2763 146 33 jaculati
1520 2763 121 33 essent
1605 2763 182 33 jaculatores
1738 2763 85 33 inre¬-

1027 2799 80 36 gem
1072 2799 161 36 Ioschijam;
1199 2799 115 36 edixit
1279 2799 80 36 rex
1325 2799 115 36 servis
1406 2799 103 36 suis,
1474 2799 138 36 devehite
1578 2799 80 36 me,
1624 2799 92 36 quia
1681 2799 126 36 agtotus
1762 2799 57 36 fa¬-

1021 2827 94 47 ctus
1080 2827 83 47 sum
1127 2827 118 47 valde.
1210 2827 165 47 Devehentes
1340 2827 118 47 itaque
1422 2827 106 47 servi
1493 2827 106 47 ejus,
1564 2827 59 47 a
1587 2827 106 47 curru
1658 2827 94 47 ejus
1705 2827 118 47 demissum

1025 2861 193 45 imposuerunt
1179 2861 129 45 currui
1269 2861 180 45 secundario
1411 2861 103 45 quem
1475 2861 154 45 habebat:
1591 2861 64 45 &
1616 2861 193 45 deduxerurit
1758 2861 64 45 eum

1027 2896 202 45 Ieruschalaima,
1195 2896 79 45 ubi
1240 2896 124 45 mortuus
1330 2896 90 45 est,
1387 2896 56 45 &
1409 2896 135 45 sepultus
1510 2896 67 45 in
1544 2896 146 45 sepulcris
1657 2896 79 45 maj
1702 2896 90 45 orum
1747 2896 67 45 suo.

1024 2927 98 43 rum:
1085 2927 98 43 toto
1146 2927 122 43 Iehuda
1231 2927 61 43 &
1256 2927 220 43 Ieruschalaimis
1439 2927 171 43 lugentibus
1573 2927 134 43 propter
1659 2927 146 43 Ioschajam.

1053 2953 81 50 IV.
1100 2953 93 50 Quia
1158 2953 116 50 vitata
1239 2953 93 50 fuit
1297 2953 58 50 a
1320 2953 186 50 sanctissimis
1471 2953 151 50 quibusque
1587 2953 58 50 &
1610 2953 70 50 ob
1645 2953 104 50 fidem
1703 2953 116 50 testimo¬-

1020 2988 85 44 nio
1069 2988 122 44 divino
1154 2988 146 44 ornatis,
1264 2988 73 44 ut
1300 2988 73 44 ab
1337 2988 159 44 Abrahamo,
1459 2988 122 44 Isaaco
1544 2988 61 44 &
1569 2988 122 44 Jacobo
1654 2988 85 44 Qui
1703 2988 110 44 famis
1764 2988 61 44 de¬-

1023 3022 159 46 pellendae
1145 3022 110 46 causa
1219 3022 123 46 eterra
1305 3022 147 46 promissa
1415 3022 98 46 alio
1477 3022 74 46 se
1513 3022 196 46 contulerunt.
1673 3022 159 46 Nechemias
1783 3022 37 46 &

1026 3063 82 44 cum
1073 3063 70 44 eo
1108 3063 129 44 fideles
1202 3063 94 44 alij
1261 3063 117 44 audita
1343 3063 200 44 conspiratione
1508 3063 153 44 vicinorum
1625 3063 129 44 hostium
1719 3063 82 44 qui
1755 3063 70 44 con¬-

1028 3086 169 51 stituerant
1160 3086 120 51 venire
1245 3086 72 51 ut
1281 3086 169 51 oppugnaret
1413 3086 169 51 Jerosolyma
1546 3086 84 51 aut
1594 3086 169 51 impedirent
1715 3086 108 51 coeptam

1026 3124 123 45 turbis
1112 3124 234 45 instaurationem,
1309 3124 160 45 oraverunt
1432 3124 123 45 quidem
1518 3124 98 45 Deum
1579 3124 61 45 &
1604 3124 184 45 defensionem
1739 3124 86 45 ejus.

1028 3152 197 50 implorarunt;
1188 3152 185 50 nihilominus
1336 3152 111 50 tamen
1410 3152 210 50 constituerunt
1582 3152 160 50 custodiam
1693 3152 136 50 adversus.
