2063 3428
183 203 137 59 snferri
282 203 137 59 posset,
382 203 137 59 Davidem
481 203 137 59 meritis
581 203 100 59 suis
643 203 149 59 confisum
755 203 137 59 fuisse.
855 203 162 59 Davidenim
979 203 75 59 in
1004 203 50 59 A¬-

186 254 85 34 hoc
234 254 61 34 &
259 254 158 34 similibus
380 254 109 34 locis
453 254 85 34 non
501 254 170 34 profitetur
635 254 146 34 fiduciam
744 254 97 34 suam
805 254 73 34 in
841 254 134 34 meritis
926 254 73 34 pro¬-

198 287 110 35 priis,
275 287 77 35 nec
319 287 110 35 merita
396 287 77 35 sua
440 287 121 35 jactat,
528 287 77 35 sed
572 287 143 35 praedicat
681 287 77 35 Dei
725 287 154 35 justitiam,
846 287 77 35 qui
890 287 99 35 ipsum
945 287 55 35 bo¬-

182 319 94 37 nam
235 319 135 37 causam
330 319 162 37 habentem
451 319 67 37 &
478 319 67 37 a
505 319 189 37 criminibus
653 319 135 37 quorum
747 319 67 37 a
774 319 121 37 Saule
855 319 67 37 &
869 319 121 37 adulato

186 350 113 37 ribus
261 350 100 37 ejus
323 350 188 37 accusabatur
473 350 188 37 innocentem,
623 350 63 37 &
648 350 63 37 a
673 350 163 37 voluntate
798 350 88 37 Dei
848 350 138 37 cognita
936 350 63 37 non

189 383 196 35 deflectentem
348 383 73 35 ut
384 383 122 35 contra
470 383 147 35 officium
580 383 147 35 quicquam
690 383 147 35 adversus
800 383 122 35 Saulem
874 383 122 35 faceret:

183 417 117 49 contra
265 417 117 49 hostes
347 417 175 49 defenderit,
487 417 70 49 ab
522 417 128 49 illorum
615 417 140 49 insidiis
720 417 175 49 liberaverit
860 417 58 49 &
883 417 70 49 in
906 417 82 49 regis

188 446 107 42 solio
259 446 119 42 tandem
331 446 166 42 collocaverit

225 476 129 44 Tertium
319 476 140 44 exemplum
424 476 82 44 est
471 476 140 44 Ezechiae
576 476 129 44 orantis
670 476 94 44 apud
728 476 129 44 Jesaiam
822 476 94 44 cap.
880 476 82 44 38.
927 476 70 44 v.
950 476 47 44 3.

188 514 145 35 Obsecro
293 514 145 35 Domine,
399 514 158 35 memento,
517 514 145 35 quaeso,
623 514 145 35 quomodo
728 514 198 35 ambulaverim
873 514 119 35 coram?¬-

177 545 70 41 in
212 545 152 41 veritate,
330 545 59 41 &
353 545 70 41 in
388 545 105 41 corde
458 545 152 41 perfecto,
575 545 59 41 &
599 545 94 41 quod
657 545 105 41 bonum
728 545 82 41 est
775 545 70 41 in
810 545 117 41 oculis
892 545 94 41 tuis
938 545 59 41 fe¬

165 576 108 42 cerim.

213 609 103 42 RESP.
281 609 138 42 Ezechias
385 609 80 42 non
431 609 138 42 confisus
534 609 92 42 fuit
591 609 126 42 propria
683 609 149 42 justitia,
798 609 80 42 sed
844 609 80 42 hac
890 609 126 42 oratio¬

177 643 70 41 ne
212 643 106 41 nihil
283 643 94 41 sibi
341 643 106 41 aliud
412 643 129 41 voluit,
506 643 94 41 quam
564 643 70 41 ex
599 643 94 41 ipsa
658 643 211 41 regeneratione,
834 643 117 41 servum
916 643 82 41 Dei
951 643 47 41 se

187 681 66 36 ac
220 681 110 36 filium
297 681 132 36 testari,
396 681 132 36 qualibus
495 681 88 36 ille
550 681 88 36 fore
605 681 66 36 se
638 681 143 36 propitium
748 681 132 36 recipit:
847 681 66 36 ac
880 681 121 36 munivit
957 681 44 36 se

177 711 62 37 &
201 711 111 37 alios
275 711 136 37 fideles
374 711 148 37 adversus
485 711 173 37 difficilem
621 711 198 37 tentationem,
782 711 74 37 ne
819 711 99 37 Deum
868 711 124 37 videatur

182 741 115 40 iratum
263 741 127 40 habere,
355 741 92 40 quod
413 741 104 40 vitia
482 741 161 40 correxerit
609 741 58 40 &
632 741 184 40 corruptelas,
781 741 92 40 quae
839 741 115 40 passim
919 741 69 40 in
942 741 58 40 re¬-

182 778 98 41 gno,
243 778 74 41 ac
280 778 172 41 praesertim
415 778 111 41 quoad
489 778 172 41 religionem
624 778 160 41 vigebant.
747 778 86 41 Nam
796 778 74 41 si
833 778 98 41 tunc
882 778 111 41 Ezechis

185 806 73 37 as
221 806 133 37 mortuus
318 806 145 37 fuisset,
427 806 169 37 potuissent
560 806 133 37 plurimi
657 806 145 37 cogitare
765 806 60 37 &
790 806 133 37 dicere,
886 806 85 37 eum
923 806 60 37 pro

188 840 126 34 pterea
277 840 63 34 e
302 840 114 34 medio
378 840 164 34 sublatum,
504 840 101 34 quod
568 840 177 34 religionem
707 840 164 34 Gentilium
821 840 164 34 abrogasset.

195 873 100 34 quae
257 873 137 34 publice
356 873 137 34 recepta
456 873 100 34 erat
518 873 62 34 &
543 873 87 34 pro
593 873 100 34 vera
655 873 174 34 habebatur,
792 873 100 34 quum
855 873 112 34 tamen
917 873 87 34 esset

185 910 181 47 abominabilis
331 910 181 47 idololatria.
478 910 79 47 Sed
523 910 90 47 caro
580 910 135 47 judicium
681 910 90 47 fert
738 910 147 47 sinistrum
850 910 68 47 ex
884 910 79 47 iis
918 910 79 47 quae¬-

182 935 174 42 contingunt,
321 935 81 42 non
368 935 69 42 ex
402 935 81 42 rei
437 935 116 42 veritate

221 970 121 41 Quartum
309 970 132 41 exemplum
408 970 77 41 est
452 970 132 41 Hesterae
551 970 77 41 ita
595 970 121 41 orantis
682 970 88 41 cap.
737 970 77 41 14.
781 970 66 41 v.
814 970 77 41 16,
858 970 77 41 17,
902 970 77 41 18,
935 970 44 41 1.

172 1004 71 41 Tu
208 1004 95 41 scis
267 1004 189 41 necessitatem
421 1004 107 41 meam,
492 1004 95 41 quod
551 1004 142 41 abominer
658 1004 118 41 signum
741 1004 166 41 superbiae,
871 1004 59 41 &
883 1004 118 41 gloriae,

171 1045 107 34 meae,
242 1045 95 34 quod
301 1045 83 34 est
349 1045 107 34 super
420 1045 107 34 caput
491 1045 95 34 meum
550 1045 71 34 in
586 1045 118 34 diebus
668 1045 201 34 ostentationis
834 1045 107 34 meae,
905 1045 59 34 &
917 1045 71 34 dete

182 1068 95 45 ster
241 1068 118 45 illud,
324 1068 107 45 sicut
395 1068 107 45 panum
466 1068 189 45 menstruatae;
620 1068 59 45 &
644 1068 83 45 non
691 1068 118 45 portem
774 1068 71 45 in
810 1068 118 45 diebus
881 1068 118 45 silentum

182 1107 107 36 mei;
249 1107 67 36 &
275 1107 107 36 quod
342 1107 94 36 non
396 1107 174 36 comederim
530 1107 80 36 in
570 1107 121 36 mensa
651 1107 121 36 Amam,
731 1107 94 36 nec
785 1107 107 36 mihi
839 1107 147 36 placueri¬-

173 1134 180 40 convivium
312 1134 139 40 Regis,
409 1134 69 40 &
437 1134 97 40 non
492 1134 153 40 biberim
603 1134 125 40 vinum
687 1134 194 40 libaminum,
839 1134 69 40 &
853 1134 139 40 nunquam,

181 1167 110 41 latata
258 1167 77 41 sit
302 1167 121 41 ancilla
391 1167 88 41 tua,
446 1167 66 41 ex
479 1167 77 41 quo
523 1167 77 41 huc
567 1167 144 41 translata
678 1167 77 41 sum
722 1167 99 41 usque
788 1167 66 41 in
821 1167 144 41 praesente
921 1167 77 41 diem,

176 1202 102 34 nisi
240 1202 77 34 in
279 1202 77 34 te
317 1202 128 34 Domine
406 1202 102 34 Deus
470 1202 154 34 Abraham.
586 1202 102 34 Deus
650 1202 128 34 fortis
739 1202 115 34 super
816 1202 128 34 omnes;
893 1202 102 34 exaudi

182 1233 114 44 vocem
258 1233 126 44 eorum,
347 1233 88 44 qui
397 1233 126 44 nullam
486 1233 114 44 aliam
561 1233 101 44 spem
625 1233 126 44 habent
713 1233 63 44 &
738 1233 126 44 libera
827 1233 88 44 nos
877 1233 76 44 de
903 1233 88 44 mani¬

161 1266 163 39 iniquorum.

210 1290 115 44 RESP.
287 1290 115 44 Primo
364 1290 141 44 petitur
467 1290 192 44 principium;
620 1290 103 44 quia
684 1290 115 44 caput
761 1290 90 44 hoc
813 1290 115 44 libro
877 1290 115 44 Esthera

180 1331 181 39 adjectum,
319 1331 97 39 non
375 1331 97 39 est
431 1331 195 39 Canonicum,
584 1331 97 39 sed
639 1331 209 39 Apocryphum:
806 1331 167 39 Canonica
918 1331 83 39 enim

176 1367 104 42 libri
246 1367 138 42 Estherae
350 1367 115 42 capita
430 1367 115 42 tantum
511 1367 104 42 decem
580 1367 104 42 sunt.

227 1390 120 45 Deinde
311 1390 96 45 etsi
370 1390 108 45 esset
442 1390 108 45 caput
514 1390 84 45 hoc
562 1390 167 45 Canonicum,
693 1390 108 45 nihil
765 1390 108 45 aliud
837 1390 96 45 inde
884 1390 108 45 inferri

177 1428 127 46 posset,
270 1428 92 46 quam
328 1428 116 46 licere
409 1428 92 46 piis
466 1428 92 46 sese
524 1428 69 46 in
559 1428 127 46 fiducia
651 1428 185 46 exauditionis
802 1428 116 46 precum
871 1428 127 46 confirma¬-

178 1466 73 41 re
214 1466 158 41 beneficio
336 1466 218 41 regenerationis
518 1466 194 41 spiritualis.
675 1466 85 41 Nam
724 1466 206 41 regeneratorum
882 1466 109 41 preces¬-

191 1495 90 34 Deus
247 1495 135 34 exaudit.

235 1518 118 44 Tertio
318 1518 83 44 hic
365 1518 95 44 ipse
424 1518 106 44 locus
495 1518 130 44 refutat
590 1518 166 44 sententiam
720 1518 177 44 Bellarmini:
862 1518 83 44 nam
897 1518 95 44 Esthe¬-

166 1561 72 49 ru
202 1561 143 49 testatur
309 1561 60 49 &
333 1561 107 49 alios
405 1561 131 49 fideles
500 1561 131 49 Judaeos
595 1561 119 49 nullam
679 1561 107 49 aliam
750 1561 95 49 spem
810 1561 119 49 habere
894 1561 95 49 nisi
941 1561 48 49 in

179 1594 96 46 Deo:
239 1594 84 46 non
287 1594 96 46 ergo
347 1594 72 46 in
383 1594 96 46 suis
431 1594 108 46 meritis

225 1631 135 34 Quintum
323 1631 148 34 exemplum
434 1631 86 34 est
483 1631 148 34 Apostoli
594 1631 123 34 Pauli,
680 1631 74 34 2.
717 1631 135 34 Timoth.
815 1631 74 34 4.
852 1631 135 34 versic.
938 1631 49 34 7.

178 1654 79 51 8.
217 1654 119 51 Bonum
297 1654 158 51 certamen
415 1654 158 51 certavi,
534 1654 132 51 cursum
626 1654 198 51 consummavi,
785 1654 132 51 fidem,
864 1654 132 51 servavi,

183 1697 86 42 quod
237 1697 129 42 superest
334 1697 129 42 reposita
431 1697 75 42 est
474 1697 86 42 mihi
528 1697 108 42 corona
593 1697 129 42 justitiae;

224 1718 140 44 RESPON.
326 1718 166 44 Apostolus
454 1718 128 44 Paulus
543 1718 89 44 non
594 1718 179 44 profitetur
735 1718 89 44 his
786 1718 128 44 verbis
862 1718 128 44 fiduciam

172 1764 177 31 meritorum
308 1764 150 31 suorum:
417 1764 95 31 sed
472 1764 191 31 consolatur
622 1764 68 31 &
649 1764 177 31 praemunit
785 1764 177 31 Timotheum
921 1764 68 31 &
935 1764 54 31 a¬-

174 1790 95 37 lios
234 1790 131 37 fideles
329 1790 143 37 adversus
436 1790 119 37 gravem
519 1790 59 37 &
543 1790 178 37 periculosam
686 1790 178 37 tentationem
828 1790 95 37 quae
876 1790 107 37 alioqui

182 1823 143 37 obrepere
289 1823 107 37 ipsis
360 1823 154 37 potuisset
479 1823 71 37 ex
515 1823 107 37 morte
586 1823 119 37 Pauli.
669 1823 83 37 Nam
717 1823 95 37 quia
776 1823 95 37 caro
835 1823 107 37 solet
907 1823 71 37 ex
930 1823 48 37 o¬-

177 1859 104 35 ventu
247 1859 69 35 de
282 1859 104 35 aliis
351 1859 116 35 facere
432 1859 150 35 judicium,
548 1859 127 35 poterat
640 1859 127 35 damnati
733 1859 81 35 aut
779 1859 116 35 saltem
860 1859 69 35 in
883 1859 93 35 dubium

173 1890 127 39 vocari
262 1890 114 39 Pauli
338 1890 152 39 certamen
452 1890 76 39 an
490 1890 114 39 bonum
566 1890 152 39 fuisset,
679 1890 76 39 an
717 1890 89 39 Deo
768 1890 190 39 placuisset,
907 1890 76 39 quum

170 1917 109 36 minus
242 1917 133 36 prosper
339 1917 109 36 esset
412 1917 133 36 exitus.
508 1917 157 36 Timotheum
629 1917 97 36 ergo
690 1917 60 36 &
714 1917 145 36 caeteros
823 1917 133 36 fideles
907 1917 73 36 con¬-

174 1952 138 36 solatur
274 1952 63 36 &
299 1952 75 36 ad
336 1952 188 36 constantiam
486 1952 138 36 exemplo
586 1952 88 36 suo
636 1952 163 36 hortatur.
761 1952 88 36 Sic
799 1952 188 36 interpretatur

173 1988 215 31 Chrysostomus
347 1988 107 31 hunc
414 1988 121 31 locum
494 1988 147 31 homilia
602 1988 107 31 nona
669 1988 80 31 in
709 1988 161 31 secundam
830 1988 80 31 ad
856 1988 121 31 Timothe

167 2015 92 41 um:
219 2015 118 41 Saepe
298 2015 92 41 ego
350 2015 157 41 (inquit)
469 2015 105 41 quum
534 2015 170 41 Apostolum
665 2015 79 41 in
705 2015 118 41 manus
783 2015 157 41 sumerem,
901 2015 66 41 &
914 2015 66 41 lo¬-

175 2046 82 45 cum
222 2046 105 45 istum
292 2046 175 45 inspicerem,
432 2046 140 45 haerebam
537 2046 152 45 ambigens,
654 2046 105 45 cujus
724 2046 82 45 rei
771 2046 117 45 gratia
853 2046 82 45 sic
888 2046 93 45 magni¬-

173 2081 93 46 fice
232 2081 140 46 loquitur
337 2081 128 46 Paulus,
430 2081 70 46 ut
465 2081 117 46 dicat,
546 2081 105 46 Bonum
616 2081 140 46 certamen
710 2081 128 46 certavit.

224 2118 102 37 Nunc
288 2118 89 37 Dei
339 2118 127 37 gratia
428 2118 127 37 causam
517 2118 102 37 mihi
581 2118 166 37 invenisse
708 2118 140 37 videor,
810 2118 89 37 per
861 2118 102 37 quam
912 2118 64 37 tum

173 2149 102 35 loqui
241 2149 80 35 sic
286 2149 125 35 maluit.
377 2149 136 35 Moerorem
480 2149 136 35 profecto
582 2149 148 35 discipuli
696 2149 114 35 solari
775 2149 114 35 cupit,
855 2149 91 35 bono
900 2149 80 35 illum

172 2181 90 40 esse
228 2181 101 40 animo
296 2181 124 40 jubens,
386 2181 101 40 quasi
453 2181 90 40 ipse
509 2181 68 40 ad
543 2181 124 40 coronam
633 2181 124 40 pergat,
723 2181 158 40 omnibusque
847 2181 90 40 rite
903 2181 79 40 per
937 2181 45 40 a¬-

171 2213 110 35 ctis,
244 2213 172 35 praeclavum
379 2213 159 35 repererit
502 2213 123 35 finem.
588 2213 172 35 Gaudendum,
723 2213 135 35 inquit,
821 2213 86 35 non
857 2213 123 35 dolendum

168 2243 96 44 est.
228 2243 96 44 Curi
288 2243 108 44 Bonum
361 2243 96 44 enim
421 2243 145 44 certamen
529 2243 145 44 certavi.
638 2243 120 44 Veluti
722 2243 72 44 si
758 2243 96 44 quis
806 2243 169 44 indulgentis¬-

170 2276 113 45 simus
246 2276 125 45 pater,
333 2276 150 45 parvulum
446 2276 100 45 sibi
509 2276 201 45 assistentem,
672 2276 63 45 &
697 2276 163 45 orbitatem
822 2276 88 45 non
860 2276 125 45 ferentem

175 2314 175 33 consoletur,
315 2314 70 33 ac
350 2314 117 33 dicat:
432 2314 93 33 Noli
491 2314 105 33 flere
561 2314 105 33 fili,
631 2314 93 33 bene
689 2314 93 33 enim
747 2314 140 33 viximus,
841 2314 140 33 pervenimus

181 2340 71 43 ad
217 2340 178 43 senectutem,
359 2340 107 43 atque
430 2340 71 43 in
465 2340 71 43 ea
501 2340 107 43 atate
572 2340 178 43 relinquimus
714 2340 83 43 te,
761 2340 95 43 Fuit
808 2340 166 43 irreprehensi

180 2376 103 41 bilis
248 2376 92 41 vita
306 2376 126 41 nostra,
398 2376 80 41 cum
444 2376 115 41 gloria
524 2376 92 41 hinc
581 2376 207 41 proficiscimur:
753 2376 92 41 eris
811 2376 57 41 &
834 2376 92 41 ipse
880 2376 103 41 minutu¬-

178 2408 74 34 lus
221 2408 117 34 prohis,
306 2408 85 34 quae
359 2408 96 34 gesta
423 2408 85 34 sunt
476 2408 53 34 a
498 2408 106 34 nobis.
572 2408 96 34 Saepe
636 2408 74 34 rex
678 2408 85 34 ipse
732 2408 96 34 nobis
795 2408 117 34 gratias
881 2408 96 34 egit:
934 2408 53 34 ac¬-

181 2438 68 37 si
215 2438 136 37 diceret,
317 2438 136 37 trophaea
419 2438 102 37 saepe
487 2438 159 37 retulimus,
612 2438 147 37 hostesque
725 2438 181 37 superavimus,
873 2438 79 37 non
907 2438 79 37 ista¬-

164 2468 234 47 magniloquentiae
361 2468 135 47 studio,
459 2468 86 47 sed
508 2468 74 47 ut
545 2468 148 47 erigeret
656 2468 135 47 puerum,
754 2468 185 47 laudibusque
902 2468 148 47 erudiret

178 2508 146 43 orbitatis
290 2508 90 43 suae
346 2508 101 43 casum
413 2508 112 43 levius
491 2508 112 43 ferre,
570 2508 168 43 melioresque
704 2508 90 43 esse
760 2508 78 43 jam
805 2508 78 43 spe
839 2508 134 43 prosequere

170 2542 100 36 tur,
233 2542 75 36 ne
271 2542 138 36 putaret
371 2542 88 36 eam
421 2542 88 36 rem
471 2542 150 36 molestam
584 2542 100 36 esse
646 2542 113 36 atque
721 2542 138 36 gravem.
821 2542 88 36 Est
871 2542 100 36 enim
921 2542 63 36 re¬-

170 2565 104 42 vera
235 2565 143 42 perquam
339 2565 104 42 dura
403 2565 78 42 ea
442 2565 182 42 separatio.
585 2565 104 42 Audi
650 2565 143 42 denique
754 2565 104 42 quid
818 2565 104 42 idem
870 2565 117 42 Aposto¬-

179 2604 77 33 bus
223 2604 110 33 dicat:
300 2604 77 33 Nos
345 2604 99 33 autem
411 2604 144 33 destituti
521 2604 55 33 a
543 2604 99 33 vobis
610 2604 66 33 ad
643 2604 110 33 tempus
720 2604 110 33 horae,
797 2604 110 33 facie,
875 2604 77 33 non
908 2604 66 33 cor¬-

172 2635 77 38 de.
216 2635 66 38 Si
249 2635 109 38 igitur
325 2635 88 38 ipse
380 2635 88 38 quum
435 2635 55 38 a
457 2635 153 38 discipulis
577 2635 175 38 separaretur,
719 2635 77 38 ita
763 2635 131 38 affectus
862 2635 88 38 erat
905 2635 66 38 ani¬-

181 2670 83 41 mo,
228 2670 95 41 quid
288 2670 107 41 putas
359 2670 154 41 Timotheum
477 2670 118 41 passum
560 2670 107 41 esse,
631 2670 71 41 si
666 2670 130 41 vivente
761 2670 95 41 illo
820 2670 71 41 ad
856 2670 118 41 tempus
927 2670 47 41 se

174 2705 153 38 paratus,
289 2705 89 38 ita
340 2705 216 38 lacrymabatur,
518 2705 76 38 ut
556 2705 153 38 diceret:
671 2705 115 38 Memor
747 2705 178 38 lacrymarum
874 2705 102 38 tuarum

173 2741 72 36 ut
209 2741 120 36 gaudio
293 2741 145 36 implear:
402 2741 120 36 quanto
486 2741 108 36 magis
558 2741 96 36 vita
619 2741 133 36 functo?
715 2741 96 36 Haec
775 2741 120 36 itaque
848 2741 133 36 consolan¬-

178 2766 65 51 di
211 2766 76 51 eum
254 2766 109 51 gratia
331 2766 131 51 scribit,
429 2766 120 51 totaque
516 2766 131 51 epistola
614 2766 174 51 consolatione
755 2766 98 51 plena
821 2766 87 51 est,
875 2766 87 51 quam
919 2766 54 51 sit

173 2801 70 37 bi
208 2801 93 37 ille
267 2801 164 37 Testamenti
395 2801 140 37 cujusdam
500 2801 93 37 vice
547 2801 117 37 servaret

224 2829 117 43 Bonum
302 2829 156 43 certamen
419 2829 156 43 certavi,
537 2829 130 43 cursum
628 2829 196 43 consummavi,
784 2829 117 43 fidem
850 2829 130 43 servavit

167 2865 164 39 Certamen,
294 2865 139 39 inquit,
395 2865 127 39 bonum:
484 2865 63 39 &
509 2865 76 39 tu
547 2865 101 39 ergo
610 2865 114 39 ipsum
686 2865 190 39 apprehende.
838 2865 127 39 Itane,
914 2865 63 39 ub¬-

164 2899 137 39 catena,
263 2899 87 39 ubi
313 2899 149 39 vincula,
425 2899 87 39 ubi
475 2899 100 39 mors
537 2899 149 39 denique,
649 2899 87 39 ibi
699 2899 199 39 certamenest?
861 2899 87 39 Ita
898 2899 75 39 sane

165 2933 84 40 pro
213 2933 132 40 Christo
309 2933 96 40 enim
370 2933 108 40 fiunt
442 2933 120 40 omnia,
526 2933 132 40 coronas
622 2933 120 40 habent
695 2933 120 40 eximias.

221 2962 226 41 Certamenbonum.
410 2962 113 41 Nihil
485 2962 88 41 hoc
535 2962 163 41 certamine
661 2962 138 41 melius,
761 2962 113 41 nihil
824 2962 151 41 illustrius

163 2997 99 32 nullo
229 2997 110 32 corona
306 2997 88 32 haec
361 2997 88 32 fine
416 2997 176 32 concluditur,
559 2997 77 32 non
603 2997 66 32 ea
636 2997 66 32 ex
669 2997 132 32 oleastri
768 2997 132 32 floribus
867 2997 132 32 texitur.

173 3029 89 40 non
224 3029 114 40 habet
300 3029 153 40 editorem
415 3029 140 40 munerum
516 3029 153 40 hominem,
631 3029 114 40 neque
707 3029 140 40 homines
796 3029 178 40 spectatores.

171 3062 74 41 Ex
208 3062 136 41 Angelis
307 3062 161 41 conflatum
430 3062 87 41 est
480 3062 161 41 theatrum.
603 3062 74 41 In
640 3062 198 41 certaminibus
801 3062 124 41 seculi
887 3062 111 41 labo¬

168 3097 98 32 rant
229 3097 98 32 dies
290 3097 159 32 plurimos,
412 3097 61 32 &
437 3097 73 32 in
474 3097 147 32 aerumnis
584 3097 135 32 degunt.
681 3097 110 32 unius
755 3097 110 32 horae
828 3097 135 32 momento
914 3097 61 32 ae¬-

168 3125 108 44 cepta
240 3125 132 44 corona,
336 3125 144 44 protinus
443 3125 144 44 uoluptas
551 3125 120 44 omnium
635 3125 156 44 emarcuit:
755 3125 84 44 hic
802 3125 108 44 autem
874 3125 84 44 non
910 3125 72 44 sic,

159 3163 86 51 sed
208 3163 123 51 semper
294 3163 161 51 claritas,
418 3163 123 51 semper
504 3163 136 51 gloria,
603 3163 123 51 semper
690 3163 111 51 honor
764 3163 148 51 nugetur.
863 3163 123 51 Iam,gau¬

1030 212 94 64 dere
1089 212 142 64 oportet,
1195 212 94 64 quia
1254 212 71 64 ad
1290 212 130 64 requiem
1384 212 142 64 propero,
1490 212 71 64 ad
1526 212 130 64 stadium
1620 212 71 64 ex
1655 212 83 64 eo.
1703 212 130 64 Audisti
1785 212 71 64 quod

1050 257 143 40 dissolvi,
1160 257 55 40 &
1182 257 77 40 cum
1226 257 121 40 Christo
1315 257 88 40 esse
1370 257 77 40 sit
1403 257 99 40 melius.

1106 290 126 51 Cursum
1195 290 189 51 consummavi.
1346 290 76 51 Et
1383 290 139 51 certare
1484 290 101 51 enim
1547 290 151 51 oportet,
1661 290 63 51 &
1686 290 151 51 currere:
1799 290 88 51 il¬

1051 325 78 48 lud
1096 325 190 48 tribulationes
1252 325 168 48 perferendo,
1387 325 78 48 hoc
1432 325 78 48 non
1476 325 112 48 absque
1555 325 134 48 ratione,
1656 325 78 48 sed
1700 325 67 48 ad
1723 325 123 48 utilealis

1053 365 102 47 quid
1117 365 165 47 faciendo.
1244 365 114 47 Bonum
1320 365 152 47 profecto
1434 365 165 47 certamen,
1561 365 102 47 quod
1625 365 89 47 non
1675 365 102 47 modo
1726 365 127 47 volupta¬-

1050 399 95 44 tem,
1110 399 107 44 verum
1181 399 167 44 utilitatem
1312 399 119 44 quoque
1395 399 190 44 spectantibus
1550 399 155 44 praestat.
1669 399 119 44 Cursus
1752 399 95 44 ille
1800 399 59 44 non

1050 424 67 50 in
1083 424 122 50 nihilum
1172 424 133 50 desinit,
1272 424 100 50 neque
1338 424 122 50 roboris
1427 424 166 50 ostentatio;
1560 424 78 50 vel
1604 424 144 50 aucupatio
1715 424 122 50 gloriae
1793 424 67 50 est;

1056 459 83 43 sed
1104 459 107 43 omnes
1175 459 71 43 ad
1211 459 119 43 coelum
1294 459 154 43 subvehit.
1412 459 119 43 Cursus
1496 459 83 43 hic
1543 459 166 43 Solepurior
1674 459 95 43 est,
1733 459 95 43 quem
1781 459 71 43 Pau¬-

1044 494 82 35 lus
1091 494 140 35 currebat
1196 494 70 35 in
1231 494 117 35 terra,
1313 494 128 35 plusque
1406 494 152 35 illustrat
1523 494 117 35 orbem,
1604 494 93 35 quam
1663 494 105 35 Solis
1733 494 117 35 igneum
1803 494 58 35 ju¬-

1036 521 109 55 bar:
1105 521 150 55 quomodo
1214 521 123 55 autem
1296 521 137 55 cursum
1392 521 219 55 consummavit?
1569 521 123 55 Orbem
1651 521 123 55 totum
1719 521 137 55 pervaga¬-

1046 560 79 39 tus
1091 560 90 39 est,
1147 560 146 39 incipiens
1260 560 56 39 a
1282 560 135 39 Galilaea
1383 560 56 39 &
1406 560 124 39 Arabia,
1496 560 56 39 &
1518 560 101 39 usque
1586 560 68 39 ad
1620 560 101 39 fines
1687 560 113 39 terrae
1755 560 101 39 progre¬-

1042 590 124 38 diens.
1128 590 74 38 Ut
1165 590 62 38 a
1190 590 186 38 Hierusalem,
1338 590 136 38 inquit,
1437 590 62 38 &
1462 590 74 38 in
1499 590 148 38 circuitu
1611 590 111 38 usque
1685 590 161 38 Illyricum
1796 590 62 38 im¬-

1046 623 151 45 pleverim
1160 623 176 45 Evangelium
1298 623 151 45 Christi,
1411 623 151 45 omnemque
1525 623 113 45 orbem
1600 623 176 45 pervolans,
1726 623 126 45 volucris

1039 661 151 41 cujusdam
1153 661 139 41 instar,
1254 661 88 41 imo
1304 661 139 41 volutri
1405 661 101 41 omni
1468 661 177 41 pernicius,
1607 661 114 41 atque
1670 661 177 41 vehementius.

1040 685 81 52 Nam
1087 685 139 52 siquidem
1191 685 92 52 avis
1248 685 139 52 fuisset,
1352 685 173 52 simpliciter
1491 685 185 52 pervolasset:
1641 685 81 52 non
1688 685 81 52 sic
1734 685 104 52 autem
1792 685 69 52 ille

1042 722 116 45 legit,
1123 722 81 45 sed
1170 722 116 45 pennis
1251 722 139 45 Spiritus
1355 722 151 45 praeditus
1471 722 139 45 innumera
1575 722 174 45 impedimenta
1702 722 151 45 transiliit;

1035 756 133 38 mortes,
1132 756 193 38 calamitates,
1288 756 157 38 insidias,
1409 756 133 38 fuitque
1506 756 109 38 omni,
1578 756 72 38 ut
1615 756 145 38 diximus,
1723 756 85 38 ave
1759 756 97 38 perni¬-

1040 788 105 39 cior:
1110 788 70 39 si
1146 788 129 39 fuisset
1239 788 94 39 avis
1298 788 152 39 quandoque
1415 788 129 39 delapsu
1508 788 164 39 caperetur,
1637 788 94 39 quia
1695 788 82 39 ubi
1742 788 70 39 in
1765 788 94 39 subli¬-

1038 821 70 40 me
1073 821 151 40 ferebatur
1189 821 58 40 a
1213 821 139 40 Spiritu,
1317 821 116 40 veluti
1399 821 93 40 avis
1457 821 116 40 igneis
1538 821 139 40 suffulta
1643 821 105 40 alis,
1713 821 105 40 retia
1771 821 81 40 omnia

1043 849 65 44 &
1069 849 195 44 impedimenta
1212 849 169 44 transcendi.

1088 886 126 45 Fidem,
1176 886 138 45 inquit,
1277 886 151 45 servavi,
1390 886 138 45 Plurima
1491 886 113 45 illum
1566 886 138 45 violare
1667 886 176 45 cupiebant,
1792 886 63 45 non

1043 926 111 43 modo
1112 926 180 43 amicitiae
1251 926 166 43 hominum,
1376 926 125 43 verum
1459 926 69 43 &
1487 926 250 43 comminationes,
1695 926 69 43 &
1722 926 152 43 mortes,
1819 926 42 43 &

1035 958 99 38 alia
1097 958 162 38 innumera:
1221 958 112 38 verum
1296 958 87 38 his
1345 958 137 38 omnibus
1445 958 162 38 restitit.
1569 958 162 38 Quopacto?
1693 958 137 38 Sobrius
1780 958 75 38 sci¬-

1043 987 119 42 licet,
1126 987 71 42 ac
1162 987 225 42 pervigildurans:
1351 987 154 42 sufficere
1470 987 119 42 quidem
1553 987 59 42 &
1577 987 190 42 istapoterant
1719 987 142 42 discipulis

1045 1024 183 40 consolandis,
1193 1024 80 40 sed
1239 1024 91 40 ipse
1296 1024 126 40 praemia
1387 1024 114 40 quoque
1467 1024 148 40 subjecit.
1581 1024 126 40 Quaenam
1672 1024 91 40 vero
1729 1024 91 40 illa
1775 1024 80 40 sunt?

1046 1050 69 53 De
1080 1050 126 53 reliquo
1171 1050 137 53 reposita
1274 1050 91 53 est,
1331 1050 126 53 inquit,
1422 1050 91 53 mihi
1480 1050 148 53 justitiae
1594 1050 126 53 corona.
1685 1050 148 53 Iustitiam
1788 1050 57 53 his

1043 1089 111 37 totam
1117 1089 111 37 simul
1191 1089 148 37 virtutem
1302 1089 123 37 dixit.
1388 1089 86 37 Non
1437 1089 99 37 ergo
1499 1089 160 37 dolendum,
1623 1089 136 37 inquit,
1721 1089 99 37 est,
1783 1089 99 37 quod

1045 1122 186 38 proficiscor
1194 1122 186 38 percepturus
1343 1122 137 38 coronam
1442 1122 99 38 quam
1504 1122 137 38 imponat
1604 1122 124 38 capiti
1691 1122 87 38 meo
1728 1122 124 38 Dominus.

1045 1150 108 51 Iesus
1117 1150 156 51 Christus:
1237 1150 96 51 quod
1297 1150 72 51 si
1333 1150 168 51 exciderem,
1464 1150 72 51 ac
1500 1150 144 51 perirem,
1608 1150 144 51 dolendum
1716 1150 144 51 profecto
1812 1150 36 51 &

1039 1185 225 41 ingemiscendum
1224 1185 132 41 esset.
1317 1185 106 41 Quam
1383 1185 132 41 reddet
1475 1185 106 41 mihi
1541 1185 132 41 justus
1634 1185 132 41 judex:
1727 1185 93 41 Non
1766 1185 93 41 solum

1040 1220 111 39 autem
1114 1220 111 39 mihi,
1188 1220 86 39 sed
1237 1220 62 39 &
1261 1220 136 39 omnibus
1360 1220 86 39 qui
1409 1220 148 39 diligunt
1520 1220 148 39 adventum
1631 1220 111 39 ejus.
1705 1220 74 39 Ex
1742 1220 86 39 his
1779 1220 74 39 item

1043 1248 108 49 illum
1115 1248 133 49 erigit:
1212 1248 84 49 nam
1260 1248 72 49 si
1296 1248 145 49 omnibus,
1404 1248 108 49 multo
1477 1248 108 49 magis
1549 1248 157 49 Timotheo.
1669 1248 84 49 Non
1718 1248 96 49 ait,
1778 1248 60 49 &
1790 1248 60 49 ti¬-

1041 1280 84 43 bi,
1089 1280 84 43 sed
1137 1280 145 43 omnibus:
1246 1280 109 43 multo
1318 1280 109 43 magis
1391 1280 60 43 &
1403 1280 84 43 tibi¬-

1086 1314 84 47 His
1134 1314 120 47 igitur
1218 1314 120 47 verbis
1303 1314 120 47 Paulus
1387 1314 84 47 non
1435 1314 145 47 fiduciam
1544 1314 157 47 meritorum
1664 1314 133 47 jactat,
1761 1314 84 47 sed
1797 1314 60 47 Ti¬-

1046 1345 139 43 motheum
1147 1345 63 43 &
1172 1345 113 43 alios
1248 1345 139 43 sanctos
1349 1345 176 43 consolatur
1488 1345 63 43 &
1513 1345 164 43 praemunit
1639 1345 151 43 adversus
1740 1345 113 43 scanda¬-

1049 1385 82 39 lum
1096 1385 94 39 quod
1155 1385 70 39 ex
1190 1385 105 39 morte
1260 1385 94 39 ejus
1319 1385 129 39 poterat
1413 1385 141 39 oboriri.
1518 1385 152 39 Praeterea
1635 1385 141 39 collatio
1741 1385 105 39 hujus
1799 1385 59 39 lo¬-

1048 1413 70 42 ci
1083 1413 82 42 cum
1130 1413 105 42 aliis
1201 1413 141 42 Paulinis
1306 1413 105 42 clare
1376 1413 141 42 evincit,
1482 1413 117 42 Paulum
1564 1413 70 42 in
1599 1413 94 42 suis
1658 1413 129 42 meritis
1740 1413 117 42 fiduciam

1049 1447 86 42 non
1098 1447 184 42 collocasse.
1245 1447 148 42 Certamen
1356 1447 98 42 enim
1418 1447 111 42 illud
1491 1447 111 42 bonum
1565 1447 61 42 &
1590 1447 123 42 cursus
1676 1447 98 42 fuit
1725 1447 123 42 constans

1055 1485 175 44 praedicatio
1196 1485 152 44 Evangelij
1312 1485 93 44 Jesu
1371 1485 129 44 Christi
1464 1485 152 44 contemtis
1581 1485 129 44 omnibus
1675 1485 164 44 periculis,
1792 1485 58 44 et¬-

1047 1520 84 36 iam
1095 1520 108 36 morte
1167 1520 108 36 ipsa.
1238 1520 72 36 De
1274 1520 72 36 eo
1310 1520 108 36 autem
1382 1520 84 36 ait
1430 1520 72 36 1.
1465 1520 143 36 Corinth.
1573 1520 72 36 9.
1609 1520 108 36 vers.
1681 1520 84 36 16,
1728 1520 84 36 17.
1764 1520 96 36 Etenim

1035 1547 72 41 si
1071 1547 192 41 evangelixem,
1227 1547 84 41 non
1276 1547 84 41 est
1324 1547 96 41 quod
1384 1547 144 41 glorier:
1492 1547 168 41 necessitas
1624 1547 96 41 enim
1673 1547 180 41 mihiincumbit.

1044 1579 83 40 Vae
1092 1579 107 40 autem
1163 1579 95 40 mihi
1222 1579 83 40 est
1270 1579 95 40 nisi
1329 1579 190 40 evangelizem.
1484 1579 83 40 Nam
1531 1579 71 40 si
1567 1579 119 40 volens
1650 1579 83 40 hoc
1698 1579 131 40 faciam,
1781 1579 71 40 mer¬-

1040 1614 109 38 cedem
1112 1614 121 38 habeo:
1197 1614 84 38 sin
1245 1614 145 38 invitus,
1353 1614 181 38 dispensatio
1498 1614 133 38 credita
1595 1614 84 38 est
1643 1614 109 38 mihi.
1715 1614 145 38 Quicquid
1812 1614 48 38 ex

1050 1642 120 46 debito
1134 1642 84 46 sit
1182 1642 180 46 necessario,
1326 1642 72 46 id
1362 1642 156 46 nequaquam
1481 1642 84 46 est
1529 1642 144 46 meritum.
1637 1642 72 46 At
1673 1642 144 46 certamen
1769 1642 84 46 illud

1036 1674 113 45 bonum
1112 1674 101 45 quod
1175 1674 151 45 certavit
1289 1674 126 45 Paulus
1377 1674 63 45 &
1402 1674 126 45 cursus
1490 1674 101 45 quem
1553 1674 164 45 cucurrit,
1679 1674 63 45 &
1692 1674 164 45 conservatio

1038 1707 119 53 fidei,
1121 1707 71 53 ex
1157 1707 119 53 debito
1240 1707 166 53 necessario
1370 1707 131 53 fiebat:
1465 1707 83 53 Non
1513 1707 119 53 igitur
1596 1707 131 53 meritum
1691 1707 107 53 erat.
1762 1707 71 53 Et
1786 1707 71 53 cap.

1045 1747 67 38 4.
1078 1747 101 38 vers.
1145 1747 67 38 2,
1179 1747 67 38 3,
1212 1747 67 38 4.
1246 1747 101 38 Illud
1313 1747 156 38 requiritur
1436 1747 67 38 in
1469 1747 212 38 dispenfatoribus
1648 1747 67 38 ut
1681 1747 89 38 quis
1737 1747 101 38 fidus
1793 1747 56 38 in¬-

1034 1775 161 39 veniatur.
1157 1775 99 39 Mihi
1219 1775 99 39 vero
1281 1775 86 39 pro
1330 1775 124 39 minimo
1417 1775 86 39 est
1466 1775 99 39 quod
1528 1775 62 39 a
1553 1775 111 39 vobis
1627 1775 173 39 dijudicer,
1763 1775 86 39 aut
1800 1775 49 39 at

1036 1805 129 47 humano
1126 1805 155 47 judicio:
1243 1805 90 47 imo
1294 1805 90 47 nec
1346 1805 103 47 ipse
1410 1805 77 47 me
1449 1805 168 47 dijudico.
1578 1805 142 47 Nullius
1681 1805 103 47 enim
1746 1805 90 47 rei
1785 1805 77 47 mihe

1041 1844 141 39 conscius
1147 1844 94 39 sum:
1206 1844 82 39 sed
1253 1844 82 39 non
1300 1844 82 39 per
1347 1844 82 39 hoc
1394 1844 188 39 justificatus
1547 1844 94 39 sum:
1605 1844 129 39 Dominus
1699 1844 106 39 autem
1770 1844 71 39 is
1793 1844 59 39 est

1038 1875 84 40 qui
1086 1875 72 40 me
1122 1875 168 40 dijudicat.
1253 1875 96 40 Quid
1313 1875 120 40 potest
1397 1875 96 40 esse
1457 1875 144 40 clarius?
1565 1875 144 40 Indicat,
1672 1875 132 40 quamvis
1756 1875 96 40 possit

1042 1911 149 36 prositeri
1156 1911 69 36 se
1191 1911 103 36 bonam
1260 1911 172 36 conscientia
1398 1911 69 36 in
1432 1911 80 36 suo
1478 1911 115 36 munere
1559 1911 92 36 esse
1616 1911 149 36 versatum:
1731 1911 103 36 tamen
1789 1911 57 36 non

1039 1943 105 39 ausit
1109 1943 151 39 propterea
1225 1943 93 39 sibi
1283 1943 139 39 quicquam
1388 1943 151 39 tribuere,
1504 1943 116 39 utpote
1585 1943 81 39 qui
1632 1943 105 39 sciat
1702 1943 70 39 se
1725 1943 116 39 nihilomi

1036 1973 88 39 nus
1087 1973 88 39 non
1137 1973 101 39 esse
1200 1973 264 39 irreprehensibile,
1426 1973 113 39 coram
1502 1973 101 39 Deo,
1565 1973 88 39 qui
1615 1973 151 39 aestimat
1716 1973 138 39 unumquem¬-

1029 2004 83 46 que
1077 2004 83 46 suo
1124 2004 130 46 pretio,
1219 2004 71 46 ut
1254 2004 83 46 qui
1302 2004 107 46 norit
1373 2004 119 46 cordis
1456 2004 142 46 latebras
1563 2004 95 46 quae
1622 2004 166 46 saepissime
1740 2004 107 46 homines

1026 2038 145 46 fallunt.
1135 2038 97 46 Quid
1195 2038 121 46 potest
1280 2038 145 46 alienius
1388 2038 97 46 esse
1449 2038 60 46 a
1473 2038 133 46 fiducia
1570 2038 157 46 meritorum
1678 2038 97 46 suorum

1077 2074 175 51 Quapropter
1215 2074 88 51 his
1265 2074 150 51 exemplis
1378 2074 188 51 Bellarminus
1528 2074 113 51 mnime
1603 2074 138 51 evicit,
1703 2074 88 51 nos
1753 2074 75 51 in
1778 2074 63 51 bo¬-

1034 2106 84 48 nis
1082 2106 132 48 nostris
1178 2106 132 48 meritis
1273 2106 143 48 fiduciam
1381 2106 132 48 aliquam
1476 2106 108 48 posse
1548 2106 132 48 ponere.
1644 2106 108 48 Neque
1715 2106 96 48 vero
1763 2106 84 48 magis

1028 2144 73 52 id
1064 2144 134 52 evincit
1162 2144 146 52 exemplis
1271 2144 110 52 aliis
1345 2144 97 52 quae
1405 2144 134 52 allegat
1503 2144 73 52 ex
1539 2144 183 52 testimoniis
1686 2144 134 52 Patrum:
1771 2144 73 52 quae

1022 2182 132 37 exempla
1118 2182 108 37 sunt,
1189 2182 108 37 Pauli
1261 2182 108 37 primi
1333 2182 155 37 Eremitae.
1452 2182 179 37 Hilarionis,
1596 2182 72 37 S.
1632 2182 143 37 Martini.
1739 2182 72 37 S.
1763 2182 72 37 Fram

1023 2210 109 42 cisci
1096 2210 146 42 Monachi.
1205 2210 109 42 Verba
1278 2210 170 42 Bellarmini
1412 2210 97 42 sunt
1472 2210 109 42 ista:
1545 2210 134 42 Scribit
1642 2210 73 42 S.
1679 2210 170 42 Hieronymus
1800 2210 49 42 in

1025 2245 106 33 vita
1091 2245 120 33 Pauli
1171 2245 120 33 primi
1251 2245 173 33 Eremitae,
1384 2245 133 33 eundem
1477 2245 133 33 Paulum
1570 2245 120 33 morti
1650 2245 186 33 propinquum
1783 2245 67 33 di¬-

1023 2281 116 32 xisse,
1104 2281 127 32 Peracto
1197 2281 104 32 cursu
1267 2281 139 32 superest
1371 2281 93 32 mihi
1429 2281 116 32 corona
1510 2281 162 32 iustitiae.
1637 2281 69 32 In
1672 2281 93 32 vita
1730 2281 93 32 vero
1776 2281 58 32 Hi¬-

1038 2309 144 38 larionis
1146 2309 120 38 refert
1230 2309 96 38 idem
1290 2309 180 38 Hieronymus,
1434 2309 132 38 dixisse
1531 2309 180 38 Hilarionem:
1675 2309 144 38 Egredere
1771 2309 72 38 ani¬-

1029 2342 70 35 ma
1064 2342 94 35 mea:
1123 2342 152 35 egredere,
1240 2342 94 35 quid
1299 2342 117 35 times?
1381 2342 176 35 septuaginta
1522 2342 105 35 prope
1592 2342 105 35 annis
1662 2342 141 35 seruisti
1756 2342 82 35 Chri¬-

1026 2377 110 40 sto,
1095 2377 69 40 &
1123 2377 138 40 mortem
1220 2377 138 40 times?
1316 2377 152 40 Scribit
1427 2377 138 40 quoque
1523 2377 193 40 SULPITIUS,
1675 2377 83 40 S.
1703 2377 138 40 Martinum

1032 2406 69 37 in
1067 2406 104 37 exitu
1137 2406 127 37 Diabolo
1229 2406 139 37 astanti,
1333 2406 104 37 magna
1403 2406 81 37 cum
1449 2406 127 37 fiducia
1542 2406 139 37 dixisse:
1646 2406 93 37 Quid
1704 2406 81 37 hic
1738 2406 93 37 astas.

1038 2442 129 33 cruenta
1132 2442 129 33 bestia?
1226 2442 106 33 nihil
1297 2442 94 33 inme
1355 2442 129 33 funeste
1449 2442 153 33 reperies:
1567 2442 129 33 Abrahae
1661 2442 70 33 me
1696 2442 106 33 sinus
1755 2442 82 33 exci¬-

1032 2473 116 36 piet.
1109 2473 141 36 Denique
1212 2473 77 36 S.
1250 2473 193 36 BONAVENTURA
1404 2473 154 36 scribit,
1520 2473 103 36 illa
1584 2473 128 36 fuisse
1674 2473 116 36 verba
1738 2473 103 36 extre¬-

1030 2505 108 40 maS.
1098 2505 189 40 Erancisci:
1247 2505 108 40 Educ
1314 2505 81 40 de
1355 2505 162 40 custodia
1476 2505 135 40 animam
1571 2505 108 40 meam
1638 2505 81 40 ad
1665 2505 176 40 confitendum

1029 2539 164 39 nominituo.
1158 2539 70 39 Me
1193 2539 164 39 exspectant
1322 2539 117 39 iusti,
1404 2539 105 39 donec
1474 2539 152 39 retribuas
1579 2539 82 39 mihi.

1077 2574 123 46 RESP.
1159 2574 137 46 Primum
1255 2574 82 46 in
1296 2574 150 46 genere:
1405 2574 150 46 Exempla
1515 2574 150 46 hominum
1610 2574 219 46 superstitioso¬-

1033 2612 79 39 rum
1078 2612 68 39 ac
1112 2612 68 39 ex
1145 2612 101 39 vitae
1213 2612 124 39 externa
1303 2612 169 39 austeritate
1439 2612 79 39 seu
1484 2612 113 39 potius
1562 2612 169 39 agrestitate
1686 2612 147 39 sanctitatis

1027 2642 163 38 opinionem
1153 2642 188 38 aucupantium
1304 2642 88 38 non
1354 2642 100 38 esse
1417 2642 126 38 idonea
1505 2642 75 38 ad
1542 2642 213 38 constituendum
1718 2642 88 38 vel
1756 2642 75 38 con¬-

1032 2675 153 42 armandum
1147 2675 141 42 aliquod
1250 2675 115 42 dogma
1326 2675 77 42 de
1365 2675 102 42 fide
1429 2675 90 42 vel
1480 2675 115 42 bonis
1556 2675 166 42 operibus.
1684 2675 102 42 Isti
1735 2675 90 42 autem

1021 2705 130 37 quorum
1112 2705 143 37 exempla
1216 2705 78 37 ex
1255 2705 156 37 Patribus
1372 2705 195 37 adducuntur,
1527 2705 143 37 fuerunt
1631 2705 143 37 homines
1722 2705 104 37 super¬-

1023 2738 149 37 stitiosi.
1137 2738 115 37 Deinde
1217 2738 149 37 quibusdam
1332 2738 69 37 ex
1366 2738 103 37 illis
1435 2738 103 37 parum
1504 2738 172 37 conveniumt,
1642 2738 92 37 quae
1699 2738 103 37 ipsis
1756 2738 69 37 tri¬-

1030 2775 170 36 buuntur.
1158 2775 142 36 Paulum
1257 2775 142 36 primum
1356 2775 170 36 Eremitam
1484 2775 128 36 morti
1569 2775 199 36 propinquum
1711 2775 114 36 scribi

1030 2804 168 39 Hieronymus
1162 2804 144 39 dixisse,
1271 2804 120 39 verbis
1355 2804 108 39 Pauli
1427 2804 156 39 Apostoli:
1547 2804 132 39 Peracto
1644 2804 108 39 cursu
1704 2804 132 39 superest,

1020 2838 94 38 mihi
1079 2838 118 38 corona
1161 2838 165 38 justitiae.
1291 2838 106 38 Atqui
1361 2838 106 38 Pauli
1432 2838 141 38 Apostoli
1537 2838 118 38 cursus
1620 2838 106 38 fuit,
1678 2838 153 38 praedicatio

1032 2870 145 39 constans
1140 2870 157 39 Evangelij
1261 2870 109 39 usque
1333 2870 72 39 ad
1370 2870 109 39 vitae
1442 2870 109 39 finem
1514 2870 121 39 absque
1599 2870 96 39 metu
1659 2870 133 39 mortis:
1744 2870 84 39 hujus

1026 2907 107 40 autem
1098 2907 167 40 continuata
1229 2907 107 40 quies
1300 2907 83 40 per
1348 2907 155 40 sexaginta
1467 2907 107 40 annos
1539 2907 60 40 &
1563 2907 155 40 latitatio
1682 2907 72 40 in
1706 2907 119 40 spelunca

1015 2934 100 37 metu
1078 2934 125 37 mortis
1166 2934 138 37 obfidem
1266 2934 150 37 Christi.
1379 2934 175 37 Hilarionis
1516 2934 113 37 verba
1592 2934 213 37 desperationem
1754 2934 63 37 po¬-

1019 2970 96 33 tius
1079 2970 96 33 prae
1139 2970 72 33 se
1175 2970 120 33 ferunt
1260 2970 60 33 &
1284 2970 108 33 metum
1356 2970 132 33 mortis,
1452 2970 96 33 quam
1512 2970 144 33 fiduciam
1620 2970 132 33 aliquam
1717 2970 72 33 S.
1741 2970 84 33 Fran¬-

1028 3001 118 37 ciscus
1111 3001 71 37 ea
1146 3001 153 37 moriturus
1263 3001 153 37 precatur,
1381 3001 94 37 quae
1440 3001 82 37 non
1487 3001 165 37 conveniunt
1616 3001 94 37 nisi
1663 3001 165 37 diuturniorem

1032 3035 71 36 in
1068 3035 83 36 hac
1115 3035 95 36 vita
1175 3035 155 36 mansionem
1294 3035 167 36 expetenti.
1425 3035 119 36 Tertio
1508 3035 131 36 etiamsi
1604 3035 119 36 optime
1687 3035 167 36 quadrarent

1032 3065 115 36 omnia:
1112 3065 103 36 tamen
1180 3065 69 36 ex
1215 3065 80 36 iis
1261 3065 126 36 colligi
1352 3065 80 36 non
1398 3065 126 36 potest,
1490 3065 80 36 eos
1536 3065 69 36 in
1570 3065 126 36 meritis
1662 3065 92 36 suis
1707 3065 115 36 fiduciam

1032 3100 104 36 illam
1102 3100 174 36 collocasse,
1241 3100 93 36 nisi
1299 3100 104 36 forte
1368 3100 139 36 Monachus
1472 3100 174 36 Franciseus,
1611 3100 69 36 in
1646 3100 81 36 hac
1692 3100 93 36 vita
1738 3100 93 36 glori¬-

1024 3128 74 47 iam
1067 3128 128 47 quaerens
1152 3128 117 47 justitiae

1073 3148 119 66 Ratio
1152 3148 146 66 denique
1258 3148 186 66 Bellarmini
1404 3148 93 66 est
1458 3148 133 66 talis;
1550 3148 80 66 In
1590 3148 106 66 omni
1657 3148 106 66 vera
1710 3148 119 66 salutis
