2063 3397
234 181 127 50 aternae
327 181 104 50 causa
396 181 104 50 licet
465 181 161 50 confidere:
591 181 92 50 Bona
649 181 115 50 merita
729 181 92 50 sunt
787 181 92 50 vera
844 181 127 50 salutis
936 181 138 50 aeternae
1028 181 35 50 A

233 217 117 47 causa:
315 217 94 47 Ergo
374 217 70 47 in
409 217 105 47 bonis
479 217 129 47 meritis
573 217 105 47 licet
643 217 164 47 confidere.
772 217 199 47 Propositionem
925 217 105 47 majorem

228 249 124 54 probare
318 249 124 54 nititur
408 249 112 54 simili
486 249 101 54 tali:
554 249 79 54 Nam
599 249 135 54 (inquit)
700 249 56 54 &
723 249 67 54 in
756 249 101 54 rebus
824 249 180 54 corporalibus
959 249 56 54 ae¬-

229 286 114 50 grotus
308 286 102 50 recte
376 286 136 50 confidit
479 286 80 50 non
524 286 102 50 solum
592 286 68 50 in
626 286 91 50 arte
683 286 57 50 &
706 286 148 50 industria
819 286 125 50 medici,
910 286 80 50 sed
944 286 80 50 etiam

234 322 72 35 in
270 322 217 35 medicamentorum
451 322 132 35 virtute
547 322 60 35 &
571 322 168 35 efficacia.
703 322 108 35 Neque
775 322 84 35 hoc
823 322 84 35 est
872 322 156 35 confidere
980 322 48 35 in

233 344 131 47 propria
329 344 143 47 virtute,
436 344 84 47 sed
484 344 72 47 in
520 344 84 47 Deo
567 344 60 47 &
591 344 96 47 ejus
651 344 131 47 gratia,
746 344 107 47 cujus
818 344 96 47 sunt
878 344 119 47 munera
949 344 84 47 omnia

228 387 101 37 bona
292 387 139 37 merita.
393 387 189 37 Assumtionem
544 387 139 37 videtur
645 387 139 37 probare
746 387 114 37 velle
822 387 63 37 a
847 387 114 37 pari:
910 387 114 37 quoniam

233 410 136 49 (inquit)
335 410 102 49 sicut
403 410 181 49 misericordia
550 410 91 49 Dei,
607 410 79 49 ita
652 410 102 49 etiam
720 410 91 49 bona
777 410 113 49 merita
856 410 91 49 sunt
913 410 91 49 vera
958 410 57 49 sa¬-

240 453 86 45 lutis
288 453 77 45 causae

260 462 110 57 RESP.
333 462 110 57 Primo
406 462 195 57 distinguenda
565 462 85 57 est
614 462 183 57 principalis
760 462 232 57 argumentationis
943 462 73 57 pro¬-

227 508 143 52 positio,
334 508 95 52 quia
394 508 83 52 est
441 508 143 52 ambigua:
548 508 83 52 nam
596 508 83 52 per
643 508 107 52 veram
715 508 119 52 causam
798 508 167 52 intelligit
917 508 107 52 Bellar¬-

236 543 117 38 minus
314 543 91 38 vel
366 543 195 38 principalem
521 543 130 38 tantum
612 543 130 38 causam
703 543 195 38 efficientem
858 543 65 38 &
871 543 156 38 ωροηγυυθλν

231 572 163 47 internam,
357 572 75 47 id
394 572 100 47 est,
457 572 138 47 gratiam
557 572 63 47 &
583 572 213 47 misericordiam
758 572 100 47 Dei:
821 572 88 47 vel
871 572 113 47 etiam
934 572 100 47 causam

234 603 221 47 ωροκαζαρκτικλν
418 603 62 47 &
443 603 234 47 instrumentalem.
640 603 74 47 Si
677 603 185 47 principalem
824 603 123 47 tantum
910 603 123 47 causam
984 603 37 47 &

240 643 189 40 ωρολγυμδιλαν
394 643 142 40 internam
501 643 178 40 intelligat,
643 643 83 40 tum
690 643 107 40 major
761 643 166 40 propositio
879 643 154 40 conceditur:

225 665 85 43 Nam
273 665 72 43 in
309 665 85 43 Deo
358 665 60 43 &
382 665 72 43 in
418 665 121 43 gratia
503 665 109 43 atque
575 665 193 43 misericordia
732 665 85 43 Dei
780 665 181 43 simpliciter
925 665 60 43 &
949 665 85 43 per
986 665 48 43 se

228 709 128 34 fiducia
321 709 81 34 est
368 709 174 34 collocanda.
519 709 81 34 Sin
565 709 105 34 autem
635 709 163 34 intelligat
763 709 105 34 etiam
832 709 116 34 causam
902 709 116 34 ωροϰαζαρ

242 736 135 38 ετικλιο,
343 736 68 38 id
377 736 90 38 est;
433 736 113 38 carnem
512 736 56 38 &
535 736 146 38 sanguinem
647 736 135 38 Christi,
749 736 79 38 tum
794 736 192 38 distinguitur;
940 736 79 38 quiai

225 772 120 34 Christi
312 772 87 34 caro
367 772 55 34 &
389 772 120 34 sanguis
476 772 76 34 per
519 772 65 34 se
552 772 196 34 considerantur,
716 772 65 34 id
748 772 87 34 est,
803 772 131 34 quatenus
901 772 87 34 sunt
945 772 76 34 crea¬-

229 800 114 42 turae,
308 800 79 42 non
354 800 79 42 est
399 800 68 42 in
433 800 79 42 iis
478 800 125 42 fiducia
569 800 170 42 collocanda:
705 800 91 42 Haec
762 800 91 42 enim
819 800 79 42 est
864 800 136 42 voluntas
955 800 57 42 Dei

238 831 79 42 hoc
283 831 147 42 mandatum,
396 831 68 42 ne
430 831 68 42 in
464 831 90 42 ulla
520 831 136 42 creatura
622 831 136 42 quatenus
724 831 79 42 est
769 831 147 42 creatura,
882 831 136 42 aeternae
972 831 57 42 sa¬-

225 864 100 41 lutis
291 864 133 41 fiduciam
391 864 155 41 reponamus,
513 864 100 41 sicut
580 864 122 41 legitur
668 864 111 41 Jerem.
746 864 78 41 17.
790 864 67 41 v.
823 864 67 41 5.
857 864 155 41 Maledictus
968 864 55 41 vil

231 907 95 32 ille
291 907 83 32 qui
338 907 143 32 fiduciam
446 907 107 32 habet
517 907 72 32 in
553 907 131 32 homine,
648 907 60 32 &
672 907 131 32 statuit
768 907 119 32 carnem
851 907 143 32 brachium
947 907 83 32 suum,

225 928 58 42 a
249 928 116 42 Iehova
329 928 104 42 autem
399 928 127 42 recedit
491 928 81 42 cor
538 928 104 42 ejus:
607 928 81 42 Sed
653 928 69 42 in
688 928 92 42 solo
746 928 81 42 Deo
792 928 81 42 qui
838 928 104 42 solus
907 928 104 42 nobis
965 928 58 42 re¬-

228 970 108 38 mittit
304 970 119 38 peccata
390 970 54 38 &
412 970 76 38 nos
455 970 108 38 servat
531 970 65 38 in
563 970 108 38 nomine
639 970 130 38 Christi,
736 970 97 38 sicut
801 970 119 38 dicitur
887 970 97 38 Jesa.
952 970 76 38 43.
985 970 43 38 v.

226 998 79 40 II.
271 998 90 40 Ego,
327 998 79 40 ego
372 998 79 40 sum
417 998 124 40 Iehova;
506 998 56 40 &
529 998 112 40 nullus
608 998 79 40 est
652 998 124 40 praeter
742 998 67 40 me
776 998 146 40 servator:
888 998 56 40 &
911 998 101 40 vers.
967 998 56 40 25.

219 1038 94 29 Ego,
278 1038 82 29 ego
325 1038 94 29 ipse
383 1038 105 29 deleo
453 1038 176 29 defectiones
594 1038 94 29 tuas
652 1038 129 29 propter
746 1038 82 29 me,
793 1038 59 29 &
816 1038 164 29 peccatorum
933 1038 94 29 tuorum

232 1067 80 36 non
277 1067 149 36 recordor.
392 1067 115 36 Actor.
472 1067 69 36 4.
506 1067 103 36 vers.
575 1067 80 36 12.
621 1067 80 36 Nec
667 1067 80 36 est
713 1067 69 36 in
747 1067 92 36 alis
804 1067 126 36 quoquam
896 1067 115 36 salus,
965 1067 57 36 ne¬-

225 1101 92 36 enim
282 1101 103 36 aliud
351 1101 103 36 nomen
420 1101 80 36 est
466 1101 80 36 sub
511 1101 103 36 coelo
580 1101 92 36 quod
638 1101 103 36 datum
707 1101 80 36 sit
753 1101 103 36 inter
821 1101 138 36 homines,
925 1101 80 36 per
959 1101 69 36 quod

229 1134 144 37 oporteat
337 1134 84 37 nos
385 1134 144 37 servari.
493 1134 84 37 Sin
541 1134 96 37 vero
601 1134 96 37 caro
662 1134 60 37 &
686 1134 132 37 sanguis
782 1134 132 37 Christi
866 1134 156 37 considerent

225 1165 93 37 tur,
283 1165 139 37 quatenus
388 1165 93 37 sunt
446 1165 93 37 caro
504 1165 58 37 &
527 1165 128 37 sanguis
620 1165 81 37 Dei
666 1165 81 37 seu
712 1165 139 37 personae
817 1165 93 37 quae
875 1165 81 37 est
921 1165 104 37 verus
979 1165 58 37 na¬-

227 1200 94 35 tura
286 1200 105 35 Deus,
356 1200 140 35 αμουσιος
461 1200 117 35 Patri:
543 1200 82 35 tum
590 1200 70 35 in
625 1200 82 35 iis
672 1200 105 35 recte
742 1200 129 35 fiducia
835 1200 175 35 collocatur,
964 1200 70 35 quum

231 1234 109 32 carne
304 1234 61 32 &
328 1234 145 32 sanguine
437 1234 85 32 suo
485 1234 145 32 Christus
594 1234 85 32 nos
643 1234 133 32 servet.
739 1234 133 32 Attamen
836 1234 85 32 vis
885 1234 145 32 servandi
981 1234 61 32 nos

235 1266 78 35 non
279 1266 78 35 est
324 1266 56 35 a
346 1266 100 35 carne
413 1266 78 35 aut
458 1266 134 35 sanguine
558 1266 123 35 Christi
647 1266 78 35 per
692 1266 78 35 se,
736 1266 78 35 sed
781 1266 56 35 a
803 1266 123 35 Deitate
892 1266 123 35 ipsius.
970 1266 67 35 Sic¬-

223 1299 91 33 enim
280 1299 102 33 dicit
348 1299 125 33 ipsemet
439 1299 114 33 Johan.
519 1299 68 33 6.
553 1299 102 33 vers.
621 1299 80 33 63.
667 1299 137 33 Spiritus
769 1299 80 33 est
815 1299 68 33 id
849 1299 91 33 quod
894 1299 137 33 vivificat.

225 1323 91 41 caro
281 1323 80 41 non
327 1323 125 41 prodest
418 1323 148 41 quicquam,
531 1323 80 41 hoc
577 1323 91 41 est,
634 1323 114 41 Deitas
713 1323 80 41 aut
758 1323 114 41 virtus
838 1323 136 41 Deitatis
929 1323 102 41 vivifi¬-

223 1358 88 41 cat,
278 1358 77 41 non
322 1358 88 41 caro
377 1358 121 41 Christi
465 1358 77 41 per
509 1358 77 41 se,
553 1358 66 41 ut
586 1358 132 41 Cyrillus
686 1358 66 41 in
719 1358 99 41 hujus
785 1358 88 41 loci
840 1358 176 41 explicatione
972 1358 55 41 di¬-

231 1388 99 42 cit.
293 1388 136 42 Decebat
392 1388 99 42 enim
454 1388 124 42 nullam
541 1388 112 42 aliam
615 1388 87 42 rem
665 1388 62 42 &
690 1388 161 42 creaturam
814 1388 174 42 vivificare
938 1388 99 42 posse.

225 1420 60 39 &
249 1420 180 39 corruptione
393 1420 180 39 superiorem,
537 1420 144 39 terrenam
645 1420 120 39 carnem
729 1420 168 39 ostendere,
861 1420 132 39 etiamsi
945 1420 96 39 intel¬-

225 1455 131 38 ligatur
321 1455 131 38 Christi
416 1455 143 38 secundum
524 1455 96 38 quod
583 1455 96 38 caro
643 1455 143 38 dicitur,
750 1455 96 38 nisi
810 1455 107 38 solam
882 1455 143 38 Deitatis
977 1455 60 38 na¬-

228 1489 125 40 turam,
315 1489 75 40 ut
352 1489 100 40 idem
415 1489 150 40 Cyrillus
527 1489 87 40 ait
577 1489 137 40 secundo
677 1489 112 40 tomo,
752 1489 112 40 libro
827 1489 112 40 sexto
889 1489 150 40 Dialogorum

228 1520 70 43 de
263 1520 164 43 Trinitate,
392 1520 105 43 folio
463 1520 152 43 centesimo
580 1520 223 43 vigesimooctavo,
767 1520 117 43 litera
849 1520 70 43 C.
885 1520 94 43 Pari
932 1520 105 43 prorsus

225 1552 132 36 ratione
321 1552 132 36 sanguis
417 1552 96 36 Jesu
477 1552 132 36 Christi
573 1552 108 36 Filij
644 1552 84 36 Dei
692 1552 132 36 emundat
788 1552 84 36 nos
836 1552 72 36 ab
872 1552 96 36 omni
920 1552 120 36 peccato.

229 1584 65 45 I.
262 1584 109 45 Johan.
338 1584 65 45 1.
371 1584 65 45 v.
404 1584 65 45 7.
436 1584 76 45 non
480 1584 131 45 quatenus
578 1584 76 45 est
622 1584 131 45 sanguis,
720 1584 76 45 sed
763 1584 131 45 quatenus
861 1584 76 45 est
905 1584 120 45 sanguis
981 1584 44 45 Fi

227 1621 78 32 lij
271 1621 89 32 Dei,
327 1621 133 32 quatenus
427 1621 78 32 est
471 1621 122 32 sanguis
560 1621 89 32 Dei,
616 1621 100 32 sicut
683 1621 111 32 Paulus
760 1621 100 32 docet
827 1621 111 32 Actor.
905 1621 78 32 20.
949 1621 67 32 v.
971 1621 56 32 28.

226 1650 98 34 quod
287 1650 98 34 Deus
349 1650 148 34 sanguine
459 1650 86 34 suo
509 1650 160 34 Ecclesiam
632 1650 172 34 redemerit.
767 1650 74 34 Si
804 1650 111 34 etiam
865 1650 160 34 intelligimu

231 1682 159 42 tanguinem
353 1682 146 42 Christi,
463 1682 85 42 non
511 1682 73 42 ut
548 1682 183 42 simpliciter
694 1682 85 42 est
743 1682 122 42 medium
829 1682 134 42 aliquod
914 1682 122 42 expiandi

230 1715 129 43 peccata
324 1715 153 43 separatum
441 1715 59 43 a
465 1715 129 43 Deitate
559 1715 141 43 Christi,
664 1715 82 43 sed
711 1715 176 43 conjunctum,
852 1715 70 43 ac
887 1715 129 43 proinde
969 1715 59 43 san

234 1755 95 37 guis
293 1755 130 37 Christi
388 1755 83 37 hoc
436 1755 107 37 sensu
507 1755 107 37 etiam
578 1755 107 37 recte
649 1755 178 37 principalis
791 1755 107 37 causa
862 1755 130 37 proxima
945 1755 83 37 expia

230 1785 127 39 tionis
319 1785 178 39 peccatorum
459 1785 165 39 nostrorum
587 1785 64 39 &
612 1785 140 39 meritum
714 1785 140 39 propter
816 1785 102 39 quod
879 1785 140 39 peccata
968 1785 64 39 re¬-

228 1814 162 39 mittuntur,
356 1814 162 39 statuitur,
483 1814 93 39 quia
541 1814 81 39 est
587 1814 127 39 sanguis
680 1814 81 39 non
726 1814 93 39 meri
784 1814 69 39 ac
819 1814 93 39 nudi
877 1814 139 39 hominis,
969 1814 58 39 sed

236 1847 103 36 veri,
304 1847 125 36 aeterni
395 1847 57 36 &
418 1847 182 36 omnipotentis
566 1847 91 36 Dei,
623 1847 80 36 tum
668 1847 103 36 etiam
737 1847 68 36 in
771 1847 68 36 eo
805 1847 125 36 fiducia
885 1847 148 36 collocanda,

226 1879 77 35 (ut
270 1879 109 35 dictum
335 1879 66 35 est.

270 1906 73 44 Si
306 1906 133 44 denique
403 1906 109 44 eadem
476 1906 109 44 major
548 1906 170 44 propositio
682 1906 109 44 etiam
754 1906 73 44 de
791 1906 109 44 causa
851 1906 182 44 instrumentali

232 1930 126 48 salutis
323 1930 137 48 aeternae
426 1930 195 48 intelligatur,
586 1930 126 48 nimirum
678 1930 69 48 de
712 1930 160 48 Evangelio,
838 1930 92 48 fide
896 1930 57 48 &
907 1930 126 48 Sacramen¬-

232 1978 89 38 tis;
288 1978 78 38 tum
332 1978 100 38 major
399 1978 167 38 simpliciter
532 1978 134 38 negatur:
632 1978 78 38 nam
677 1978 111 38 certum
755 1978 89 38 est,
810 1978 78 38 non
855 1978 89 38 esse
911 1978 67 38 in
944 1978 78 38 eis
977 1978 56 38 fi¬-

229 2009 116 36 duciam
310 2009 127 36 salutis
403 2009 139 36 aeternae
507 2009 185 36 collocandam:
657 2009 92 36 quia
715 2009 81 36 non
761 2009 92 36 sunt
819 2009 104 36 Deus,
888 2009 81 36 sed
935 2009 116 36 tantum

226 2042 139 40 separata
331 2042 174 40 instrumenta
470 2042 81 40 Dei
517 2042 70 40 ad
552 2042 81 40 nos
598 2042 163 40 servandum;
726 2042 58 40 &
749 2042 105 40 fides
819 2042 151 40 salvifica
935 2042 81 40 est
970 2042 58 40 do¬-

223 2079 86 35 num
272 2079 147 35 Spiritus
382 2079 122 35 Sancti
467 2079 73 35 in
504 2079 110 35 nobis
577 2079 73 35 ab
614 2079 73 35 eo
651 2079 135 35 creatum
749 2079 61 35 &
773 2079 171 35 excitatum,
908 2079 86 35 non
944 2079 86 35 autem

225 2105 94 41 Deus
284 2105 106 41 ipse.
355 2105 71 41 Ac
390 2105 94 41 sane
449 2105 94 41 vana
508 2105 82 41 est
555 2105 129 41 illorum
649 2105 141 41 fiducia,
755 2105 82 41 qui
802 2105 71 41 se
837 2105 165 41 existimant
955 2105 82 41 vitam

232 2140 152 39 aeternam
346 2140 216 39 consequuturos
524 2140 114 39 ideo,
600 2140 101 39 quod
663 2140 177 39 Evangelium
803 2140 152 39 habeant,
917 2140 101 39 quod
968 2140 63 39 Sa¬-

225 2172 153 38 cramenta,
343 2172 94 38 quod
402 2172 106 38 fidem
473 2172 141 38 habeant,
579 2172 83 38 aut
626 2172 118 38 potius
709 2172 71 38 se
744 2172 118 38 habere
827 2172 141 38 inaniter
921 2172 106 38 jactent

270 2208 87 38 Sic
319 2208 161 38 responsum
443 2208 87 38 est
493 2208 75 38 ad
530 2208 211 38 propositionem
704 2208 149 38 majorem.
816 2208 149 38 Probatio
915 2208 112 38 majori¬-

228 2242 84 45 est
276 2242 180 45 sophistica;
420 2242 96 45 quia
481 2242 144 45 ambigua:
589 2242 84 45 nam
637 2242 108 45 etiam
709 2242 96 45 quod
769 2242 72 45 ad
805 2242 84 45 res
854 2242 168 45 corporales
974 2242 60 45 at¬-

233 2277 100 38 tinet
300 2277 67 38 in
333 2277 89 38 solo
389 2277 78 38 Deo
433 2277 167 38 simpliciter
567 2277 56 38 &
589 2277 78 38 per
633 2277 67 38 se
667 2277 122 38 fiducia
756 2277 78 38 est
800 2277 167 38 collocanda,
934 2277 67 38 in
956 2277 78 38 rebus

228 2315 131 35 creatis
323 2315 107 35 autem
395 2315 155 35 nequaquam
514 2315 178 35 simpliciter
656 2315 59 35 &
680 2315 83 35 per
728 2315 71 35 se
763 2315 155 35 fidendum,
882 2315 83 35 sed
930 2315 119 35 tantum

232 2344 146 40 quatenus
341 2344 97 40 sunt
402 2344 182 40 instrumenta
547 2344 97 40 Dei,
608 2344 97 40 quae
669 2344 73 40 id
705 2344 121 40 tantum
790 2344 158 40 praestant
912 2344 97 40 quod
960 2344 73 40 Deus

229 2379 80 41 per
274 2379 103 41 illas
343 2379 138 41 dignatur
447 2379 149 41 efficere,
562 2379 80 41 imo
608 2379 103 41 nihil
676 2379 149 41 praestant
791 2379 92 41 sine
849 2379 92 41 Deo:
906 2379 138 41 Quanquam

225 2410 95 34 Deus
285 2410 166 34 ordinariis
415 2410 190 34 instrumentis
570 2410 154 34 alligatus
688 2410 83 34 non
736 2410 95 34 est,
795 2410 83 34 sed
843 2410 83 34 tam
890 2410 83 34 per
926 2410 107 34 inepta,

235 2441 93 39 quam
294 2441 81 39 per
340 2441 151 39 aptissima
457 2441 128 39 operati
550 2441 116 39 potest
631 2441 58 39 &
654 2441 116 39 solet,
736 2441 163 39 felicemque
864 2441 70 39 ad
899 2441 116 39 exitum
969 2441 58 39 sua

229 2472 158 38 perducere
350 2472 146 38 consilia
460 2472 109 38 atque
533 2472 122 38 opera:
618 2472 85 38 Imo
666 2472 109 38 etiam
739 2472 122 38 absque
824 2472 109 38 ullis
885 2472 146 38 instrumen¬-

226 2510 83 40 tis
274 2510 167 40 quaecunque
405 2510 95 40 vult
465 2510 143 40 efficere
572 2510 119 40 potest
655 2510 60 40 &
679 2510 119 40 solet.
763 2510 167 40 Quapropter
882 2510 143 40 Josaphatur

226 2535 84 42 rex
274 2535 96 42 Juda
334 2535 144 42 laudatur
442 2535 96 42 quod
502 2535 132 42 etiamsi
598 2535 156 42 exercitus
719 2535 156 42 numerosus
839 2535 72 42 ei
875 2535 84 42 non
911 2535 120 42 deesset.

225 2571 117 32 tamen
303 2571 78 32 ad
342 2571 117 32 solum
420 2571 104 32 Deum
485 2571 156 32 confugit
602 2571 65 32 &
628 2571 104 32 opem
693 2571 104 32 ejus
758 2571 130 32 contra
849 2571 169 32 Moabitas,
966 2571 65 32 Am¬-

224 2601 144 41 monitas,
332 2601 144 41 Edomaeos
441 2601 60 41 &
465 2601 120 41 hostes
549 2601 108 41 alios
621 2601 180 41 imploravit,
765 2601 132 41 perinde
862 2601 72 41 ac
898 2601 72 41 si
922 2601 108 41 exerci¬-

226 2637 86 40 tum
275 2637 123 40 nullum
361 2637 135 40 haberet
460 2637 74 40 2.
497 2637 123 40 Chron.
583 2637 86 40 20.
632 2637 123 40 Contra
718 2637 86 40 Asa
767 2637 86 40 rex
817 2637 99 40 Juda
866 2637 160 40 vituperatur

220 2668 69 36 2.
254 2668 115 36 Chron.
334 2668 80 36 16.
380 2668 103 36 vers.
449 2668 80 36 12.
495 2668 92 36 quod
553 2668 138 36 fiduciam
656 2668 184 36 recuperandae
806 2668 172 36 valetudinis
944 2668 80 36 non
978 2668 46 36 i1

225 2698 98 40 Deo,
286 2698 85 40 sed
335 2698 73 40 in
371 2698 134 40 Medicis
469 2698 207 40 collocaverit,
640 2698 98 40 quum
701 2698 122 40 medici
786 2698 61 40 &
811 2698 134 40 remedia
908 2698 98 40 sint
957 2698 61 40 dum

225 2731 117 42 taxat
303 2731 195 42 instrumenta
459 2731 91 42 Dei
511 2731 78 42 ad
550 2731 195 42 valetudinem
706 2731 156 42 curandam
823 2731 65 42 &
836 2731 195 42 conservandam:

234 2759 84 48 sed
282 2759 179 48 valetudinis
425 2759 107 48 bonae
497 2759 131 48 autores
592 2759 60 48 &
616 2759 119 48 causae
700 2759 179 48 efficientes
843 2759 179 48 principales
974 2759 60 48 non

234 2789 89 38 sunt.

252 2808 119 59 Deinde
335 2808 179 59 simpliciter
478 2808 107 59 falsa
550 2808 83 59 est
597 2808 155 59 assumtio;
716 2808 83 59 Nam
764 2808 107 59 nulla
836 2808 119 59 nostra
919 2808 95 59 bona
966 2808 60 59 me¬-

232 2852 89 44 rita
288 2852 89 44 sunt
343 2852 89 44 vera
399 2852 123 44 salutis
488 2852 134 44 aeternae
588 2852 111 44 causa:
666 2852 89 44 quia
722 2852 123 44 proprie
811 2852 134 44 loquendo
912 2852 100 44 nulla
967 2852 56 44 ha¬-

240 2895 122 34 bemus,
325 2895 98 34 quum
386 2895 110 34 omnia
460 2895 98 34 bona
521 2895 110 34 opera
594 2895 171 34 quaecunque
729 2895 134 34 facimus
826 2895 98 34 sint
888 2895 134 34 debita.
973 2895 49 34 Ac

240 2917 97 47 dicet
305 2917 97 47 fides
369 2917 140 47 salvifica
477 2917 75 47 sit
519 2917 97 47 causa
584 2917 193 47 instrumentalis
745 2917 118 47 salutis
831 2917 129 47 nostrae:
928 2917 97 47 tamen
981 2917 54 47 non

239 2948 79 48 est
284 2948 102 48 causa
352 2948 124 48 proprie
442 2948 136 48 quatenus
544 2948 79 48 est
589 2948 90 48 opus
646 2948 113 48 bonum,
725 2948 79 48 sed
770 2948 147 48 improprie
883 2948 79 48 seu
917 2948 102 48 figura¬-

242 2978 65 63 te
275 2978 131 63 quatenus
373 2978 76 63 per
417 2978 98 63 illam
482 2978 175 63 intelligitur
624 2978 131 63 Christus
722 2978 120 63 salutis
810 2978 120 63 nostrae
897 2978 109 63 autor,
963 2978 65 63 quem

238 3008 99 43 fides
304 3008 177 43 apprehendit.

291 3041 141 63 Probatio
397 3041 176 63 assumtionis
538 3041 82 63 est
585 3041 129 63 prorsus
679 3041 164 63 blasphema,
808 3041 94 63 quia
855 3041 176 63 misericordiae

247 3060 78 66 Bei
292 3060 112 66 nostra
370 3060 90 66 bona
426 3060 112 66 merita
504 3060 123 66 aequat.

377 3116 160 69 Hucusque
497 3116 80 69 de
536 3116 146 69 fiducia
643 3116 80 69 in
683 3116 120 69 Deum:
763 3116 160 69 sequitur

1291 177 318 66 CAPT
1450 177 159 66 II

1312 233 88 67 In
1356 233 102 67 quo
1415 233 88 67 de
1459 233 102 67 spe
1517 233 88 67 in
1546 233 88 67 Deo.

1107 277 97 48 IPES
1167 277 72 48 IN
1203 277 97 48 DEO,
1264 277 84 48 est
1312 277 121 48 virtus
1396 277 60 48 a
1421 277 133 48 Spiritu
1517 277 121 48 Sancto
1602 277 145 48 cordibus
1710 277 133 48 nostris
1795 277 84 48 infu¬-

1076 317 100 57 Psa,
1138 317 100 57 quam
1200 317 125 57 futura
1288 317 162 57 beneficia
1412 317 100 57 Dei,
1475 317 162 57 in¬primis
1600 317 100 57 vero
1662 317 200 57 complementum
1812 317 62 57 in¬-

1115 358 138 40 choatae
1216 358 138 40 salutis
1316 358 63 40 &
1341 358 113 40 vitam
1416 358 150 40 aeternam
1529 358 125 40 gratis
1616 358 125 40 dandam
1704 358 138 40 propter
1791 358 88 40 Chri¬-

1067 378 106 46 stum,
1138 378 59 46 &
1161 378 188 46 mitigationem
1314 378 164 46 praesentis
1443 378 129 46 crucis,
1537 378 82 46 vel
1584 378 188 46 liberationem
1737 378 70 46 ab
1772 378 94 46 illa
1819 378 47 46 ju

1068 420 84 37 xta
1116 420 157 37 consilium
1237 420 96 37 Dei,
1297 420 169 37 indubitato
1430 420 181 37 exspectamus
1574 420 96 37 nixi
1635 420 133 37 divinis
1731 420 121 37 tantum
1804 420 72 37 gra¬-

1065 452 155 36 tuitisque
1184 452 215 36 promissionibus
1363 452 60 36 &
1387 452 131 36 meritis
1482 452 131 36 Christi
1578 452 155 36 gratiaque
1697 452 83 36 Dei
1745 452 72 36 in
1769 452 107 36 Christo

1079 488 71 42 per
1120 488 92 42 fidem
1181 488 71 42 jam
1222 488 163 42 apprehensis,
1354 488 61 42 1.
1385 488 92 42 Petr.
1446 488 61 42 1.
1477 488 61 42 v.
1507 488 71 42 13.
1548 488 92 42 Psal.
1609 488 71 42 40.
1650 488 61 42 v.
1681 488 61 42 2.
1712 488 92 42 Psal.
1773 488 71 42 52.
1814 488 61 42 v.
1834 488 51 42 11.

1071 517 89 45 Psal.
1130 517 79 45 N3o.
1179 517 89 45 vers.
1229 517 39 45 7.

1134 550 97 45 Spes
1194 550 73 45 in
1231 550 85 45 Deo
1279 550 85 45 est
1328 550 61 45 a
1352 550 109 45 nobis
1425 550 182 45 collocanda,
1570 550 73 45 ut
1606 550 157 45 sequentia
1728 550 157 45 argumenta
1837 550 48 45 o¬

1059 571 137 51 stendunt:

1097 606 69 45 I.
1131 606 92 45 Quia
1188 606 69 45 id
1222 606 92 45 Deus
1280 606 57 45 a
1303 606 103 45 nobis
1371 606 149 45 requirit,
1486 606 69 45 ut
1520 606 103 45 Psal.
1589 606 92 45 N3o.
1646 606 69 45 v.
1680 606 69 45 7.
1703 606 183 45 Exspectationem

1073 637 115 55 habeat
1153 637 80 55 seu
1199 637 115 55 speret
1279 637 115 55 Israel
1359 637 69 55 in
1393 637 126 55 Iehova.
1485 637 103 55 Psal.
1554 637 80 55 27.
1600 637 69 55 v.
1634 637 80 55 14.
1680 637 137 55 Exspecta
1771 637 115 55 Iehovam,

1068 685 179 41 confirmare,
1211 685 60 41 &
1235 685 191 41 fortificabit
1390 685 83 41 cor
1438 685 107 41 tuum:
1509 685 119 41 itaque
1592 685 143 41 exspecta
1688 685 107 41 Iehovam

1107 717 85 31 II.
1155 717 97 31 Quia
1216 717 97 31 spes
1276 717 73 31 in
1313 717 85 31 Deo
1361 717 157 31 collocata
1482 717 121 31 adfert
1567 717 121 31 ingens
1652 717 194 31 emolumentum,
1809 717 97 31 sic¬

1064 742 71 38 ut
1100 742 131 38 dicitur
1195 742 107 38 Jesa.
1266 742 83 38 40.
1314 742 71 38 v.
1350 742 83 38 30,
1397 742 83 38 31.
1445 742 202 38 Defetiscuntur
1611 742 119 38 quidem
1695 742 107 38 pueri
1766 742 59 38 &
1778 742 95 38 defati

1074 785 137 34 gantur,
1173 785 62 34 &
1198 785 137 34 juvenes
1298 785 137 34 prorsus
1397 785 174 34 impingunt:
1534 785 75 34 At
1572 785 199 34 exspectantes
1734 785 137 34 Iehovam
1821 785 62 34 mu¬-

1066 816 91 42 tant
1122 816 114 42 vires,
1202 816 159 42 adscendunt
1327 816 114 42 pennis
1407 816 102 42 velut
1475 816 136 42 aquilae:
1577 816 136 42 currunt,
1680 816 102 42 neque
1737 816 136 42 defatigan¬-

1072 842 90 40 tur,
1128 842 135 40 pergunt,
1229 842 78 40 nec
1274 842 202 40 defetiscuntur.

1103 870 106 43 III.
1169 870 106 43 Quia
1235 870 106 43 apud
1301 870 145 43 Jehovam
1407 870 92 43 est
1459 870 198 43 benignitas,
1618 870 66 43 &
1644 870 158 43 plurimum
1763 870 106 43 apud
1816 870 66 43 eum

1080 908 195 38 redemtionis
1236 908 65 38 &
1262 908 104 38 ipse
1327 908 143 38 redimet
1431 908 169 38 Ecclesiam
1562 908 78 38 ab
1601 908 143 38 omnibus
1692 908 195 38 iniquitatibus

1088 942 81 45 jus,
1138 942 91 45 Psal.
1199 942 81 45 N3o.
1249 942 61 45 v.
1280 942 61 45 7,
1300 942 40 45 8.

1113 973 84 38 IV.
1161 973 96 38 Quia
1221 973 143 38 auxilium
1328 973 131 38 nostrum
1423 973 60 38 &
1447 973 119 38 scutum
1531 973 131 38 nostrum
1626 973 96 38 est,
1686 973 107 38 Psal.
1758 973 84 38 33.
1805 973 72 38 v.
1829 973 60 38 20.

1079 1005 55 50 &
1101 1005 99 50 Psal.
1167 1005 77 50 25.
1211 1005 99 50 vers.
1276 1005 77 50 15.
1320 1005 99 50 Oculi
1386 1005 77 50 mei
1430 1005 121 50 jugiter
1517 1005 66 50 ad
1550 1005 121 50 Iehovam
1638 1005 164 50 respiciunt:
1769 1005 88 50 quia
1824 1005 88 50 ipse

1079 1041 107 43 educit
1154 1041 54 43 e
1176 1041 86 43 reti
1229 1041 96 43 pedes
1283 1041 75 43 meos.

1113 1069 70 39 V.
1148 1069 93 39 Quia
1207 1069 93 39 spes
1265 1069 70 39 in
1300 1069 82 39 Deo
1347 1069 82 39 non
1393 1069 163 39 pudefacit,
1522 1069 93 39 Rom.
1580 1069 70 39 5.
1615 1069 70 39 v.
1650 1069 70 39 5.
1685 1069 82 39 hoc
1732 1069 93 39 est,
1790 1069 82 39 non
1825 1069 70 39 fru¬-

1080 1098 141 46 stratur
1182 1098 179 46 sperantes;
1323 1098 89 46 Nam
1374 1098 217 46 frustrationem
1553 1098 115 46 pudor
1630 1098 128 46 semper
1706 1098 179 46 consequitur:

1090 1138 111 41 Solent
1168 1138 89 41 enim
1224 1138 78 41 qui
1268 1138 78 41 sua
1313 1138 78 41 spe
1357 1138 178 41 frustrantur,
1502 1138 89 41 quum
1558 1138 78 41 res
1602 1138 100 41 longe
1669 1138 111 41 aliter
1747 1138 167 41 acciderint,

1080 1175 96 37 quam
1140 1175 168 37 speratant,
1272 1175 120 37 pudore
1356 1175 156 37 suffundi.
1476 1175 84 37 Sic
1523 1175 156 37 metonymia
1643 1175 132 37 effecti
1739 1175 132 37 ponitur
1823 1175 60 37 pu¬-

1090 1202 131 41 defactio
1188 1202 76 41 pro
1232 1202 186 41 frustratione.
1385 1202 98 41 Psal.
1450 1202 76 41 42.
1494 1202 66 41 v.
1527 1202 76 41 12.
1570 1202 55 41 &
1592 1202 76 41 43.
1636 1202 66 41 v.
1669 1202 66 41 5.
1701 1202 98 41 Spera
1767 1202 66 41 in
1800 1202 87 41 Deo:
1843 1202 55 41 Nam

1086 1235 119 52 adhuc
1165 1235 211 52 celebraturus
1336 1235 92 52 sum
1389 1235 105 52 eum,
1455 1235 171 52 omnimodam
1586 1235 145 52 salutem
1692 1235 132 52 faciei
1784 1235 119 52 meae,
1850 1235 40 52 &

1082 1272 126 40 Deum
1145 1272 110 40 meum.

1143 1290 85 47 VI.
1192 1290 97 47 Quia
1252 1290 97 47 spem
1313 1290 73 47 in
1350 1290 85 47 Deo
1399 1290 61 47 &
1423 1290 97 47 alij
1484 1290 122 47 sancti
1569 1290 158 47 posuerunt
1691 1290 61 47 &
1715 1290 158 47 pudefacti
1825 1290 61 47 non

1085 1332 103 38 sunt,
1153 1332 114 38 quorum
1233 1332 137 38 exemplum
1336 1332 80 38 nos
1382 1332 126 38 imitari
1474 1332 114 38 decet,
1554 1332 103 38 Jesa.
1623 1332 80 38 33.
1668 1332 69 38 v.
1703 1332 69 38 2.
1737 1332 126 38 Iehova,
1817 1332 69 38 gra¬-

1085 1369 91 41 tiam
1142 1369 80 41 fac
1187 1369 114 41 nobis,
1268 1369 69 41 te
1302 1369 183 41 exspectamus.
1450 1369 80 41 Ita
1496 1369 137 41 exemplum
1599 1369 80 41 est
1645 1369 69 41 in
1679 1369 126 41 Davide,
1771 1369 103 41 Psal.
1828 1369 57 41 ao¬-

1071 1400 97 42 vers.
1125 1400 43 42 2.

1107 1431 102 37 Spei
1171 1431 76 37 in
1209 1431 89 37 Deo
1260 1431 114 37 causa
1336 1431 165 37 efficiens
1463 1431 152 37 princeps
1577 1431 89 37 est
1628 1431 102 37 Deus
1691 1431 140 37 bonorum
1780 1431 114 37 omnium.

1076 1463 143 36 largitor:
1186 1463 99 36 sicut
1252 1463 121 36 dicitur
1340 1463 66 36 1.
1373 1463 99 36 Petr.
1439 1463 66 36 1.
1472 1463 88 36 ver.
1528 1463 66 36 3.
1561 1463 154 36 Benedictus
1682 1463 88 36 esto
1737 1463 88 36 Deus
1792 1463 55 36 &
1803 1463 88 36 Pater.

1087 1495 118 38 Domini
1170 1495 118 38 nostri
1252 1495 94 38 Iesu
1311 1495 141 38 Christi,
1417 1495 82 38 qui
1464 1495 71 38 ex
1499 1495 106 38 multa
1570 1495 82 38 sua
1617 1495 188 38 misericordia
1770 1495 153 38 regenuit.

1076 1530 85 45 nos
1125 1530 73 45 in
1161 1530 97 45 spem
1210 1530 97 45 vivam.

1117 1563 100 40 Causa
1183 1563 199 40 instrumentalis
1349 1563 89 40 ejus
1405 1563 78 40 est
1449 1563 100 40 fides
1516 1563 144 40 salvifica
1626 1563 66 40 ex
1659 1563 78 40 qua
1704 1563 144 40 nascitue,
1803 1563 89 40 dicen¬-

1080 1593 66 40 te
1113 1593 133 40 Apostolo
1213 1593 100 40 Hebr.
1279 1593 77 40 11.
1323 1593 66 40 v.
1357 1593 66 40 1.
1390 1593 100 40 Fides
1456 1593 77 40 est
1501 1593 155 40 hypostasis
1622 1593 77 40 seu
1667 1593 177 40 subsistentia
1799 1593 89 40 eorum.

1087 1628 94 45 quae
1146 1628 164 45 sperantur,
1275 1628 70 45 id
1310 1628 94 45 est,
1368 1628 82 45 est
1415 1628 176 45 fundamentum
1555 1628 105 45 sper.
1626 1628 94 45 Ideo
1684 1628 94 45 enim
1743 1628 117 45 futura
1813 1628 70 45 bona

1084 1665 143 37 speramus
1191 1665 60 37 &
1215 1665 83 37 per
1263 1665 155 37 patientia
1382 1665 167 37 constanter
1513 1665 191 37 exspectamus,
1668 1665 95 37 quia
1728 1665 131 37 divinis
1811 1665 72 37 pro¬-

1082 1698 181 33 missionibus
1227 1698 169 33 credinius.
1360 1698 109 33 Causa
1432 1698 157 33 impellens
1553 1698 72 33 ad
1589 1698 85 33 eam
1637 1698 97 33 sunt
1698 1698 157 33 beneficia
1806 1698 85 33 antea

1082 1726 60 43 a
1106 1726 84 43 Deo
1142 1726 120 43 accepta.

1118 1763 108 32 Finis
1190 1763 96 32 sper
1250 1763 120 32 summus
1334 1763 84 32 est
1382 1763 120 32 gloria
1466 1763 84 32 Dei
1514 1763 72 32 in
1549 1763 84 32 quo
1597 1763 84 32 spe
1645 1763 144 32 ponimus:
1741 1763 156 32 subalternus

1080 1795 76 39 est
1123 1795 141 39 beatitudo
1232 1795 54 39 &
1253 1795 97 39 salus
1318 1795 119 39 aeterna
1405 1795 141 39 fidelium,
1513 1795 65 39 ut
1546 1795 119 39 dicitur
1632 1795 97 39 Jesa.
1697 1795 76 39 30.
1740 1795 87 39 ver.
1795 1795 76 39 18.
1827 1795 65 39 Deus

1088 1825 96 48 uris
1148 1825 84 48 est
1196 1825 132 48 Iehova,
1292 1825 108 48 beati
1365 1825 108 48 omnes
1437 1825 84 48 qui
1485 1825 168 48 exspectant
1617 1825 96 48 eum.
1677 1825 96 48 Unde
1738 1825 96 48 spes
1786 1825 108 48 salutis

1081 1859 78 35 est
1126 1859 101 35 galea
1193 1859 78 35 qua
1237 1859 123 35 munimur
1327 1859 134 35 adversus
1427 1859 123 35 hostes,
1517 1859 67 35 I.
1550 1859 101 35 Thes.
1617 1859 67 35 5.
1651 1859 67 35 v.
1673 1859 45 35 8.

1131 1885 131 41 Effecta
1226 1885 95 41 spei
1285 1885 107 41 multa
1357 1885 107 41 sunt:
1428 1885 83 41 nam
1475 1885 95 41 spes
1535 1885 71 41 in
1570 1885 83 41 Deo
1618 1885 154 41 collocata
1737 1885 119 41 reddit
1808 1885 71 41 homi

1077 1923 87 35 nem
1126 1923 112 35 magis
1201 1923 74 35 ac
1238 1923 112 35 magis
1312 1923 112 35 pium:
1386 1923 136 35 efficit
1486 1923 74 35 ut
1523 1923 99 35 homo
1585 1923 74 35 de
1622 1923 74 35 se
1659 1923 161 35 humiliter
1770 1923 112 35 sentiat

1077 1951 104 44 totus
1147 1951 104 44 autem
1216 1951 58 44 a
1239 1951 81 44 Deo
1286 1951 139 44 pendeat:
1390 1951 127 44 efficit
1483 1951 69 44 ut
1517 1951 104 44 nihil
1587 1951 93 44 suis
1645 1951 150 44 operibus,
1760 1951 81 44 sed
1795 1951 81 44 omni¬-

1084 1986 145 46 gratuitae
1195 1986 134 46 bonitati
1295 1986 134 46 tribuat:
1395 1986 122 46 efficit
1484 1986 67 46 ut
1518 1986 89 46 homo
1573 1986 111 46 certus
1651 1986 78 46 sit
1696 1986 67 46 de
1729 1986 122 46 futuris
1807 1986 78 46 bonis

1093 2022 85 37 per
1142 2022 110 37 solam
1215 2022 85 37 Dei
1263 2022 207 37 misericordiam
1434 2022 61 37 &
1458 2022 134 37 propter
1556 2022 134 37 meritum
1653 2022 134 37 Christi
1739 2022 146 37 consequen¬-

1087 2046 91 44 dis;
1143 2046 125 44 efficit
1234 2046 68 44 ut
1268 2046 102 44 forti
1336 2046 102 44 animo
1404 2046 125 44 feramus
1494 2046 125 44 adversa
1585 2046 102 44 omnia
1653 2046 57 44 &
1675 2046 158 44 constanter
1788 2046 91 44 perse¬-

1088 2083 143 40 veremus
1192 2083 78 40 in
1231 2083 143 40 officio
1335 2083 91 40 tum
1387 2083 104 40 erga
1452 2083 117 40 Deum,
1531 2083 91 40 tum
1583 2083 104 40 erga
1648 2083 156 40 proximum
1752 2083 130 40 faciendo

1071 2122 135 40 efficit
1169 2122 110 40 bonum
1242 2122 86 40 eum
1291 2122 86 40 qui
1340 2122 110 40 illam
1414 2122 123 40 habet,
1500 2122 61 40 &
1524 2122 110 40 opera
1598 2122 98 40 ejus
1659 2122 110 40 bona:
1733 2122 135 40 efficit
1818 2122 74 40 gau¬-

1071 2155 94 33 dium
1130 2155 70 33 in
1165 2155 117 33 mediis
1247 2155 223 33 afflictionibus,
1435 2155 94 33 Rom.
1493 2155 82 33 12.
1540 2155 70 33 v.
1563 2155 59 33 12.

1107 2174 89 46 Spei
1163 2174 167 46 Christianae
1297 2174 145 46 subjectum
1408 2174 56 46 &
1430 2174 89 46 sunt
1486 2174 167 46 Christiani,
1620 2174 100 46 iique
1687 2174 100 46 soli.
1754 2174 67 46 Ut
1788 2174 89 46 enim
1832 2174 56 46 fi¬-

1080 2210 82 39 des
1127 2210 151 39 salvifica
1243 2210 82 39 est
1290 2210 116 39 tantum
1372 2210 128 39 verorum
1465 2210 210 39 Christianorum:
1639 2210 82 39 ita
1686 2210 105 39 etiam
1756 2210 93 39 spes
1802 2210 82 39 Chri¬-

1080 2244 127 41 stiana;
1173 2244 93 41 vnde
1231 2244 93 41 spes
1289 2244 116 41 piorum
1370 2244 139 41 dicitur:
1474 2244 104 41 idque
1544 2244 81 41 tum
1590 2244 151 41 viventium
1706 2244 104 41 adhuc
1775 2244 69 41 in
1798 2244 93 41 terra,

1092 2284 122 31 quibus
1177 2284 97 31 spes
1238 2284 182 31 simpliciter
1384 2284 170 31 tribuitur:
1517 2284 85 31 tum
1566 2284 109 31 etiam
1639 2284 158 31 sanctorum
1748 2284 134 31 defuncto¬-

1086 2311 78 42 um
1125 2311 65 42 &
1151 2311 91 42 jam
1203 2311 91 42 quo
1254 2311 78 42 ad
1293 2311 130 42 animas
1384 2311 78 42 in
1423 2311 130 42 coelum
1513 2311 220 42 translatorum,
1695 2311 104 42 spem
1759 2311 117 42 tamen
1824 2311 52 42 ad

1078 2342 87 40 huc
1127 2342 137 40 aliquam
1227 2342 174 40 habentium:
1363 2342 87 40 nam
1413 2342 137 40 sperant
1512 2342 62 40 &
1537 2342 174 40 exspectant
1674 2342 137 40 futuram
1761 2342 124 40 resurre¬-

1080 2376 142 43 ctionem
1184 2376 65 43 &
1210 2376 142 43 gloriam
1313 2376 155 43 corporum
1430 2376 142 43 suorum,
1533 2376 142 43 sperant
1637 2376 220 43 conjunctionem
1805 2376 78 43 uni¬-

1084 2413 160 36 versalem
1204 2413 134 36 omnium
1297 2413 174 36 sanctorum
1431 2413 67 36 &
1458 2413 160 36 supremam
1578 2413 147 36 gloriae
1685 2413 93 36 Dei
1725 2413 160 36 manifesta¬-

1073 2438 123 42 tionem,
1162 2438 90 42 quam
1219 2438 135 42 credunt,
1319 2438 101 42 sicut
1387 2438 101 42 Hebr.
1454 2438 78 42 11.
1499 2438 67 42 v.
1532 2438 67 42 1.
1566 2438 101 42 fides
1633 2438 123 42 dicitur
1723 2438 135 42 ὑπυςασις
1813 2438 67 42 τῳίο

1086 2472 177 37 λπιζομδμων:
1228 2472 83 37 Quo
1275 2472 142 37 pertinet
1381 2472 94 37 quod
1440 2472 130 37 legitur
1535 2472 130 37 Apocal.
1629 2472 71 37 6.
1665 2472 71 37 v.
1700 2472 71 37 9,
1736 2472 83 37 10,
1783 2472 83 37 11.
1818 2472 71 37 Quum

1077 2509 94 34 vero
1136 2509 164 34 aperuisset
1265 2509 140 34 sigillum
1370 2509 140 34 quintum,
1475 2509 94 34 vidi
1534 2509 82 34 sub
1581 2509 117 34 altari
1663 2509 117 34 animas
1745 2509 105 34 eorum
1815 2509 94 34 qui¬

1079 2539 140 36 mactati
1181 2539 140 36 fuerant
1282 2539 140 36 propter
1384 2539 127 36 verbum
1473 2539 102 36 Dei,
1536 2539 63 36 &
1562 2539 140 36 propter
1663 2539 190 36 testimonium
1803 2539 76 36 quod

1077 2572 184 36 tuebantur.
1222 2572 171 36 Clamabant
1353 2572 119 36 autem
1432 2572 105 36 voce
1498 2572 119 36 magna
1577 2572 171 36 dicentes,
1709 2572 158 36 Usquequo
1814 2572 66 36 Do¬-

1071 2600 109 38 mine,
1144 2600 85 38 qui
1192 2600 134 38 sanctus
1289 2600 73 38 es
1326 2600 61 38 &
1350 2600 121 38 verax,
1435 2600 85 38 non
1484 2600 134 38 judicas
1581 2600 73 38 ac
1617 2600 146 38 sanguine
1726 2600 134 38 nostrum
1811 2600 73 38 vin¬-

1076 2639 112 37 dicas,
1154 2639 78 37 eum
1199 2639 157 37 reposcendo
1322 2639 67 37 ab
1356 2639 78 37 iis
1401 2639 78 37 qui
1445 2639 134 37 habitant
1546 2639 67 37 in
1580 2639 112 37 terra?
1658 2639 78 37 Tum
1703 2639 101 37 datae
1770 2639 90 37 sunt
1815 2639 67 37 sin¬-

1070 2676 107 37 gulis
1142 2676 119 37 stolae
1225 2676 119 37 albae,
1308 2676 60 37 &
1332 2676 119 37 dictum
1416 2676 83 37 est
1463 2676 95 37 eis,
1523 2676 71 37 ut
1558 2676 203 37 requiescerent
1725 2676 107 37 adhuc
1785 2676 107 37 palulum

1080 2700 158 50 temporis,
1202 2700 146 50 usquequo
1311 2700 183 50 compleantur
1458 2700 110 50 etiam
1531 2700 146 50 conversi
1640 2700 110 50 eorum
1713 2700 61 50 &
1738 2700 134 50 fratres
1823 2700 61 50 eo¬-

1078 2733 91 41 rum,
1134 2733 79 41 qui
1180 2733 159 41 trucidandi
1305 2733 91 41 sunt
1361 2733 102 41 sicut
1429 2733 57 41 &
1452 2733 91 41 ipsi

1095 2764 152 45 Subjectum
1212 2764 94 45 ejus
1271 2764 152 45 recipiens
1388 2764 140 45 proximum
1493 2764 82 45 est
1540 2764 94 45 cor,
1598 2764 70 45 ut
1633 2764 152 45 Scriptura
1750 2764 152 45 loquitur,

1091 2797 73 40 uod
1132 2797 73 40 est
1174 2797 93 40 sedes
1236 2797 145 40 affectuum,
1350 2797 73 40 non
1391 2797 145 40 sensitivae
1505 2797 114 40 partis,
1588 2797 73 40 sed
1629 2797 186 40 intellectivae,
1785 2797 73 40 hoc
1816 2797 62 40 est;

1072 2840 135 35 voluntas
1173 2840 101 35 ipsa,
1240 2840 90 35 quae
1296 2840 56 35 &
1319 2840 146 35 appetitus
1431 2840 112 35 mentis
1509 2840 157 35 appellatur

1099 2861 95 38 Spei
1159 2861 107 38 locus
1230 2861 178 38 simpliciter
1372 2861 83 38 est
1420 2861 71 38 in
1455 2861 107 38 terra
1527 2861 166 38 viventibus
1657 2861 107 38 adhuc
1729 2861 107 38 anima
1800 2861 59 38 &
1812 2861 71 38 cor¬-

1081 2899 107 38 pore:
1153 2899 72 38 in
1188 2899 107 38 coelo
1260 2899 143 38 secundum
1367 2899 95 38 quid
1427 2899 143 38 animabus
1534 2899 143 38 justorum
1641 2899 179 38 sperantibus
1773 2899 95 38 extre¬-

1066 2927 97 49 mum
1122 2927 222 49 complementum
1302 2927 222 49 promissionum
1482 2927 194 49 divinarum:
1634 2927 208 49 complemento
1787 2927 83 49 ille

1080 2962 151 41 praestito
1197 2962 116 41 nullus
1278 2962 70 41 in
1313 2962 105 41 coelo
1383 2962 140 41 deinceps
1488 2962 93 41 spei
1546 2962 105 41 locus
1615 2962 105 41 erit.
1685 2962 70 41 In
1720 2962 128 41 inferno
1802 2962 81 41 autem

1071 2992 145 49 damnatis
1180 2992 109 49 neque
1253 2992 85 49 jam
1301 2992 109 49 neque
1374 2992 145 49 deinceps
1483 2992 73 49 in
1519 2992 145 49 aeternum
1628 2992 121 49 ullius
1713 2992 97 49 boni
1774 2992 97 49 spes
1822 2992 61 49 est

1069 3028 76 44 erit
1107 3028 48 44 ve¬-

1120 3048 143 55 Subjecta
1227 3048 119 55 quibus
1311 3048 131 55 tanquam
1406 3048 131 55 fulcris
1502 3048 95 55 spes
1561 3048 119 55 piorum
1645 3048 143 55 nititur,
1752 3048 95 55 tria
1812 3048 107 55 sunt:
1871 3048 36 55 S

1064 3091 201 47 promissienes
1228 3091 88 47 Dei
1278 3091 176 47 gratuitae:
1417 3091 126 47 gratia
1505 3091 88 47 Dei
1555 3091 75 47 in
1593 3091 151 47 Christo:
1706 3091 63 47 &
1731 3091 138 47 meritum
1819 3091 88 47 Chri¬-

1064 3126 94 39 sti.
1123 3126 187 39 Synecdochice
1275 3126 140 39 Christus
1380 3126 94 39 fide
1438 3126 94 39 vera
1497 3126 175 39 apprehensus
1637 3126 82 39 est
1684 3126 117 39 totius
1766 3126 94 39 spei
1813 3126 58 39 no¬-

1069 3159 109 35 strae
1141 3159 145 35 immobile
1250 3159 193 35 fundamentum,
1407 3159 84 35 quo
1455 3159 96 35 niti
1515 3159 145 35 firmiter
1624 3159 145 35 possumus
1732 3159 60 35 &
1744 3159 133 35 inchoatae
