2063 3386
205 187 78 47 rie
250 187 123 47 cupidi.
339 187 101 47 Phil.
407 187 67 47 2.
440 187 67 47 v.
474 187 67 47 3.
507 187 101 47 Nihil
575 187 135 47 gerentes
676 187 78 47 per
721 187 179 47 contentionem
866 187 78 47 aut
911 187 78 47 per
945 187 67 47 ina-

194 218 80 48 nem
239 218 137 48 gloriam.
342 218 69 48 I.
377 218 137 48 Thessal.
480 218 69 48 2.
514 218 92 48 ver.
571 218 69 48 6.
606 218 103 48 Neque
674 218 69 48 ex
708 218 149 48 hominibus
823 218 160 48 quaerentes
937 218 69 48 glo

190 266 85 36 riam.

243 275 72 54 X.
279 275 96 54 Quia
339 275 96 54 ejus
399 275 132 54 studium
494 275 132 54 excitat
590 275 144 54 invidiam
698 275 132 54 mutuam,
794 275 96 54 Gal.
853 275 72 54 5.
889 275 96 54 ver.
937 275 60 54 26.

205 313 65 49 Ne
238 313 98 49 simus
303 313 109 49 inanis
379 313 120 49 gloriae
466 313 120 49 cupidi,
553 313 87 49 alij
608 313 98 49 alios
673 313 174 49 provocantes,
814 313 87 49 alij
869 313 98 49 aliis
923 313 76 49 invi

199 358 89 38 dentes

247 373 90 54 XI.
299 373 103 54 Quia
363 373 142 54 gloriae
466 373 167 54 cupiditas
595 373 90 54 est
646 373 155 54 communis
762 373 129 54 homini
852 373 90 54 cum
891 373 116 54 brutis.

209 407 82 49 Nam
256 407 105 49 nonne
326 407 70 49 in
361 407 105 49 equis
431 407 210 49 deprehenditur,
607 407 82 49 cum
653 407 140 49 victores
759 407 164 49 exsultant,
887 407 105 49 victi
946 407 58 49 do-

213 438 107 52 lent?
285 438 119 52 Tantus
368 438 96 52 amor
428 438 131 52 laudum,
523 438 119 52 tantae
607 438 84 52 est
655 438 143 52 victoria
762 438 119 52 curae.
846 438 84 52 Nec
882 438 119 52 immerito

217 477 116 44 summus
298 477 104 44 Poeta
368 477 174 44 experiundum
507 477 93 44 esse
564 477 93 44 ait;
622 477 69 44 Et
657 477 93 44 quis
715 477 116 44 cuique
796 477 104 44 dolor
865 477 116 44 victo,
935 477 69 44 quae

214 520 108 46 gloria
279 520 97 46 palmae.

238 532 107 54 XII.
305 532 107 54 Quia
372 532 81 54 in
412 532 148 54 hominum
520 532 134 54 tantum
614 532 161 54 opinione
734 532 67 54 &
761 532 148 54 aliorum
855 532 148 54 existima-

208 579 99 50 tione
274 579 99 50 atque
340 579 132 50 arbitrio
440 579 110 50 posita
506 579 66 50 est.

252 597 139 56 Neque
344 597 185 56 VOLUPTAS
483 597 154 56 CARNIS
590 597 108 56 est
652 597 154 56 summum
760 597 169 56 hominis
868 597 123 56 bonum:

246 634 68 49 I.
280 634 91 49 Quia
336 634 79 49 est
381 634 136 49 vanitas,
483 634 181 49 Ecclesiastae
631 634 68 49 2.
664 634 68 49 1.
698 634 91 49 Dixi
755 634 79 49 ego
800 634 79 49 cum
846 634 102 49 animo
913 634 91 49 meo,
959 634 45 49 a-

211 667 108 61 gedum,
287 667 108 61 probem
363 667 65 61 te
396 667 130 61 letitia,
493 667 119 61 friuere
580 667 108 61 igitur
656 667 98 61 bono,
721 667 76 61 sed
764 667 98 61 ecce,
829 667 98 61 etiam
895 667 98 61 illud
949 667 54 61 est

209 718 114 42 vanitas.

241 726 78 60 II.
286 726 90 60 Quia
342 726 78 60 est
386 726 90 60 mera
442 726 134 60 insania,
543 726 179 60 Ecclesiastis
688 726 67 60 2.
722 726 90 60 ver.
778 726 67 60 2.
812 726 67 60 De
845 726 90 60 risu
901 726 101 60 dico,
957 726 56 60 in-

207 778 103 49 sanus
264 778 68 49 est.

249 796 89 53 III.
305 796 89 53 Quia
360 796 100 53 nihil
427 796 156 53 emolumenti
549 796 122 53 adfert,
639 796 178 53 Ecclesiastis
783 796 67 53 2.
817 796 67 53 v.
850 796 67 53 2.
884 796 67 53 Et
917 796 67 53 de
939 796 67 53 lae-

213 842 98 49 titia
278 842 108 49 (dico)
354 842 108 49 ecquid
430 842 87 49 ista
473 842 87 49 facit?

249 868 87 47 IV.
298 868 100 47 Quia
361 868 100 47 illa
423 868 75 47 ne
460 868 112 47 Reges
535 868 125 47 quidem
622 868 125 47 beatos
709 868 149 47 efficit,
821 868 75 47 ut
859 868 137 47 exemplo
946 868 62 47 suo

215 900 128 47 Salomon
308 900 116 47 docet,
390 900 186 47 Ecclesiastis
541 900 70 47 2.
576 900 93 47 ver.
634 900 70 47 3.
669 900 58 47 &
692 900 105 47 seqq.
762 900 151 47 Exploravi
878 900 105 47 animo
936 900 70 47 meo,

216 937 195 41 continuando
372 937 182 41 potationem
515 937 78 41 in
554 937 117 41 carne
632 937 104 41 mea:
697 937 117 41 idque
775 937 130 41 animum
866 937 104 41 meum
918 937 104 41 ducens

220 966 70 46 in
255 966 151 46 supientia
371 966 93 46 ipsa
429 966 151 46 exploravi
546 966 174 46 amplectendo
685 966 197 46 stoliditatem,
847 966 139 46 usquedum
952 966 81 46 vi

223 996 102 47 derem
291 996 102 47 utrum
359 996 79 47 hoc
404 996 102 47 bonum
472 996 79 47 sit
517 996 113 47 filiis
597 996 136 47 hominum,
699 996 91 47 quod
755 996 125 47 facturi
846 996 91 47 sint
903 996 79 47 sub
948 996 91 47 cae

220 1028 80 50 lis
265 1028 114 50 numero
345 1028 114 50 dierum
425 1028 102 50 vitae
493 1028 102 50 suae.
561 1028 114 50 Maxima
641 1028 102 50 opera
709 1028 102 50 feci,
777 1028 159 50 aedificavi
903 1028 91 50 mihi
948 1028 57 50 do-

220 1063 95 48 mos,
280 1063 143 48 plantavi
386 1063 95 48 mihi
446 1063 131 48 vineas:
541 1063 119 48 Paravi
624 1063 95 48 mihi
683 1063 119 48 hortos
766 1063 59 48 &
790 1063 143 48 pomaria,
897 1063 71 48 in
933 1063 95 48 qui

230 1103 80 43 bus
275 1103 125 43 consevs
366 1103 125 43 arbores
457 1103 125 43 quasque
548 1103 182 43 fructiferas:
697 1103 114 43 Paravi
776 1103 91 43 mihi
833 1103 137 43 piscinas
924 1103 80 43 aqua-

218 1137 97 41 rum,
278 1137 73 41 ad
315 1137 170 41 irrigandum
448 1137 109 41 illis
521 1137 109 41 nemus
593 1137 109 41 ferax
654 1137 121 41 arborum.

243 1156 71 48 V.
279 1156 95 48 Quia
338 1156 83 48 est
385 1156 130 48 pabulum
480 1156 106 48 venti
551 1156 83 48 seu
598 1156 142 48 depastio
704 1156 118 48 animi,
787 1156 189 48 Ecclesiastis
941 1156 71 48 2.
965 1156 47 48 v.

219 1194 88 48 II.
270 1194 101 48 Quum
333 1194 113 48 autem
408 1194 151 48 quicquid
522 1194 202 48 expetiverant
685 1194 113 48 oculi
761 1194 88 48 mei
811 1194 88 48 non
849 1194 164 48 seposuissem

229 1235 74 43 ab
266 1235 99 43 eis:
327 1235 86 43 non
377 1235 185 43 cohibuissem
525 1235 123 43 animum
611 1235 99 43 meum
673 1235 74 43 ab
710 1235 99 43 ulla
772 1235 148 43 latitia;
883 1235 86 43 sed
920 1235 99 43 animus

226 1268 96 44 meus
286 1268 155 44 lataretur
405 1268 72 44 ex
441 1268 96 44 omni
501 1268 120 44 labore
585 1268 96 44 meo,
644 1268 60 44 &
668 1268 84 44 hoc
716 1268 155 44 cessisset
836 1268 72 44 in
872 1268 120 44 partem
943 1268 72 44 meum

219 1299 71 47 ex
255 1299 95 47 omni
314 1299 118 47 labore
397 1299 95 47 meo,
444 1299 59 47 &c.

265 1323 83 45 VI.
313 1323 95 45 Quia
372 1323 72 45 in
408 1323 72 45 ea
444 1323 119 45 animus
527 1323 191 45 conquiescere
682 1323 83 45 non
730 1323 119 45 potest
813 1323 83 45 nec
861 1323 119 45 debet,
944 1323 83 45 Ec

229 1356 157 52 clesiastis
352 1356 67 52 2.
386 1356 67 52 v.
419 1356 78 52 12.
464 1356 123 52 Respexi
554 1356 78 52 ego
598 1356 67 52 ad
632 1356 101 52 omnia
699 1356 101 52 opera
767 1356 78 52 mea
811 1356 90 52 quae
867 1356 134 52 fecerant
957 1356 56 52 mu-

228 1391 83 48 nus
275 1391 106 48 meae:
346 1391 59 48 &
370 1391 71 48 ad
405 1391 130 48 laborem
500 1391 95 48 quem
559 1391 71 48 Ia
595 1391 118 48 oriose
677 1391 142 48 feceram:
784 1391 95 48 ecce
843 1391 118 48 autem,
925 1391 95 48 ista
973 1391 47 48 o-

227 1425 94 42 mnia
286 1425 94 42 sunt
345 1425 129 42 vanitas
438 1425 59 42 &
462 1425 152 42 afflictio
579 1425 152 42 spiritus,
696 1425 70 42 vt
732 1425 82 42 non
778 1425 82 42 est
825 1425 176 42 emolumentum
954 1425 59 42 sub

234 1456 92 41 Sole.
295 1456 61 41 1.
326 1456 113 41 Corint.
408 1456 61 41 7.
439 1456 61 41 v.
469 1456 61 41 2.
510 1456 72 41 29,
551 1456 72 41 30,
592 1456 72 41 31.
633 1456 72 41 Qui
674 1456 102 41 habent
746 1456 113 41 uxores,
828 1456 82 41 sint
879 1456 61 41 ut
909 1456 72 41 non
940 1456 82 41 haben-

226 1486 97 50 tes:
287 1486 61 50 &
311 1486 85 50 qui
359 1486 146 50 gaudent,
469 1486 73 50 ut
505 1486 97 50 non,
566 1486 170 50 gaudentes:
699 1486 61 50 &
724 1486 85 50 qui
772 1486 121 50 emunt,
857 1486 73 50 ut
894 1486 85 50 non
930 1486 85 50 obti-

231 1520 132 44 nentes.
327 1520 72 44 Et
363 1520 84 44 qui
411 1520 132 44 utimtur
506 1520 84 44 hoc
554 1520 120 44 mundo,
638 1520 72 44 ut
674 1520 84 44 non
722 1520 168 44 abutentes:
853 1520 156 44 praeterit
961 1520 72 44 enim

218 1557 145 43 hubitus
323 1557 118 43 hujus
389 1557 105 43 mundi.

266 1587 103 46 VII.
331 1587 103 46 Quia
395 1587 90 46 non
447 1587 90 46 est
498 1587 142 46 hominis
601 1587 155 46 propria,
717 1587 90 46 sed
769 1587 155 46 communis
885 1587 90 46 est
937 1587 77 46 ei
963 1587 64 46 cum

219 1625 138 39 caeteris
311 1625 150 39 animalibus.

261 1653 115 45 VIII.
338 1653 102 45 Quia
402 1653 90 45 est
453 1653 141 45 brevis.
555 1653 128 45 Summum
645 1653 115 45 autem
722 1653 115 45 bonum
799 1653 141 45 necesse
901 1653 90 45 est
939 1653 77 45 sem-

239 1686 124 52 piternum
322 1686 73 52 esse.

264 1716 89 47 IX.
315 1716 102 47 Quia
379 1716 89 47 non
430 1716 115 47 sinit
506 1716 115 47 semen
582 1716 115 47 Verbi
659 1716 89 47 Dei
710 1716 140 47 radices
812 1716 76 47 in
850 1716 115 47 corde
926 1716 115 47 agere
990 1716 38 47 &

231 1750 132 44 fructum
327 1750 144 44 proferre
435 1750 84 44 Deo
483 1750 132 44 gratum,
580 1750 96 44 Luc.
640 1750 72 44 9.
676 1750 72 44 v.
700 1750 60 44 24.

267 1782 70 40 X.
302 1782 93 40 Quia
360 1782 116 40 animum
441 1782 151 40 deprimit,
557 1782 70 40 ne
592 1782 70 40 se
627 1782 70 40 ad
661 1782 93 40 Deum
719 1782 151 40 attollat,
835 1782 70 40 1.
870 1782 93 40 Pet.
928 1782 70 40 2.
951 1782 58 40 11.

235 1819 173 39 abstineatis
374 1819 58 39 a
397 1819 115 39 carnis
477 1819 207 39 cupiditatibus,
650 1819 92 39 quae
707 1819 138 39 militant
811 1819 104 39 adver
880 1819 81 39 sus
914 1819 104 39 animam.

284 1853 99 40 Imo
341 1853 128 40 neque
426 1853 170 40 VOLUPTAS
553 1853 99 40 CUM
610 1853 184 40 SAPIENTIA
752 1853 184 40 copulata,
893 1853 99 40 est
936 1853 85 40 sum-

228 1883 102 47 mum
287 1883 160 47 hominis
389 1883 116 47 bonum.

262 1907 68 52 I.
296 1907 91 52 Quia
353 1907 80 52 sic
398 1907 102 52 etiam
466 1907 125 52 vanitas
546 1907 68 52 est.

268 1940 84 51 II.
316 1940 96 51 Quia
376 1940 72 51 ne
412 1940 120 51 quidem
496 1940 96 51 ista
556 1940 156 51 conjuncta
677 1940 108 51 animi
749 1940 228 51 tranquillitatem
929 1940 84 51 affe-

236 1980 101 41 tunt,
303 1980 67 41 ut
337 1980 124 41 exemplo
427 1980 79 41 suo
472 1980 101 41 docet
539 1980 135 41 Salomon,
641 1980 180 41 Ecclesiastis
787 1980 67 41 2.
821 1980 90 41 ver.
877 1980 67 41 3.
899 1980 124 41 Exploravi

230 2012 108 38 animo
302 2012 96 38 meo,
362 2012 180 38 continuando
506 2012 168 38 potationem
637 2012 72 38 in
673 2012 108 38 carne
745 2012 96 38 mea:
805 2012 108 38 idque
877 2012 120 38 animum
949 2012 60 38 me-

236 2051 68 40 um
270 2051 113 40 ducens
349 2051 68 40 in
383 2051 147 40 sapientia
497 2051 102 40 ipsa,
565 2051 79 40 &c.
610 2051 136 40 Depingit
712 2051 125 40 Salomon
803 2051 68 40 in
837 2051 79 40 suo
882 2051 113 40 ipsius
950 2051 57 40 ex-

228 2075 121 47 emplo
308 2075 188 47 mundanorum
455 2075 174 47 sapientum
576 2075 134 47 studium.

275 2115 176 37 Obiicitur:
414 2115 101 37 Ergo
477 2115 113 37 omnis
552 2115 151 37 uoluptas
666 2115 164 37 fugienda.
791 2115 113 37 RESP.
867 2115 88 37 Est
905 2115 113 37 quaedam

229 2141 148 39 voluptas
339 2141 135 39 honesta
438 2141 111 39 animi
512 2141 62 39 &
536 2141 160 39 corporis,
659 2141 62 39 a
684 2141 86 39 Deo
733 2141 123 39 minime
819 2141 135 39 vetita,
918 2141 74 39 si
942 2141 74 39 quis

228 2179 107 43 nempe
300 2179 107 43 rebus
371 2179 83 43 Dei
419 2179 119 43 munere
502 2179 155 43 concessis
622 2179 119 43 hilari
705 2179 143 43 gratoque
812 2179 107 43 animo
884 2179 143 43 fruatur.

270 2205 138 52 Neque
362 2205 184 52 VOLUPTAS
500 2205 153 52 CARNIS
607 2205 107 52 CUM
668 2205 199 52 HONESTATE
822 2205 169 52 juncta,
929 2205 92 52 eest

215 2237 156 51 summum
324 2237 171 51 hominis
433 2237 125 51 bonum:

249 2281 72 36 I.
285 2281 97 36 Quia
345 2281 97 36 haec
406 2281 157 36 conjuncta
526 2281 97 36 esse
587 2281 84 36 non
635 2281 145 36 possunt:
744 2281 133 36 quoniam
840 2281 84 36 qui
888 2281 157 36 voluptati

232 2310 117 36 carnali
317 2310 117 36 deditus
402 2310 85 36 est,
456 2310 138 36 honestate
562 2310 106 36 careat
636 2310 117 36 necesse
721 2310 85 36 est,
775 2310 74 36 qui
817 2310 138 36 honestati
923 2310 117 36 studet,

238 2345 144 38 voluptate
349 2345 144 38 abstineat
448 2345 111 38 oportet.

261 2377 85 39 II.
309 2377 97 39 Quia
370 2377 146 39 honestas
479 2377 85 39 est
528 2377 109 39 honor
601 2377 170 39 perpetuus,
734 2377 73 39 ad
770 2377 133 39 aliquem
867 2377 133 39 secundo
952 2377 61 39 po-

225 2404 92 44 puli
283 2404 115 44 rumore
364 2404 138 44 delatus.
468 2404 69 44 At
502 2404 81 44 qui
549 2404 162 44 voluptatem
675 2404 115 44 carnis
756 2404 185 44 confectatur,
906 2404 69 44 is
929 2404 81 44 etiam

229 2435 151 51 sapientum
345 2435 127 51 judicio
438 2435 93 51 male
484 2435 93 51 audit.

282 2469 141 52 Neque
376 2469 188 52 DIGNITAS
517 2469 94 52 ET
564 2469 188 52 POTESTAS
705 2469 141 52 SUMMA
799 2469 94 52 in
846 2469 203 52 republica

220 2502 165 38 summum
335 2502 182 38 hominis
451 2502 116 38 bonum

255 2534 69 38 I.
290 2534 92 38 Quia
348 2534 161 38 frequenter
474 2534 69 38 in
509 2534 104 38 alios
578 2534 81 38 est
624 2534 138 38 injuria,
728 2534 115 38 armaus
809 2534 104 38 quasi
878 2534 127 38 publica
958 2534 58 38 au-

224 2570 151 39 toritate
338 2570 113 39 omnem
413 2570 202 39 iniustitiam.
577 2570 88 39 Ali
628 2570 101 39 bone
690 2570 113 39 Deus,
766 2570 101 39 quot
829 2570 164 39 quantaque
942 2570 76 39 mala

225 2611 166 31 grassantur
355 2611 83 31 tum
403 2611 71 31 in
438 2611 166 31 Republica,
569 2611 83 31 tum
616 2611 71 31 in
652 2611 154 31 Ecclesia,
770 2611 83 31 cum
817 2611 130 31 improbi
900 2611 107 31 Princi-

237 2642 82 35 pes
284 2642 58 35 &
307 2642 175 35 Magistratus
448 2642 82 35 pro
495 2642 82 35 sua
541 2642 152 35 libidine,
658 2642 117 35 spreto
740 2642 82 35 Dei
787 2642 94 35 metu
846 2642 105 35 atque
904 2642 117 35 legibus,

234 2673 109 32 omnia
307 2673 182 32 conturbant?
452 2673 194 32 Ecclesiastis
610 2673 73 32 3.
647 2673 109 32 v.16.
719 2673 61 32 &
744 2673 194 32 sequentibus:
902 2673 85 32 Nam
938 2673 85 32 adhuc

239 2699 155 34 respiciens
361 2699 78 34 sub
405 2699 100 34 Sole,
472 2699 89 34 loco
528 2699 100 34 juris
594 2699 78 34 ibi
639 2699 189 34 improbitatem,
794 2699 100 34 loco,
861 2699 122 34 inquom,
938 2699 89 34 justi-

238 2729 97 35 tiae
299 2729 85 35 ibi
347 2729 195 35 improbitatem
505 2729 109 35 esse:
578 2729 97 35 Dixi
639 2729 85 35 ego
688 2729 85 35 cum
736 2729 109 35 animo
809 2729 97 35 meo,
870 2729 122 35 justum
955 2729 61 35 &
967 2729 61 35 im-

234 2766 122 39 probum
319 2766 110 39 ipsum
393 2766 183 39 judicuturus
539 2766 86 39 est
588 2766 110 39 Deus:
661 2766 98 39 quia
723 2766 122 39 tempus
808 2766 122 39 quidem
894 2766 86 39 est
930 2766 98 39 cuique

238 2791 152 39 voluntati,
358 2791 76 39 sed
401 2791 76 39 qui
445 2791 120 39 praeest
532 2791 87 39 toti
586 2791 87 39 isti
640 2791 109 39 facto,
717 2791 109 39 ibidem
793 2791 87 39 est.
847 2791 120 39 Dixeram
934 2791 76 39 ego
967 2791 54 39 cum

234 2831 113 37 animo
310 2831 88 37 meo
360 2831 151 37 secundum
473 2831 151 37 rationem
587 2831 151 37 humanam,
700 2831 101 37 quum
763 2831 176 37 declavaret
901 2831 88 37 eos
952 2831 101 37 ipse

236 2860 99 42 Deus,
302 2860 55 42 &
324 2860 121 42 viderem
411 2860 77 42 hos
455 2860 121 42 bestias
543 2860 88 42 esse
598 2860 110 42 illis,
674 2860 77 42 &c.
718 2860 88 42 Item
773 2860 88 42 cap.
828 2860 66 42 4.
861 2860 55 42 &
883 2860 66 42 5.
915 2860 77 42 Qui
959 2860 88 42 abs

237 2888 84 46 que
285 2888 120 46 divini
369 2888 132 46 Numinis
465 2888 108 46 metu,
537 2888 132 46 honores
633 2888 60 46 &
656 2888 180 46 principatus
800 2888 108 46 inter
872 2888 108 46 alios
932 2888 84 46 quae-

235 2928 98 37 runt,
300 2928 98 37 quasi
366 2928 76 37 hac
409 2928 120 37 ratione
496 2928 163 37 felicitatem
627 2928 120 37 assequi
714 2928 131 37 possent,
812 2928 65 37 hi
845 2928 163 37 praepostera
965 2928 54 37 sua

232 2956 145 38 ambitione
344 2956 101 38 omnia
411 2956 168 38 pervertunt,
545 2956 67 38 ut
578 2956 112 38 nullus
656 2956 78 38 sit
701 2956 145 38 justitiae
813 2956 112 38 locus;
891 2956 101 38 nihil
947 2956 78 38 etiam

232 2990 88 38 ipsi
287 2990 209 38 tranquillitatis
463 2990 132 38 habeant.
562 2990 143 38 Propterea
671 2990 66 38 in
704 2990 110 38 divino
781 2990 99 38 cultu
847 2990 66 38 ut
880 2990 110 38 multae
946 2990 77 38 irre-

244 3027 97 31 pant
305 3027 182 31 corruptelae
451 3027 182 31 permittunt,
596 3027 85 31 dum
645 3027 97 31 modo
706 3027 97 31 ipsi
767 3027 158 31 emineant.
888 3027 85 31 Imo
937 3027 73 31 in
961 3027 61 31 re-

238 3060 100 37 publ.
304 3060 89 37 male
360 3060 188 37 administrata,
515 3060 100 37 simul
581 3060 78 37 cum
625 3060 144 37 politicis
736 3060 122 37 vitiis,
825 3060 155 37 religionis
935 3060 89 37 corru-

239 3094 127 43 ptelas
328 3094 76 43 ob
367 3094 140 43 malorum
469 3094 166 43 principum
596 3094 178 43 tyrannidem
736 3094 140 43 subditi
838 3094 166 43 amplexari
953 3094 89 43 atque

235 3118 138 43 retinere
338 3118 149 43 coguntur.

267 3148 85 45 II.
315 3148 97 45 Quia
376 3148 170 45 vanitatis,
509 3148 194 45 molestiarum,
667 3148 73 45 ac
703 3148 133 45 doloris
800 3148 121 45 semper
885 3148 121 45 multum
957 3148 73 45 con

1041 170 130 52 junctum
1136 170 118 52 habet.
1218 170 71 52 An
1254 170 71 52 tu
1289 170 83 52 vel
1336 170 106 52 illos
1407 170 106 52 putas
1478 170 118 52 tutos,
1561 170 106 52 illos
1632 170 118 52 saltem
1714 170 106 52 inter
1773 170 83 52 hono-

1047 214 81 38 rum
1094 214 127 38 infulas
1186 214 58 38 &
1209 214 92 38 opes
1267 214 115 38 largas
1347 214 127 38 stabili
1440 214 150 38 firmitate
1555 214 138 38 securos,
1659 214 92 38 quos
1717 214 127 38 regalis
1797 214 58 38 au-

1038 244 91 34 lae
1090 244 169 34 splendore
1220 244 169 34 fulgentes
1350 244 143 34 armorum
1454 244 195 34 excubantium
1609 244 130 34 tutela
1687 244 169 34 citcumstat:

1051 276 107 39 Major
1122 276 107 39 illis
1193 276 95 39 quam
1252 276 142 39 caeteris
1359 276 107 39 metus
1430 276 95 39 est:
1489 276 83 39 tam
1536 276 95 39 illi
1596 276 118 39 timere
1678 276 154 39 coguntur,
1785 276 71 39 quam

1051 306 156 40 timentur:
1171 306 96 40 sint
1231 306 108 40 licet
1302 306 168 40 satellitum
1434 306 96 40 manu
1494 306 120 40 septi,
1578 306 60 40 &
1602 306 132 40 clausum
1697 306 72 40 ac
1721 306 132 40 protectum

1043 338 114 41 latus
1119 338 152 41 numeroso
1233 338 164 41 stipatore
1359 338 164 41 tueantur.
1486 338 101 41 Quam
1549 338 139 41 securos
1650 338 88 41 non
1700 338 126 41 sinunt
1776 338 76 41 esse

1042 377 156 39 subjectos,
1165 377 78 39 tam
1209 377 123 39 necesse
1298 377 78 39 est
1343 377 78 39 non
1388 377 89 39 sint
1443 377 56 39 &
1466 377 89 39 ipsi
1521 377 123 39 sicuri.
1611 377 89 39 Ante
1666 377 100 39 ipsos
1733 377 112 39 terret
1800 377 56 39 po-

1046 404 111 39 testas
1124 404 89 39 sua,
1179 404 89 39 quos
1235 404 100 39 facit
1301 404 89 39 esse
1357 404 166 39 terribiles.
1490 404 122 39 Arridet
1579 404 67 39 ut
1612 404 133 39 saeviat:
1712 404 144 39 blanditur
1812 404 44 39 ut

1041 437 131 40 fallat:
1136 437 131 40 illicit
1231 437 71 40 ut
1267 437 143 40 occidat:
1374 437 143 40 extollit
1481 437 71 40 ut
1517 437 155 40 deprimat.
1636 437 131 40 Foenore
1731 437 119 40 quodam
1803 437 59 40 no-

1049 476 107 35 endi
1115 476 107 35 quam
1182 476 133 35 fuerit
1275 476 147 35 amplior
1382 476 120 35 summa
1462 476 187 35 dignitatis
1609 476 67 35 &
1635 476 160 35 honorum,
1755 476 93 35 tam
1795 476 67 35 ma-

1049 509 81 39 jor
1096 509 139 39 exigitur
1200 509 104 39 usura
1269 509 150 39 poenatum,
1384 509 69 39 ut
1419 509 116 39 verbis
1500 509 92 39 utar
1558 509 139 39 Cypriani
1662 509 69 39 ex
1696 509 150 39 epistolam
1800 509 58 39 se-

1048 537 116 39 cunda.
1130 537 186 39 Ecclesiastis
1281 537 70 39 4.
1316 537 105 39 vers.
1385 537 81 39 11,
1432 537 81 39 12.
1478 537 93 39 Vidi
1537 537 105 39 omnes
1606 537 139 39 viventes
1711 537 81 39 qui
1746 537 116 39 ambulant

1052 568 77 39 sub
1096 568 99 39 Sole;
1162 568 165 39 adiungentes
1295 568 66 39 se
1328 568 99 39 puero
1394 568 88 39 illi
1449 568 121 39 secundo
1537 568 77 39 qui
1581 568 132 39 staturus
1681 568 77 39 est
1725 568 88 39 loco
1769 568 88 39 hujus:

1049 606 73 36 Non
1090 606 84 36 esse
1143 606 94 36 finem
1206 606 84 36 ulli
1258 606 115 36 populo;
1342 606 63 36 de
1373 606 84 36 illo
1425 606 73 36 qui
1467 606 115 36 praesit
1551 606 94 36 ipsis
1614 606 94 36 etium
1677 606 126 36 posteros
1771 606 73 36 non
1802 606 63 36 lae-

1046 636 125 38 taturos
1136 636 102 38 esse:
1204 636 79 38 nam
1250 636 79 38 hoc
1295 636 113 38 quoque
1374 636 125 38 vanitas
1465 636 79 38 est
1511 636 57 38 &
1533 636 147 38 afflictio
1635 636 125 38 spiritus.

1074 673 96 34 III.
1134 673 96 34 Quia
1194 673 120 34 amitti
1278 673 132 34 potest,
1374 673 84 34 sic
1422 673 72 34 ut
1458 673 72 34 is
1493 673 84 34 qui
1541 673 84 34 cum
1589 673 156 34 potestate
1709 673 108 34 summa
1781 673 108 34 erat,

1053 699 106 39 servus
1127 699 95 39 fieri
1191 699 116 39 possit;
1275 699 95 39 sicut
1339 699 116 39 Salomon
1423 699 74 39 ait
1466 699 169 39 Ecclesiastae
1603 699 74 39 10.
1645 699 63 39 v.
1677 699 63 39 4.
1709 699 85 39 Vidi
1751 699 116 39 principes

1048 733 123 37 euntes
1134 733 136 37 tanquam
1233 733 123 37 servos
1319 733 111 37 super
1393 733 136 37 terram.
1491 733 136 37 Exemplo
1590 733 86 37 est
1639 733 173 37 Iehojacin,
1775 733 86 37 qui
1812 733 49 37 a-

1057 767 110 35 misso
1130 767 110 35 regno
1204 767 86 35 cum
1253 767 220 35 pretiosissimis
1436 767 135 35 spoliis
1534 767 61 35 &
1559 767 171 35 captivorum
1694 767 122 35 numero
1779 767 73 35 in
1804 767 61 35 Ba-

1053 800 145 34 byloniam
1161 800 145 34 captivus
1270 800 145 34 abductus
1379 800 96 34 est,
1439 800 72 34 2.
1475 800 96 34 Reg.
1535 800 84 34 24.
1584 800 181 34 Septuaginta
1728 800 109 34 Reges
1789 800 72 34 pol-

1052 834 145 36 licibus
1157 834 132 36 manuum
1250 834 132 36 suarum
1342 834 66 36 &
1369 834 119 36 pedum
1448 834 132 36 suorum
1541 834 159 36 mutilati
1660 834 198 36 collegerunt
1805 834 66 36 sub

1050 867 107 40 mensa
1121 867 190 40 Adoni-Bezebi
1276 867 95 40 ossa
1336 867 59 40 &
1359 867 107 40 micas
1431 867 107 40 panis
1502 867 107 40 canum
1573 867 131 40 instar,
1669 867 95 40 Jud.
1728 867 71 40 1.
1764 867 71 40 v.
1787 867 48 40 7.

1088 894 88 44 IV.
1139 894 100 44 Quia
1201 894 125 44 omnino
1289 894 150 44 angustis
1402 894 113 44 hujus
1477 894 113 44 vitae
1552 894 138 44 spaciis
1652 894 188 44 terminatur.
1790 894 75 44 Etsi

1051 934 98 37 enim
1112 934 146 37 quispiam
1222 934 171 37 dignitatem
1356 934 110 37 quoad
1429 934 122 37 vivit,
1514 934 159 37 retineat:
1636 934 110 37 tamen
1709 934 134 37 moriens
1807 934 85 37 eam

1066 972 164 36 relinquere
1195 972 129 36 necesse
1289 972 117 36 habet:
1372 972 70 36 ut
1407 972 141 36 Salomon,
1513 972 70 36 ut
1548 972 94 36 alij
1607 972 106 36 Reges
1677 972 59 36 &
1701 972 153 36 Principes
1806 972 59 36 in-

1056 997 148 44 numeri.
1163 997 108 44 Quod
1231 997 121 44 autem
1312 997 121 44 morte
1393 997 189 44 abrumpitur
1541 997 67 44 &
1568 997 135 44 homini
1663 997 175 44 adimitur,
1784 997 81 44 sum-

1058 1033 95 34 mum
1113 1033 122 34 bonum
1194 1033 95 34 non
1235 1033 81 34 est.

1095 1059 76 43 V.
1133 1059 101 43 Quia
1196 1059 114 43 saepe
1272 1059 164 43 contingit
1398 1059 164 43 hominibus
1524 1059 164 43 improbis,
1651 1059 151 43 stolidis
1764 1059 63 43 &
1777 1059 88 43 indi-

1065 1097 111 44 gnis.
1138 1097 111 44 Psal.
1212 1097 86 44 12.
1261 1097 111 44 vers.
1335 1097 74 44 9.
1372 1097 74 44 In
1409 1097 86 44 qua
1458 1097 197 44 circumquaque
1618 1097 135 44 improbi
1704 1097 160 44 obambulant;

1054 1130 91 45 quum
1111 1130 160 45 extollitur
1236 1130 80 45 res
1281 1130 103 45 vilis
1350 1130 103 45 inter
1418 1130 114 45 filios
1498 1130 137 45 hominum.
1601 1130 182 45 Ecclesiastis
1749 1130 57 45 4
1771 1130 103 45 vers.
1828 1130 46 45 9.

1059 1165 115 43 Melior
1140 1165 81 43 est
1186 1165 92 43 puer
1244 1165 127 43 indigus
1336 1165 58 43 &
1359 1165 127 43 sapiens
1452 1165 92 43 Rege
1509 1165 92 43 sene
1567 1165 58 43 &
1590 1165 138 43 stolido,
1694 1165 81 43 qui
1740 1165 115 43 nescit
1809 1165 58 43 ad-

1055 1200 114 37 moneri
1134 1200 136 37 amplius.
1237 1200 68 37 Et
1271 1200 91 37 cap.
1328 1200 80 37 10.
1373 1200 102 37 vers.
1441 1200 68 37 2.
1475 1200 68 37 3.
1509 1200 68 37 4.
1544 1200 80 37 Est
1589 1200 102 37 malum
1657 1200 91 37 quod
1714 1200 91 37 vide
1771 1200 80 37 sub
1805 1200 57 37 So-

1062 1230 81 36 le,
1109 1230 138 36 secundum
1212 1230 127 36 errorem
1304 1230 81 36 qui
1350 1230 138 36 procedit
1454 1230 58 36 a
1477 1230 104 36 facie
1546 1230 173 36 imperantis.
1684 1230 92 36 Poni
1741 1230 104 36 ipsam
1799 1230 69 36 sto-

1057 1261 151 36 liditatem
1173 1261 69 36 in
1208 1261 185 36 dignitatibus
1358 1261 116 36 celsis
1440 1261 58 36 &
1463 1261 127 36 amplis;
1555 1261 127 36 divites
1648 1261 93 36 uero
1706 1261 69 36 in
1741 1261 93 36 ipsa
1787 1261 81 36 abje-

1066 1298 110 32 ctione
1143 1298 121 32 sidere.
1231 1298 88 32 Vidi
1287 1298 110 32 servos
1364 1298 154 32 insidentes
1485 1298 110 32 equis,
1562 1298 143 32 principes
1673 1298 99 32 autem
1739 1298 110 32 euntes
1805 1298 66 32 tan-

1059 1327 98 45 quam
1120 1327 122 45 seruos
1205 1327 110 45 super
1266 1327 110 45 terram.

1082 1356 89 41 VI.
1133 1356 101 41 Quia
1196 1356 89 41 non
1247 1356 89 41 est
1298 1356 152 41 ambienda
1412 1356 177 41 fidelibus:
1551 1356 101 41 etsi
1615 1356 152 41 legitime
1729 1356 127 41 oblata
1805 1356 63 41 ad-

1059 1394 104 34 mitti
1129 1394 58 34 &
1152 1394 150 34 acceptari
1267 1394 69 34 ab
1301 1394 81 34 iis
1347 1394 104 34 bonam
1416 1394 173 34 conscientia
1554 1394 127 34 possit.
1646 1394 138 34 Quicquid
1750 1394 92 34 apud
1796 1394 69 34 cae-

1059 1426 111 38 teros
1133 1426 74 38 in
1170 1426 111 38 rebus
1244 1426 136 38 humanis
1343 1426 136 38 sublime
1442 1426 74 38 ac
1479 1426 124 38 magnum
1565 1426 148 38 videtur,
1676 1426 111 38 intra
1738 1426 136 38 Christia-

1066 1460 69 39 ni
1101 1460 104 39 jacet
1170 1460 196 39 conscientiam.
1332 1460 104 39 Nihil
1401 1460 138 39 appetere
1505 1460 92 39 jam,
1563 1460 104 39 nihil
1632 1460 162 39 desiderate
1759 1460 69 39 de
1782 1460 92 39 seculo

1069 1493 133 39 potest,
1165 1493 84 39 qui
1214 1493 121 39 seculo
1298 1493 109 39 major
1370 1493 96 39 est.
1431 1493 145 39 Postquam
1539 1493 133 39 autorem
1636 1493 109 39 suum,
1708 1493 121 39 coelum
1781 1493 84 39 intu-

1062 1525 92 37 ens,
1120 1525 127 37 fidelis
1213 1525 104 37 anima
1282 1525 150 37 cognovit,
1397 1525 92 37 solo
1455 1525 116 37 altior
1536 1525 58 37 &
1559 1525 81 37 hac
1605 1525 92 37 omni
1663 1525 127 37 terrena
1744 1525 127 37 potestate

1060 1557 157 36 sublimior,
1183 1557 67 36 id
1217 1557 90 36 esse
1273 1557 135 36 incipit,
1374 1557 90 36 quod
1430 1557 67 36 se
1464 1557 90 36 esse
1520 1557 123 36 credit.
1610 1557 79 36 Qui
1655 1557 168 36 renunciavit
1789 1557 79 36 jam
1823 1557 56 36 se-

1074 1589 106 44 culo,
1145 1589 106 44 major
1215 1589 82 44 est
1262 1589 59 44 &
1286 1589 153 44 honoribus
1404 1589 94 44 ejus
1462 1589 59 44 &
1486 1589 118 44 regno:
1568 1589 59 44 &
1592 1589 94 44 ideo
1651 1589 82 44 qui
1698 1589 71 44 se
1733 1589 82 44 Deo
1780 1589 59 44 &
1792 1589 82 44 Chri-

1063 1623 79 38 sto
1108 1623 136 38 dedicat:
1210 1623 79 38 non
1256 1623 125 38 terrena
1346 1623 79 38 sed
1392 1623 148 38 coelestia
1505 1623 102 38 regna
1562 1623 125 38 desiderat

1101 1654 98 38 VII.
1162 1654 98 38 Quia
1223 1654 110 38 saepe
1296 1654 86 38 est
1345 1654 98 38 malo
1406 1654 86 38 eam
1455 1654 220 38 possidentibus,
1639 1654 122 38 eosque
1724 1654 171 38 pessundat,

1066 1685 196 37 Ecclesiastis
1225 1685 74 37 8.
1262 1685 110 37 vers.
1336 1685 74 37 8.
1373 1685 123 37 Tempas
1459 1685 86 37 est
1508 1685 86 37 quo
1557 1685 160 37 dominatur
1680 1685 98 37 homo
1741 1685 74 37 in
1766 1685 110 37 hominem

1074 1722 94 49 malo
1133 1722 94 49 suo.
1192 1722 130 49 Exemplo
1286 1722 82 49 est
1333 1722 118 49 Pharao
1416 1722 82 49 rex
1463 1722 141 49 AEgypti,
1569 1722 82 49 qui
1616 1722 118 49 fretus
1698 1722 141 49 potentia
1804 1722 82 49 sua
1840 1722 35 49 &

1072 1754 161 42 persequens
1198 1754 161 42 Israelitas
1325 1754 127 42 seipsum
1417 1754 69 42 in
1451 1754 150 42 perniciem
1566 1754 138 42 adduxit.

1098 1782 110 42 VIII.
1171 1782 98 42 Quia
1232 1782 147 42 Christus
1342 1782 134 42 Dominus
1440 1782 122 42 noster
1526 1782 110 42 illam
1599 1782 122 42 fugit,
1685 1782 122 42 Iohan.
1770 1782 73 42 6.
1795 1782 73 42 ver.

1060 1820 81 34 15.
1107 1820 93 34 Quum
1165 1820 116 34 nosset
1246 1820 139 34 venturos
1350 1820 58 34 &
1373 1820 70 34 se
1408 1820 162 34 abrepturos
1535 1820 70 34 ut
1570 1820 139 34 facerent
1674 1820 70 34 se
1709 1820 116 34 regem,
1790 1820 116 34 seces

1054 1854 81 52 sit
1101 1854 116 52 rursus
1182 1854 70 52 in
1217 1854 116 52 montem
1298 1854 104 52 solus
1367 1854 104 52 ipse.
1437 1854 81 52 Non
1483 1854 127 52 appetit
1576 1854 174 52 terrestria,
1715 1854 81 52 qui
1761 1854 104 52 regna
1819 1854 58 52 dat

1063 1881 106 36 coelestia.

1082 1916 88 42 IX.
1133 1916 101 42 Quia
1196 1916 88 42 non
1246 1916 126 42 semper
1334 1916 126 42 absque
1422 1916 138 42 peccato
1522 1916 126 42 haberi
1610 1916 88 42 aut
1660 1916 151 42 retineri
1761 1916 113 42 potest;

1074 1949 76 45 ut
1112 1949 127 45 Naaman
1202 1949 178 45 dignitatem
1342 1949 102 45 suam
1406 1949 153 45 retinere
1520 1949 89 45 non
1571 1949 127 45 potuit
1660 1949 102 45 sine
1724 1949 153 45 peccato,
1826 1949 51 45 2.

1077 1980 81 42 Reg.
1127 1980 60 42 5.
1158 1980 60 42 v.
1178 1980 50 42 18.

1092 2013 76 40 X.
1130 2013 101 40 Quia
1194 2013 89 40 per
1244 2013 114 40 illam
1320 2013 76 40 ne
1358 2013 89 40 una
1409 2013 127 40 quidem
1497 2013 114 40 nocte
1573 2013 127 40 potest
1662 2013 101 40 homo
1712 2013 165 40 consistere.

1069 2037 99 45 Psal.
1135 2037 77 45 49.
1179 2037 88 45 vex.
1233 2037 77 45 13.
1277 2037 99 45 Neque
1343 2037 99 45 tamen
1408 2037 88 45 homo
1463 2037 77 45 qui
1507 2037 66 45 in
1540 2037 109 45 honore
1616 2037 88 45 est,
1671 2037 77 45 per
1715 2037 142 45 noctabit,
1824 2037 77 45 si

1057 2084 103 32 milis
1125 2084 80 32 sit
1171 2084 137 32 jumentis
1273 2084 91 32 quae
1331 2084 160 32 intereunt.
1456 2084 126 32 Eccles.
1547 2084 57 32 8
1570 2084 91 32 ver.
1627 2084 68 32 7.
1662 2084 114 32 Nullus
1741 2084 91 32 homo
1787 2084 80 32 domi-

1054 2114 107 34 natur
1126 2114 143 34 spiritui
1233 2114 95 34 suo,
1292 2114 71 34 vt
1328 2114 155 34 contineat
1447 2114 143 34 spiritum
1554 2114 107 34 suum,
1626 2114 143 34 nullaque
1733 2114 83 34 est
1769 2114 107 34 domina-

1068 2148 74 46 tio
1111 2148 64 46 in
1143 2148 74 46 die
1185 2148 116 46 mortis,
1270 2148 138 46 nullumque
1375 2148 116 46 missile
1460 2148 64 46 in
1492 2148 85 46 isto
1545 2148 127 46 praelio.
1640 2148 116 46 Exemplo
1725 2148 74 46 est
1757 2148 116 46 Belschat-

1074 2177 82 43 zar
1121 2177 82 43 rex
1168 2177 152 43 Babylonia
1284 2177 93 43 Dan.
1342 2177 70 43 5.
1366 2177 58 43 30.

1085 2212 92 40 XI.
1137 2212 105 40 Quia
1203 2212 92 40 per
1256 2212 118 40 illam
1335 2212 92 40 non
1387 2212 145 40 possunt
1493 2212 118 40 etiam
1571 2212 210 40 potentissimi
1729 2212 145 40 Monarchae

1063 2238 155 42 impetrate
1182 2238 60 42 a
1206 2238 155 42 subditis,
1325 2238 107 42 nedum
1397 2238 60 42 a
1421 2238 131 42 vicinis
1516 2238 83 42 aut
1564 2238 131 42 romotis
1659 2238 143 42 populis,
1755 2238 119 42 quaecun-

1070 2281 89 38 que
1121 2281 140 38 volunt.
1223 2281 115 38 Docet
1300 2281 89 38 hoc
1351 2281 153 38 exemplum
1465 2281 178 38 Rechabeami
1605 2281 115 38 filij
1682 2281 178 38 Salomonis:
1809 2281 64 38 do-

1064 2311 104 35 cent
1129 2311 143 35 exempla
1233 2311 117 35 Regum
1311 2311 117 35 etiam
1389 2311 117 35 hujus
1454 2311 143 35 temporis.

1095 2333 108 48 XII.
1162 2333 108 48 Quia
1229 2333 161 48 dignitas
1350 2333 67 48 &
1377 2333 161 48 potentia
1498 2333 81 48 ne
1538 2333 121 48 Reges
1619 2333 134 48 quidem
1713 2333 148 48 immunes
1807 2333 67 48 fa-

1065 2366 88 47 cit
1116 2366 63 47 a
1141 2366 175 47 ludibriis,
1278 2366 113 47 etiam
1353 2366 188 47 subditorum,
1504 2366 100 47 unde
1566 2366 113 47 Regum
1641 2366 113 47 animi
1704 2366 175 47 indignatione

1072 2413 172 47 replentur.
1207 2413 86 47 Job
1256 2413 86 47 12.
1305 2413 86 47 21.
1354 2413 86 47 Qui
1403 2413 147 47 effundit
1513 2413 159 47 contemtum
1636 2413 110 47 super
1710 2413 172 47 Principes;
1832 2413 37 47 &

1074 2439 84 43 zona
1126 2439 115 43 validos
1199 2439 126 43 destituit.

1096 2474 101 46 XIII.
1163 2474 90 46 Quia
1220 2474 135 46 dignitas
1321 2474 56 46 &
1343 2474 135 46 potentia
1445 2474 101 46 saepe
1512 2474 113 46 facit,
1591 2474 68 46 ut
1625 2474 90 46 illi
1681 2474 79 46 qui
1726 2474 79 46 eam
1771 2474 124 46 pollent

1058 2510 88 37 non
1109 2510 139 37 servent
1210 2510 164 37 promisiam
1335 2510 126 37 fidem,
1424 2510 151 37 contemtu
1537 2510 88 37 seu
1587 2510 151 37 neglectu
1701 2510 126 37 eorum,
1776 2510 101 37 quibus

1062 2540 84 46 eam
1110 2540 192 46 promiserant,
1266 2540 72 46 ut
1302 2540 180 46 experientia
1446 2540 168 46 quotidiana
1578 2540 120 46 testis
1662 2540 96 46 est:
1722 2540 96 46 quod
1782 2540 60 46 a
1794 2540 84 46 summi

1075 2570 93 40 boni
1133 2570 116 40 natura
1214 2570 127 40 penitus
1296 2570 127 40 abhorret.

1091 2596 103 48 XIV.
1155 2596 103 48 Quia
1220 2596 154 48 dignitas
1335 2596 64 48 &
1361 2596 154 48 potentia
1476 2596 180 48 ambitiosos
1617 2596 64 48 &
1643 2596 128 48 avaros
1733 2596 167 48 impellit,

1079 2639 68 36 ut
1113 2639 102 36 alios
1181 2639 102 36 malis
1249 2639 148 36 afficiant
1362 2639 113 36 contra
1442 2639 113 36 divina
1521 2639 57 36 &
1544 2639 113 36 humana
1623 2639 102 36 jura,
1691 2639 68 36 ut
1725 2639 113 36 aliena
1794 2639 79 36 occu-

1070 2674 97 33 pent
1130 2674 60 33 &
1154 2674 85 33 per
1203 2674 85 33 vim
1251 2674 169 33 detineant,
1384 2674 72 33 ut
1420 2674 133 33 caedium
1517 2674 145 33 multatum
1625 2674 133 33 autoros
1722 2674 109 33 sint:
1782 2674 85 33 exem-

1066 2711 84 41 plo
1114 2711 84 41 est
1162 2711 119 41 Pharao
1245 2711 84 41 rex
1293 2711 143 41 AEgypti,
1400 2711 84 41 qui
1448 2711 191 41 Israeliticum
1603 2711 131 41 populum
1699 2711 143 41 pressit,
1806 2711 60 41 &
1818 2711 60 41 Ha-

1075 2741 86 40 mam
1124 2741 159 40 Judaeorum
1246 2741 135 40 hostis,
1344 2741 61 40 &
1368 2741 122 40 Xerxes
1454 2741 98 40 ille
1503 2741 110 40 magnus.

1100 2765 91 44 XV.
1152 2765 104 44 Quia
1217 2765 156 44 impellit
1335 2765 143 44 hominem
1439 2765 78 44 ut
1478 2765 91 44 cor
1530 2765 143 44 efferat
1634 2765 156 44 adversus
1752 2765 117 44 Deum,
1817 2765 65 44 ir-

1065 2797 114 52 ritat
1142 2797 76 52 ad
1180 2797 165 52 superbiam
1307 2797 216 52 abominabilem,
1485 2797 76 52 ut
1523 2797 114 52 docet
1599 2797 153 52 exemplum
1714 2797 140 52 ejusdem
1803 2797 76 52 Pha-

1080 2835 133 35 raonis,
1177 2835 242 35 Nebucadnetzaris,
1382 2835 145 35 Antiochi
1491 2835 169 35 Epiphanis,
1612 2835 121 35 Herodis.

1102 2861 100 44 XVI.
1164 2861 100 44 Quia
1226 2861 87 44 est
1276 2861 124 44 brevis
1363 2861 62 44 &
1388 2861 187 44 momentanca,
1537 2861 112 44 Jesa.
1612 2861 87 44 40.
1661 2861 100 44 ver.
1724 2861 75 44 6.
1761 2861 100 44 Vox.
1811 2861 62 44 di-

1070 2895 103 43 cens,
1138 2895 149 43 praedica,
1253 2895 103 43 etiam
1322 2895 103 43 dicit
1391 2895 92 43 quid
1449 2895 195 43 praedicaturus
1609 2895 92 43 sim;
1667 2895 103 43 omnem
1736 2895 115 43 carnem
1816 2895 92 43 esse

1079 2933 124 37 gramen,
1169 2933 101 37 etiam
1236 2933 101 37 etiam
1303 2933 180 37 benignitatem
1449 2933 90 37 ejus
1505 2933 124 37 similem
1595 2933 90 37 esse
1651 2933 101 37 flori
1719 2933 101 37 agri.
1786 2933 67 37 1.
1809 2933 67 37 Pet.

1067 2969 67 49 I.
1100 2969 90 49 ver.
1157 2969 79 49 24.
1202 2969 101 49 Omnis
1269 2969 90 49 caro
1325 2969 79 49 est
1370 2969 124 49 gramen,
1460 2969 56 49 &
1483 2969 101 49 omnis
1550 2969 112 49 gloria
1629 2969 135 49 hominis,
1730 2969 67 49 ut
1764 2969 90 49 flos
1809 2969 67 49 gra-

1066 2999 115 40 minis:
1147 2999 127 40 exaruit
1239 2999 115 40 gramen
1320 2999 58 40 &
1343 2999 92 40 flos
1401 2999 92 40 ejus
1459 2999 138 40 decidit.

1101 3028 111 46 XVII.
1175 3028 99 46 Quia
1237 3028 87 46 non
1286 3028 148 46 vindicat
1398 3028 74 46 ab
1435 3028 161 46 oblivione
1558 3028 99 46 post
1620 3028 136 46 mortem,
1707 3028 173 46 Ecclesiastae

1074 3061 69 48 8.
1109 3061 92 48 ver.
1167 3061 69 48 9.
1201 3061 81 48 Nam
1247 3061 81 48 ita
1293 3061 150 48 dominatos
1408 3061 173 48 animadverti
1546 3061 138 48 improbos
1650 3061 150 48 sepeliri,
1765 3061 138 48 postquam

1070 3095 178 43 decesserunt:
1215 3095 100 43 atque
1282 3095 56 43 e
1304 3095 89 43 loco
1360 3095 112 43 sancti
1438 3095 134 43 abierunt
1538 3095 56 43 &
1561 3095 145 43 oblivioni
1672 3095 100 43 tradi
1739 3095 67 43 in
1773 3095 67 43 ea
1795 3095 78 43 civi-

1076 3127 90 45 tate
1132 3127 67 45 in
1165 3127 78 45 qua
1210 3127 78 45 sic
1255 3127 146 45 fecerunt:
1367 3127 101 45 etiam
1435 3127 101 45 illud
1502 3127 146 45 vanitatem
1603 3127 67 45 est.

1116 3156 134 45 Neque
1205 3156 179 45 DIVITIAE
1339 3156 119 45 sunt
1414 3156 149 45 summum
1518 3156 164 45 hominis
1622 3156 119 45 bonum:
