2063 3371
166 189 95 45 vero
226 189 107 45 manet
297 189 119 45 fidis,
380 189 107 45 stes,
452 189 155 45 charitas,
571 189 143 45 erinhic.
678 189 60 45 &
702 189 107 45 axima
774 189 107 45 autem
845 189 107 45 harum
905 189 71 45 cha¬

151 224 103 42 ritas.

198 255 108 43 RESP.
270 255 108 43 Major
342 255 144 43 negatur:
451 255 96 43 quia
511 255 132 43 nititur
607 255 84 43 hac
655 255 108 43 falsa
727 255 168 43 hypothesi,
860 255 84 43 nos
896 255 72 43 vir¬-

164 294 94 34 tute
223 294 118 34 nostra
305 294 176 34 justificari
447 294 106 34 coram
517 294 94 34 Deo,
576 294 94 34 quum
635 294 153 34 Scriptura
752 294 106 34 Sacra
823 294 129 34 doceat,
905 294 59 34 no¬-

165 327 174 37 justificari
304 327 93 37 apud
362 327 93 37 Deum
420 327 127 37 gratis,
513 327 69 37 id
548 327 93 37 est,
605 327 81 37 pro
652 327 104 37 nullo
721 327 116 37 nostro
802 327 127 37 merito.
883 327 93 37 Deinde

165 362 73 33 in
201 362 218 33 justificatione
383 362 109 33 coram
455 362 85 33 Deo
504 362 170 33 quaeritur,
637 362 97 33 quae
698 362 85 33 res
746 362 182 33 apprehendat
879 362 85 33 Chri¬-

159 389 104 49 stum,
229 389 81 49 qui
275 389 115 49 nostra
356 389 81 49 est
402 389 150 49 justitia.
517 389 92 49 Fide
575 389 104 49 autem
644 389 150 49 Christus,
759 389 81 49 non
805 389 150 49 charitate
909 389 58 49 ap¬-

176 425 189 37 prehenditur:
330 425 95 37 quia
389 425 106 37 nobis
460 425 71 37 ea
495 425 165 37 conditiene
625 425 142 37 Christus
732 425 142 37 offertur
838 425 59 37 &
850 425 130 37 justitia¬-

159 458 157 49 nestraest,
282 458 67 49 si
315 458 134 49 credimus
416 458 67 49 in
450 458 145 49 Christum.
561 458 112 49 Adhaec
640 458 134 49 charitas
740 458 78 49 est
774 458 201 49 justificationis:

166 492 171 39 consequens:
303 492 91 39 ergo
360 492 80 39 non
405 492 80 39 est
451 492 103 39 causa
508 492 103 39 illius,

198 516 81 44 IV.
245 516 139 44 Charitas
349 516 116 44 nostra
430 516 93 44 erga
488 516 93 44 Deum
546 516 81 44 non
592 516 162 44 vivificat,
719 516 81 44 nec
766 516 69 44 in
800 516 197 44 justificatio¬

157 554 85 39 ne,
206 554 85 39 nec
254 554 134 39 postea:
352 554 97 39 quia
413 554 97 39 fide
474 554 146 39 vivimus,
583 554 97 39 quia
644 554 97 39 fide
705 554 171 39 vivificati
839 554 110 39 sumus
900 554 73 39 quum

154 584 121 43 inimici
242 584 77 43 Dei
286 584 55 43 &
308 584 99 43 impij
375 584 121 43 essemus
463 584 88 43 Rom.
518 584 66 43 4.
551 584 66 43 v.
584 584 66 43 5.
617 584 88 43 Gal.
672 584 66 43 2.
705 584 66 43 v.
738 584 77 43 20.
783 584 110 43 Ephes.
860 584 66 43 2.
893 584 66 43 v.
915 584 44 43 5.

242 620 103 43 Haec
306 620 77 43 de
345 620 205 43 dissentaneis
512 620 180 43 charitatis
653 620 141 43 nostrae
756 620 103 43 erga
807 620 77 43 Deum

203 652 172 50 COMPARATA
335 652 79 50 si
374 652 158 50 spectes,
493 652 158 50 charitas
612 652 132 50 nostra
704 652 106 50 erga
770 652 106 50 Deum
836 652 119 50 major
902 652 66 50 est

163 684 89 42 fide
219 684 56 42 &
241 684 89 42 spe,
297 684 67 42 1.
330 684 89 42 Cor.
386 684 67 42 1.
419 684 89 42 ver.
475 684 78 42 13.
520 684 78 42 non
564 684 167 42 simpliciter
698 684 56 42 &
721 684 89 42 omni
776 684 100 42 modo,
843 684 78 42 sed
888 684 89 42 κοτα
933 684 33 42 α

164 727 140 43 nimirum
266 727 89 43 tum
317 727 114 43 quoad
393 727 203 43 amplitudinem
558 727 153 43 quatenus
673 727 140 43 fructus
774 727 127 43 ipsius
851 727 114 43 longius

165 758 185 35 progreditur
313 758 99 35 quam
375 758 111 35 fidei
449 758 62 35 &
473 758 111 35 spei,
548 758 111 35 nempe
622 758 111 35 etiam
696 758 74 35 ad
733 758 161 35 proximum,
856 758 99 35 quum
906 758 74 35 illa

165 795 88 39 non
216 795 189 39 egrediantur
367 795 164 39 credentis
493 795 63 39 &
518 795 164 39 sperantis
643 795 164 39 personam:
769 795 88 39 tum
820 795 113 39 quoad
883 795 75 39 dius

155 822 173 36 turnitatem
291 822 173 36 perpetuam.
427 822 87 36 Nam
476 822 148 36 charitas
587 822 74 36 in
624 822 124 36 altero
711 822 111 36 etiam
785 822 124 36 seculo
859 822 99 36 perma.

159 856 97 34 net,
220 856 73 34 ut
256 856 194 34 Chrysostomus
414 856 134 34 scribit
511 856 134 34 homilia
609 856 231 34 trigesimaquarta
803 856 73 34 in
827 856 134 34 epistolam

168 888 130 35 priorem
263 888 71 35 ad
298 888 178 35 Corinthios,
440 888 71 35 at
476 888 107 35 sidei
547 888 59 35 &
571 888 95 35 spei
630 888 118 35 nullum
713 888 95 35 erit
772 888 95 35 post
819 888 166 35 universalem,

161 926 238 38 resurrectionem
359 926 132 38 munus.
452 926 146 38 Adeptis
558 926 119 38 nobis
637 926 132 38 plenam
730 926 119 38 terum
796 926 172 38 promissarum

158 954 126 35 quibus
247 954 177 35 credidimus
386 954 63 35 &
411 954 101 35 quas
474 954 152 35 speramus
588 954 215 35 possessionem,
765 954 114 35 certe
841 954 114 35 neque
904 954 76 35 fide

172 987 87 38 am,
221 987 112 38 neque
296 987 87 38 spe
346 987 99 38 opus
408 987 112 38 erit:
482 987 149 38 charitas
594 987 99 38 vero
656 987 62 38 &
681 987 75 38 in
718 987 99 38 Deum
781 987 87 38 quo
830 987 99 38 tunc
880 987 87 38 frue¬-

168 1020 95 45 mur,
228 1020 59 45 &
251 1020 71 45 in
287 1020 131 45 Angelos
382 1020 107 45 bonos
454 1020 167 45 hominesque
584 1020 131 45 electos
680 1020 143 45 aeternae
787 1020 131 45 salutis
870 1020 107 45 socios,

159 1052 121 47 quibus
244 1052 169 47 arctissime
376 1052 157 47 conjuncti
497 1052 133 47 erimus,
594 1052 97 47 tunc
655 1052 121 47 maxime
739 1052 145 47 vigebit.

286 1092 141 54 Tantum
384 1092 84 54 de
427 1092 183 54 charitate
567 1092 113 54 erga
638 1092 127 54 Deum:
722 1092 169 54 sequitur

400 1160 287 51 CAPUT
560 1160 159 51 XI.

363 1213 86 53 In
406 1213 100 53 quo
463 1213 86 53 de
506 1213 143 53 fideli
606 1213 143 53 timore
692 1213 86 53 Dei.

172 1269 154 41 TIPSLIS
284 1269 126 41 TIMOR
368 1269 112 41 DEI,
438 1269 98 41 est
494 1269 154 41 virtus,
607 1269 98 41 dum
663 1269 84 41 ad
705 1269 140 41 verbum
803 1269 98 41 Dei
845 1269 126 41 tremen¬-

190 1297 101 55 Ttes
253 1297 88 55 per
304 1297 101 55 quod
367 1297 176 55 agnoscimus
505 1297 88 55 Dei
556 1297 164 55 justitiam
681 1297 63 55 &
707 1297 88 55 jus
757 1297 101 55 quod
820 1297 113 55 habet
895 1297 76 55 in
921 1297 50 55 o¬

74 1317 144 37 A

221 1339 91 39 mnes
278 1339 160 39 creaturas,
403 1339 57 39 &
426 1339 148 39 potentiam
540 1339 91 39 quam
597 1339 114 39 potest
677 1339 148 39 infligere
791 1339 126 39 poenas,
883 1339 68 39 ex
906 1339 68 39 fide

158 1365 184 41 subigimur
299 1365 212 41 inobsequium
469 1365 113 41 Dei,
540 1365 71 41 &
568 1365 156 41 timemus
682 1365 85 41 ut
724 1365 142 41 summum
823 1365 142 41 malum,
908 1365 71 41 ne¬-

161 1403 105 39 Deum
226 1403 183 39 tanibonum,
370 1403 92 39 tam
423 1403 170 39 beneficum
554 1403 131 39 Patrem
646 1403 157 39 peccatis
763 1403 196 39 offendamus:
908 1403 65 39 sed

160 1438 74 43 ea
197 1438 124 43 sedulo
284 1438 161 43 fugiamus,
407 1438 87 43 non
457 1438 124 43 tantum
544 1438 161 43 formidine
668 1438 136 43 poenae,
767 1438 87 43 sed
816 1438 112 43 multo
878 1438 87 43 magis

155 1461 113 46 amore
231 1461 75 46 in
268 1461 100 46 Deum
331 1461 150 46 impulsi.
444 1461 138 46 Vocatur
544 1461 125 46 quoque
632 1461 150 46 filialis
745 1461 113 46 timor
820 1461 100 46 Dei,
883 1461 100 46 quia
933 1461 75 46 est:

172 1503 134 43 proprius
272 1503 134 43 siliorum
373 1503 89 43 Dei.
428 1503 100 43 Prov.
495 1503 67 43 8.
529 1503 67 43 v.
562 1503 78 43 13.
607 1503 100 43 Psal.
674 1503 67 43 5.
707 1503 67 43 v.
741 1503 67 43 8.
774 1503 56 43 A
797 1503 145 43 Hieronymo
897 1503 67 43 dici

155 1540 88 34 tur
206 1540 138 34 sanctus
306 1540 126 34 timor,
394 1540 201 34 Commentariis
558 1540 75 34 in
596 1540 113 34 Psal.
671 1540 88 34 18.
721 1540 138 34 Vocatur
822 1540 113 34 etiam
885 1540 88 34 reve¬-

163 1565 124 45 rentia
249 1565 99 45 Dei,
311 1565 99 45 quae
373 1565 136 45 differt
472 1565 62 45 a
497 1565 186 45 veneratione
646 1565 99 45 Dei:
708 1565 112 45 Omnes
782 1565 99 45 enim
832 1565 136 45 promiscut

159 1602 178 40 venerantur
299 1602 115 40 Deum,
376 1602 115 40 pauci
452 1602 178 40 reverentur

199 1629 93 46 Ergo
258 1629 105 46 timor
327 1629 82 46 Dei
374 1629 70 46 ab
409 1629 105 46 amore
479 1629 93 46 ejus
537 1629 151 46 separatus
654 1629 82 46 non
700 1629 82 46 est
747 1629 151 46 filialis,
863 1629 82 46 nec
898 1629 70 46 cula

153 1661 84 45 tus
201 1661 96 45 Dei.
261 1661 108 45 Recte
332 1661 143 45 Gentilis
440 1661 108 45 Poeta
511 1661 119 45 dixit:

249 1698 131 40 Dderunt
344 1698 131 40 peccare
439 1698 95 40 mali
498 1698 154 40 formidine
605 1698 107 40 poenae,

244 1732 136 35 Qderunt
343 1732 136 35 peccare
441 1732 99 35 boni
503 1732 148 35 virtutis
602 1732 99 35 amore.

201 1749 88 53 Nos
252 1749 177 53 Scripturae
391 1749 126 53 Sacrae
479 1749 126 53 ductum
568 1749 152 53 sequuti,
681 1749 139 53 dicimus
782 1749 101 53 quod
845 1749 101 53 boni
896 1749 63 53 ode

159 1789 94 47 rint
218 1789 129 47 peccare
311 1789 105 47 amore
382 1789 82 47 Dei
429 1789 59 47 &
440 1789 129 47 pietatis:

196 1818 95 54 Porro
260 1818 95 54 talis
323 1818 95 54 timor
387 1818 127 54 filialis
482 1818 74 54 est
524 1818 63 54 in
556 1818 127 54 electis;
651 1818 63 54 ut
683 1818 63 54 in
715 1818 116 54 Noacho;
799 1818 95 54 Hebr.
863 1818 74 54 11.
905 1818 63 54 v.
926 1818 32 54 7

229 1861 151 37 Consistit
345 1861 69 37 in
380 1861 116 37 tribus
449 1861 93 37 rebus:

191 1884 130 46 Primo,
282 1884 78 46 ut
321 1884 104 46 Deum
386 1884 130 46 semper
477 1884 117 46 omnia
555 1884 130 46 nostra
647 1884 169 46 intuentem
777 1884 117 46 nobis
855 1884 104 46 ante
907 1884 52 46 o¬-

164 1925 123 46 culos
233 1925 164 46 proponamus

187 1950 141 53 Deinde,
290 1950 77 53 ut
328 1950 90 53 cum
379 1950 166 53 nostrarum
507 1950 218 53 cogitationum,
686 1950 166 53 dictorum,
802 1950 166 53 factorumque

164 1989 133 38 omnium
257 1989 133 38 testem
349 1989 66 38 &
376 1989 159 38 vindicem
495 1989 199 38 agnoscamus,
654 1989 80 38 ac
694 1989 186 38 revereamur

193 2027 144 40 Tertio,
297 2027 78 40 ne
337 2027 157 40 quidquam
454 2027 105 40 sit,
520 2027 105 40 quod
585 2027 118 40 magis
663 2027 170 40 metuamus,
794 2027 105 40 quam
859 2027 78 40 ne
886 2027 91 40 Deum;

156 2050 212 41 banefactorem
328 2050 146 41 nostrum
434 2050 199 41 offendamus,
593 2050 66 41 &
619 2050 106 41 iram
686 2050 119 41 atque
765 2050 159 41 judicium
871 2050 106 41 ipsius

162 2092 142 33 adversus
269 2092 83 33 nos
304 2092 130 33 iritemus.

191 2123 74 34 Ad
228 2123 135 34 timorem
326 2123 86 34 Dei
375 2123 147 34 filialem
485 2123 147 34 incitare
595 2123 86 34 nos
632 2123 86 34 debet

194 2156 71 35 I.
230 2156 94 35 Quia
288 2156 71 35 ad
324 2156 106 35 illum
394 2156 82 35 nos
441 2156 118 35 passim
524 2156 153 35 Scriptura
641 2156 177 35 exhortatur,
783 2156 118 35 veluti
865 2156 106 35 Psal.
924 2156 47 35 2.

168 2189 110 33 vers.
241 2189 86 33 11.
290 2189 123 33 Colite
376 2189 135 33 Iehovam
474 2189 86 33 cum
523 2189 184 33 reverentia;
671 2189 61 33 &
695 2189 159 33 exsultate
818 2189 86 33 cum
855 2189 110 33 tremore

167 2219 103 38 Psal.
235 2219 80 38 33.
281 2219 69 38 v.
316 2219 69 38 8.
350 2219 126 38 Timeant
442 2219 57 38 a
465 2219 115 38 Iehova
545 2219 103 38 omnes
614 2219 126 38 incolae
705 2219 126 38 terrae:
797 2219 69 38 ab
831 2219 92 38 ipso
877 2219 92 38 metuam

166 2258 106 34 omnes
237 2258 177 34 habitatores
378 2258 118 34 orbis.
461 2258 141 34 Proverb.
567 2258 71 34 3.
602 2258 71 34 v.
637 2258 71 34 7.
673 2258 141 34 Reverere
779 2258 130 34 Iehovam
873 2258 59 34 &
885 2258 82 34 rece¬-

162 2284 66 43 de
195 2284 55 43 a
217 2284 109 43 inalo.
293 2284 87 43 Jes.
348 2284 66 43 8.
381 2284 66 43 v.
413 2284 77 43 13.
457 2284 120 43 Iehovam
545 2284 153 43 exercituum
665 2284 98 43 ipsum
731 2284 186 43 sanctificate,
884 2284 55 43 &
905 2284 87 43 ipse

166 2315 77 46 sit
210 2315 100 46 timor
277 2315 122 46 vester,
365 2315 122 46 idemque
454 2315 77 46 sit
498 2315 111 46 pavori
576 2315 111 46 vobis.
653 2315 100 46 Hebr.
719 2315 77 46 12.
764 2315 66 46 v.
797 2315 77 46 28.
841 2315 77 46 Ita
874 2315 100 46 servia¬-

154 2356 89 31 mus
205 2356 102 31 Deo,
269 2356 76 31 ut
307 2356 76 31 ei
345 2356 178 31 placeamus,
485 2356 89 31 cum
535 2356 178 31 verecundia
675 2356 64 31 &
688 2356 165 31 reverentia.

194 2380 90 42 II.
246 2380 103 42 Quia
310 2380 77 42 ad
349 2380 129 42 eundem
439 2380 90 42 nos
490 2380 155 42 invitant
606 2380 167 42 attributa
735 2380 103 42 Dei.
800 2380 90 42 Nam
851 2380 103 42 Deus
903 2380 64 42 est

162 2415 174 43 omniscius,
298 2415 99 43 quem
360 2415 112 43 nihil
435 2415 136 43 prorsus
534 2415 124 43 latere
621 2415 136 43 potest:
720 2415 87 43 est
770 2415 186 43 omnipotens:
906 2415 62 43 est

157 2449 133 40 Dominus
254 2449 133 40 noster,
351 2449 133 40 Malach.
448 2449 73 40 1.
484 2449 109 40 vers.
545 2449 48 40 6.

196 2479 91 39 III.
253 2479 91 39 Quia
310 2479 68 39 ad
344 2479 114 39 eundem
424 2479 80 39 nos
469 2479 137 39 incitant
572 2479 103 39 opera
640 2479 91 39 Dei,
697 2479 114 39 Psalm.
777 2479 80 39 33.
823 2479 68 39 v.
857 2479 68 39 8,
891 2479 68 39 9,
914 2479 57 39 105

154 2511 72 38 I.
190 2511 132 38 Timeant
286 2511 60 38 a
310 2511 120 38 Iehova
393 2511 108 38 omnes
465 2511 132 38 incolae
561 2511 132 38 terrae:
657 2511 72 38 ab
693 2511 96 38 ipso
753 2511 132 38 metuant
848 2511 108 38 omnes
908 2511 60 38 ha¬-

163 2547 151 35 bitatores
280 2547 116 35 orbis;
361 2547 81 35 Nam
407 2547 93 35 ipso
466 2547 128 35 dicente
559 2547 139 35 quicquid
663 2547 93 35 est,
721 2547 93 35 ipso
779 2547 186 35 praecipiente
919 2547 58 35 ex¬-

166 2579 113 51 sistit,
238 2579 51 51 &c.

193 2606 81 56 IV.
240 2606 92 56 Quia
297 2606 81 56 est
343 2606 81 56 Deo
389 2606 127 56 gratus,
481 2606 104 56 Jesa.
550 2606 81 56 66.
596 2606 69 56 v.
631 2606 69 56 2.
665 2606 69 56 Ad
700 2606 92 56 hunc
757 2606 150 56 respicio,
872 2606 81 56 qui
907 2606 69 56 tre¬-

162 2646 87 44 mit
211 2646 74 44 ad
248 2646 149 44 sermones
347 2646 87 44 meos.

200 2675 66 44 V.
233 2675 88 44 aLia
288 2675 98 44 nobis
353 2675 77 44 est
397 2675 120 44 utilis,
485 2675 98 44 Psal.
550 2675 77 44 33.
594 2675 98 44 vers.
660 2675 77 44 18.
703 2675 120 44 Effecta
791 2675 88 44 enim
846 2675 88 44 ejus
900 2675 98 44 sunt:

156 2715 146 36 comiacuno
268 2715 101 36 omnis
336 2715 124 36 generis
426 2715 101 36 boni,
493 2715 56 36 &
516 2715 124 36 elapsio
606 2715 56 36 e
628 2715 101 36 malo,
696 2715 101 36 Psal.
763 2715 79 36 15.
808 2715 68 36 v.
842 2715 79 36 12,
887 2715 79 36 13,
921 2715 56 36 14.

152 2742 89 35 15.
203 2742 63 35 1
228 2742 76 35 in
267 2742 165 35 exnonitur
394 2742 102 35 quae
457 2742 140 35 rimenti
559 2742 102 35 Deum
622 2742 216 35 promittantur.
800 2742 89 35 Huc
838 2742 127 35 pertinem

153 2781 65 37 ea
186 2781 87 37 quae
240 2781 141 37 leguntur,
348 2781 97 37 Psal.
413 2781 76 37 25.
456 2781 65 37 v.
489 2781 76 37 12,
532 2781 76 37 13.
575 2781 76 37 14.
619 2781 97 37 Psal.
684 2781 76 37 34.
727 2781 97 37 vers.
792 2781 76 37 10.
835 2781 108 37 Timete
900 2781 76 37 Ieho¬-

154 2808 71 38 vi
190 2808 82 38 in,
237 2808 165 38 anctaeius:
366 2808 94 38 quia
425 2808 71 38 in
460 2808 82 38 est
508 2808 130 38 genuria
602 2808 165 38 timentibus
731 2808 94 38 cum.
790 2808 106 38 Psal.
861 2808 94 38 112.
908 2808 59 38 to¬-

154 2840 78 42 to.
198 2840 100 42 Jesm.
265 2840 78 42 23.
310 2840 100 42 vers.
377 2840 67 42 6.
410 2840 156 42 Ieveriacia
533 2840 123 42 Iehovae
622 2840 78 42 est
667 2840 145 42 thesaurus
778 2840 100 42 ejus.
845 2840 134 42 Proverb.
935 2840 33 42 3

174 2879 102 38 versic.
248 2879 55 38 2,
266 2879 37 38 2.

194 2901 97 48 Bona
255 2901 97 48 quae
316 2901 73 48 ex
352 2901 122 48 simore
437 2901 85 48 Dei
486 2901 122 48 scuali
571 2901 110 48 velut
644 2901 110 48 fonte
717 2901 170 48 promanant,
851 2901 97 48 sunt
900 2901 73 48 plu¬-

161 2941 107 44 rima,
232 2941 59 44 e
256 2941 119 44 quibus
339 2941 119 44 priian
422 2941 83 44 est
469 2941 178 44 issominatio
611 2941 178 44 intellectus
754 2941 83 44 per
801 2941 166 44 scientiam,
920 2941 47 44 sa

171 2974 139 41 qentiam,
276 2974 174 41 prudentiam:
414 2974 127 41 siccuma
507 2974 127 41 dicitur
600 2974 104 41 Psal.
669 2974 93 41 111.
727 2974 69 41 v.
762 2974 81 41 10.
808 2974 104 41 Caput
866 2974 104 41 sapiens

164 3008 85 38 tiae
218 3008 75 38 est
260 3008 75 38 res
303 3008 117 38 crentia
388 3008 117 38 Ieliev.
473 3008 53 38 .
495 3008 64 38 Et
527 3008 96 38 Prov.
590 3008 64 38 1.
622 3008 64 38 v.
654 3008 64 38 7.
686 3008 149 38 Reverentia
804 3008 117 38 lehovae
889 3008 75 38 est
921 3008 53 38 ca¬-

169 3039 76 41 put
212 3039 140 41 icientie,
320 3039 65 41 in
353 3039 119 41 quibius
439 3039 119 41 diceis,
526 3039 97 41 canut
590 3039 86 41 idem
644 3039 76 41 est
687 3039 86 41 quod
741 3039 151 41 princinium
860 3039 54 41 &
882 3039 86 41 fons
925 3039 54 41 ex¬-

159 3067 82 52 quo
206 3067 246 52 prosiuirscientia,
417 3067 164 52 sapiensiae
545 3067 164 52 prudentia.
674 3067 187 52 Aimilaficiis
826 3067 82 52 seu
861 3067 105 52 peccati

172 3103 146 39 abstralhit
286 3103 52 39 &
307 3103 63 39 in
339 3103 115 39 efficio
422 3103 136 39 concinet.
527 3103 94 39 Prov.
589 3103 73 39 16.
631 3103 63 39 v.
663 3103 63 39 6.
694 3103 115 39 Adiicit
778 3103 84 39 dies
830 3103 94 39 vitae
882 3103 94 39 nostrae

174 3139 93 33 Prov
232 3139 81 33 10.
279 3139 69 33 v.
313 3139 81 33 27.
360 3139 81 33 Eaa
406 3139 139 33 lnncuri:
510 3139 69 33 to
545 3139 104 33 ciae,
614 3139 69 33 ad
649 3139 162 33 recedendum
776 3139 174 33 atendiculis
904 3139 69 33 mor¬-

167 3168 85 55 tis,
220 3168 95 55 Prov.
284 3168 74 55 14.
326 3168 64 55 v.
358 3168 74 55 27.
400 3168 53 55 &
422 3168 64 55 c.
453 3168 74 55 19.
496 3168 64 55 v.
528 3168 74 55 23.
570 3168 95 55 Facit
633 3168 64 55 ut
665 3168 106 55 homini
739 3168 106 55 melius
814 3168 74 55 sit
856 3168 106 55 parum,
919 3168 64 55 quam

1005 180 153 62 thesauris
1123 180 118 62 emplus
1206 180 118 62 homini
1288 180 165 62 icucrentia
1418 180 83 62 Dei
1466 180 165 62 destitato.
1595 180 106 62 Vrov.
1666 180 83 62 15.
1713 180 71 62 v.
1737 180 59 62 16.

1060 229 107 48 Timer
1131 229 83 48 Dei
1179 229 59 48 &
1203 229 71 48 in
1238 229 95 48 vita
1298 229 166 48 αυλαρκειαν
1428 229 107 48 atque
1499 229 154 48 σιδυμιαν:
1618 229 83 48 &in
1666 229 119 48 morte,
1737 229 83 48 futu¬-

1012 253 84 54 rae
1060 253 108 54 vitae
1132 253 96 54 spem
1191 253 120 54 minime
1275 253 120 54 dubiam
1359 253 120 54 facit,
1442 253 120 54 quibus
1526 253 96 54 vera
1586 253 108 54 atque
1658 253 132 54 genuina
1741 253 84 54 feli¬-

1029 292 90 39 citas
1089 292 140 39 absolvitur

1051 318 102 46 Idem
1115 318 114 46 parit
1191 318 114 46 veram
1267 318 178 46 sapientiam
1407 318 64 46 &
1433 318 114 46 veram
1496 318 140 46 justitiam

1053 362 95 47 VI.
1108 362 109 47 Quia
1176 362 95 47 Deo
1230 362 149 47 omnibus
1339 362 163 47 momentis
1461 362 190 47 indigemus:
1611 362 163 47 timendus
1719 362 109 47 igitur

1013 389 55 43 a
1035 389 99 43 nobis
1101 389 121 43 filiali
1177 389 88 43 timore

1058 423 188 46 DEIICITUR.
1205 423 80 46 1.
1245 423 134 46 Summum
1339 423 121 46 bonum
1420 423 94 46 non
1473 423 134 46 potest
1567 423 148 46 timeri:
1674 423 107 46 quia
1728 423 94 46 timor

1014 454 85 50 est
1062 454 97 50 fuga
1123 454 109 50 mali:
1196 454 97 50 Deus
1257 454 85 50 est
1306 454 122 50 summum
1391 454 122 50 bonum.
1476 454 97 50 Deus
1536 454 97 50 ergo
1597 454 85 50 non
1646 454 122 50 potest
1719 454 97 50 timeri

1031 499 110 41 RESP.
1104 499 110 41 Major
1177 499 171 41 propositio
1311 499 134 41 negatur
1409 499 171 41 intellecta
1543 499 219 41 universaliter.
1725 499 73 41 Ut
1750 499 85 41 verae

1020 517 98 45 sit,
1081 517 135 45 oportet
1180 517 86 45 eam
1229 517 172 45 restringi.
1364 517 123 45 Summum
1450 517 111 45 bonum
1524 517 86 45 non
1573 517 123 45 potest
1659 517 135 45 timeri,
1745 517 86 45 nimi¬-

1010 561 87 45 rum
1059 561 149 45 quatenus
1171 561 87 45 est
1221 561 124 45 bonum;
1308 561 137 45 eatenus
1407 561 99 45 enim
1469 561 174 45 diligitur:
1606 561 87 45 sed
1655 561 149 45 quatenus
1755 561 74 45 est,

1015 592 113 48 etiam
1091 592 113 48 aliud
1166 592 113 48 quid,
1241 592 113 48 nempe
1316 592 150 48 quatenus
1429 592 100 48 idem
1491 592 88 48 est
1541 592 125 48 justum
1629 592 63 48 &
1654 592 125 48 potens
1741 592 75 48 ad
1766 592 63 48 pu¬-

1018 620 153 48 niendum.
1133 620 102 48 Deus
1196 620 102 48 ergo
1260 620 153 48 timetur,
1374 620 89 48 non
1425 620 153 48 quatenus
1540 620 89 48 est
1590 620 127 48 summum
1679 620 127 48 bonum,
1768 620 89 48 sic

1016 655 94 52 enim
1075 655 129 52 amatur:
1169 655 82 52 sed
1216 655 141 52 quatenus
1321 655 82 52 est
1368 655 117 52 justus
1450 655 70 52 et
1486 655 117 52 potens
1568 655 70 52 ad
1603 655 176 52 inssigendas
1732 655 94 52 puenat

1002 683 90 46 malis

1052 716 136 41 Timoris
1150 716 86 41 Dei
1200 716 148 41 τεκμήρια
1310 716 99 41 sunt
1372 716 99 41 bona
1434 716 111 41 opera
1508 716 99 41 quae
1569 716 99 41 Deus
1631 716 160 41 requirit,
1742 716 86 41 prae¬-

1023 741 124 57 fertim
1109 741 173 57 temporibus
1246 741 186 57 periculosis
1394 741 173 57 praestita:
1531 741 87 57 Ita
1580 741 136 57 Hobadja
1667 741 161 57 commendatur

1023 786 96 39 quod
1083 786 120 39 fuerit
1167 786 108 39 valde
1240 786 120 39 timens
1324 786 144 39 Jehovae,
1432 786 108 39 idque
1504 786 156 39 probatur,
1624 786 96 39 quia
1685 786 120 39 centum
1757 786 72 39 pro¬-

1020 823 117 50 phetas
1102 823 82 50 Dei
1149 823 176 50 absconderit
1290 823 59 50 &
1313 823 141 50 aluerit,
1419 823 152 50 exercente
1536 823 141 50 Jesabele
1641 823 70 50 in
1677 823 82 50 eos
1712 823 117 50 tyranni¬-

1017 852 71 39 dem
1058 852 61 39 1.
1088 852 82 39 Reg.
1139 852 71 39 18.
1180 852 61 39 v.
1210 852 61 39 3.
1241 852 61 39 4,
1272 852 71 39 12,
1302 852 51 39 13.

1053 868 118 62 Timori
1136 868 83 62 Dei
1183 868 118 62 sideli
1266 868 154 62 opponitur
1385 868 83 62 tum
1432 868 154 62 infidelis
1551 868 107 62 timor
1622 868 95 62 Dei:
1681 868 83 62 tum
1716 868 107 62 securi¬-

1018 916 84 53 tas
1066 916 156 53 carnalis,
1186 916 108 53 timor
1258 916 216 53 idololatricus,
1439 916 60 53 &
1463 916 108 53 timor
1535 916 132 53 hominum
1631 916 120 53 potius
1715 916 96 53 quam
1763 916 72 53 Dei:

1049 949 137 37 Infidelis
1155 949 95 37 timor
1219 949 85 37 Dei,
1272 949 74 37 est
1314 949 74 37 qui
1356 949 63 37 ex
1388 949 169 37 infidelitate
1525 949 180 37 proficiscitur

1049 972 115 51 Estque
1130 972 81 51 vel
1176 972 104 51 timor
1246 972 81 51 Dei
1292 972 185 51 καζαχρισικώς
1442 972 81 51 sic
1488 972 173 51 appellatus,
1626 972 81 51 vel
1672 972 104 51 timor
1742 972 81 51 Dei
1776 972 58 51 va¬-

1015 1010 91 42 nus,
1071 1010 80 42 vel
1117 1010 136 42 servilis
1219 1010 102 42 timor
1276 1010 57 42 Dei

1050 1026 105 64 Timor
1120 1026 81 64 Dei
1167 1026 163 64 αυχρησικώς
1295 1026 81 64 sic
1341 1026 174 64 appellatus,
1481 1026 81 64 est
1527 1026 140 64 vitiosus
1632 1026 58 64 &
1655 1026 151 64 perversus
1771 1026 93 64 cul¬

1014 1077 83 48 tus
1061 1077 94 48 Dei,
1120 1077 71 48 2.
1156 1077 94 48 Reg.
1215 1077 83 48 17.
1262 1077 71 48 v.
1298 1077 83 48 32,
1345 1077 83 48 33.
1392 1077 83 48 Sic
1439 1077 189 48 reverebantur
1593 1077 142 48 Iehovam:
1699 1077 59 48 &
1711 1077 118 48 facieban

1030 1108 88 48 sibi
1085 1108 55 48 e
1107 1108 110 48 numero
1184 1108 77 48 suo
1228 1108 154 48 sacerdotes
1348 1108 165 48 excelsorum,
1480 1108 77 48 qui
1524 1108 99 48 saera
1590 1108 143 48 faciebant
1699 1108 77 48 eis
1743 1108 66 48 in
1765 1108 77 48 aede¬-

1016 1151 175 43 excelsorum
1154 1151 125 43 Iehova
1242 1151 213 43 reverebantur;
1417 1151 63 43 &
1443 1151 100 43 deos
1505 1151 100 43 suos
1568 1151 150 43 colebant
1681 1151 125 43 cxritu
1756 1151 75 43 Gen¬-

1021 1174 101 37 tium
1085 1174 101 37 quas
1148 1174 215 37 deportaverant
1312 1174 89 37 inde.

1056 1207 109 47 Timor
1129 1207 85 47 Dei
1177 1207 121 47 vanus,
1262 1207 85 47 est
1311 1207 121 47 timere
1395 1207 182 47 offensionem
1541 1207 61 47 &
1565 1207 97 47 iram
1626 1207 97 47 Dei,
1686 1207 85 47 ubi
1735 1207 85 47 non
1771 1207 61 47 est

1027 1237 119 47 timendi
1114 1237 98 47 causa
1179 1237 98 47 ulla.
1244 1237 98 47 Psal.
1309 1237 76 47 14.
1352 1237 65 47 v.
1385 1237 65 47 5.
1417 1237 76 47 est
1461 1237 173 47 hypocriticus
1602 1237 108 47 timor,
1677 1237 108 47 qualis
1753 1237 76 47 est
1786 1237 54 47 Pa¬-

1017 1277 155 47 pistarum,
1136 1277 83 47 qui
1184 1277 119 47 timent
1267 1277 95 47 iram
1326 1277 83 47 Dei
1374 1277 95 47 quum
1434 1277 131 47 violant
1529 1277 178 47 traditiones
1671 1277 143 47 stultas,
1767 1277 71 47 quum

1017 1314 123 40 nolunt
1103 1314 111 40 vesci
1177 1314 148 40 carnibus
1287 1314 123 40 diebus
1373 1314 62 40 a
1398 1314 160 40 Pontifice
1521 1314 123 40 Romano
1607 1314 197 40 interdictis;
1767 1314 62 40 &
1779 1314 62 40 non

1017 1342 124 37 timent
1103 1342 99 37 iram
1165 1342 99 37 Dei,
1227 1342 99 37 quum
1288 1342 198 37 pertinaciter
1449 1342 173 37 propugnant
1585 1342 210 37 idololatriam,
1758 1342 62 37 &
1770 1342 62 37 ho¬-

1021 1372 119 47 mines
1100 1372 106 47 pios
1167 1372 225 47 innocentesque
1352 1372 119 47 ferro
1432 1372 66 47 &
1458 1372 146 47 flammis
1564 1372 225 47 persequuntur,
1737 1372 106 47 eosque

1004 1401 144 44 trucidant.

1054 1420 135 55 Servilis
1155 1420 101 55 timor
1222 1420 90 55 Dei,
1278 1420 79 55 est
1323 1420 101 55 metus
1391 1420 90 55 irae
1447 1420 79 55 Dei
1492 1420 56 55 &
1514 1420 124 55 judicij
1604 1420 112 55 divini
1683 1420 135 55 adversus
1773 1420 67 55 pec¬-

1013 1469 115 48 cata,
1090 1469 89 48 quo
1141 1469 115 48 impij
1217 1469 204 48 percelluntur
1382 1469 76 48 ut
1421 1469 140 48 fugiant
1522 1469 102 48 Deum
1586 1469 64 48 &
1612 1469 140 48 fremant
1701 1469 127 48 adversus

1025 1505 105 43 eum,
1090 1505 170 43 separatus
1221 1505 65 43 a
1248 1505 170 43 charitate
1379 1505 79 43 in
1418 1505 105 43 Deum
1483 1505 65 43 &
1510 1505 92 43 cum
1562 1505 105 43 odio
1627 1505 92 43 Dei
1667 1505 170 43 conjunctus,

1019 1540 118 41 Qualis
1102 1540 83 41 est
1149 1540 71 41 in
1185 1540 166 41 daemoniis,
1315 1540 95 41 item
1374 1540 71 41 in
1409 1540 154 41 hominibus
1528 1540 130 41 impiis,
1622 1540 71 41 ut
1658 1540 130 41 Cajino,
1740 1540 95 41 Saule;

1031 1572 92 36 uda;
1088 1572 69 36 de
1122 1572 80 36 quo
1168 1572 114 36 timore
1248 1572 126 36 dicitur
1340 1572 69 36 I.
1374 1572 92 36 Joh.
1431 1572 69 36 4.
1465 1572 69 36 v.
1500 1572 80 36 18.
1545 1572 103 36 Metus
1614 1572 80 36 non
1660 1572 80 36 est
1706 1572 69 36 in
1729 1572 114 36 charita¬-

1019 1606 88 44 te:
1070 1606 138 44 integra
1170 1606 151 44 charitus
1283 1606 113 44 foras
1358 1606 125 44 eficit
1446 1606 125 44 metum:
1534 1606 138 44 quoniam
1634 1606 113 44 metus
1697 1606 138 44 cruciatum

1027 1630 121 42 habet:
1112 1630 85 42 qui
1160 1630 109 42 autem
1233 1630 133 42 metuit,
1330 1630 85 42 non
1378 1630 85 42 est
1427 1630 182 42 consummatus
1572 1630 73 42 in
1597 1630 133 42 charitate

1084 1662 144 59 Differunt
1195 1662 111 59 igitur
1272 1662 133 59 fillalis
1371 1662 100 59 timor
1438 1662 77 59 Dei
1482 1662 55 59 &
1504 1662 144 59 servilis:
1615 1662 88 59 ille
1670 1662 55 59 a
1692 1662 144 59 charitate
1792 1662 44 59 in

1016 1686 98 48 Deum
1077 1686 219 48 proficiscitur,
1260 1686 85 48 hic
1308 1686 73 48 ab
1333 1686 73 48 odio

1063 1731 147 39 Praeterea
1176 1731 124 39 differt
1266 1731 102 39 timor
1334 1731 79 39 hic
1379 1731 79 39 Dei
1425 1731 57 39 a
1447 1731 124 39 terrore
1538 1731 90 39 Dei,
1594 1731 68 39 id
1628 1731 90 39 est,
1685 1731 90 39 quem
1741 1731 90 39 Deus
1786 1731 57 39 in¬-

1016 1765 107 43 cutit
1088 1765 167 43 hominibus,
1219 1765 119 43 iisque
1302 1765 83 43 vel
1350 1765 167 43 fidelibus,
1481 1765 71 43 ut
1516 1765 83 43 eos
1564 1765 143 43 comparet
1671 1765 71 43 ad
1707 1765 131 43 sanctam
1790 1765 36 43 &

1020 1801 163 39 religiosam
1149 1801 187 39 perceptionem
1301 1801 105 39 verbi
1371 1801 128 39 divini,
1464 1801 70 39 ut
1499 1801 117 39 Abramo
1581 1801 117 39 Genes.
1663 1801 82 39 15.
1709 1801 105 39 vers.
1768 1801 58 39 12.

1020 1829 99 46 Mosi,
1086 1829 99 46 Exod.
1152 1829 66 46 3.
1185 1829 66 46 v.
1218 1829 66 46 6.
1251 1829 121 46 Danieli
1339 1829 66 46 c.
1372 1829 77 46 10.
1416 1829 77 46 vel
1461 1829 176 46 infidelibus,
1604 1829 66 46 ut
1637 1829 110 46 veluti
1714 1829 99 46 freno
1769 1829 66 46 ali¬-

1017 1866 81 41 quo
1064 1866 196 41 contineantur,
1225 1866 69 41 ne
1260 1866 92 41 quid
1318 1866 69 41 in
1353 1866 92 41 pios
1410 1866 127 41 tentare
1503 1866 127 41 ausint;
1595 1866 69 41 de
1630 1866 104 41 quali
1699 1866 127 41 terrore
1780 1866 58 41 di¬-

1021 1901 102 34 citur
1088 1901 90 34 Gen.
1145 1901 79 34 35.
1190 1901 68 34 v.
1224 1901 68 34 5.
1258 1901 113 34 Deinde
1337 1901 135 34 profecti
1438 1901 90 34 sunt
1495 1901 90 34 (nam
1551 1901 113 34 inerat
1630 1901 113 34 terror
1709 1901 79 34 Dei
1743 1901 79 34 civi¬-

1012 1934 125 37 tatibus
1103 1934 114 37 illis,
1183 1934 91 37 quae
1239 1934 194 37 circumstabant
1399 1934 114 37 ipsos,
1479 1934 91 37 adeo
1536 1934 68 37 ut
1570 1934 80 37 non
1616 1934 205 37 persequerentur
1775 1934 57 37 ab¬-

1016 1963 107 51 euntes
1091 1963 107 51 filios
1167 1963 118 51 lacobi.
1252 1963 97 51 Exod.
1317 1963 75 51 23.
1360 1963 64 51 v.
1392 1963 75 51 27.
1435 1963 97 51 Deut.
1499 1963 64 51 4.
1531 1963 64 51 v.
1564 1963 75 51 34.
1607 1963 64 51 2.
1639 1963 107 51 Chron.
1714 1963 75 51 14.
1757 1963 64 51 v.
1778 1963 54 51 14.

1017 1991 158 45 Ejusmodi
1135 1991 158 45 terrorem
1253 1991 118 45 vulgo
1332 1991 158 45 terrorem
1450 1991 145 45 Panicum
1555 1991 171 45 nominant.

1043 2027 151 29 Servilis
1157 2027 113 29 timor
1232 2027 88 29 Dei
1282 2027 88 29 est
1333 2027 113 29 nobis
1408 2027 176 29 deponendus
1547 2027 63 29 &
1559 2027 126 29 cavendus

1041 2053 75 50 I.
1078 2053 100 50 Quia
1141 2053 88 50 est
1191 2053 63 50 a
1216 2053 88 50 Deo
1266 2053 188 50 prohibitus,
1416 2053 75 50 ut
1453 2053 75 50 ad
1491 2053 125 50 Mariam
1578 2053 138 50 dicebat
1678 2053 138 50 Angelus
1766 2053 63 50 Ga¬-

1011 2084 106 61 briel
1082 2084 94 61 Luc.
1141 2084 71 61 1.
1177 2084 71 61 v.
1212 2084 83 61 30.
1259 2084 71 61 Ne
1295 2084 94 61 time
1354 2084 118 61 Maria:
1436 2084 71 61 ad
1472 2084 142 61 pastores
1578 2084 224 61 Bethlehemiticos
1755 2084 71 61 Luc.

1006 2119 67 42 2.
1039 2119 67 42 5.
1073 2119 67 42 10
1106 2119 67 42 ne
1129 2119 89 42 timeto

1049 2149 83 41 II.
1097 2149 95 41 Quia
1156 2149 107 41 sumus
1227 2149 71 41 in
1263 2149 119 41 gratia
1346 2149 95 41 apud
1405 2149 107 41 Deum,
1476 2149 95 41 Luc.
1535 2149 71 41 1.
1571 2149 71 41 v.
1595 2149 59 41 30.

1041 2189 102 53 III.
1105 2189 102 53 Quia
1168 2189 114 53 nobis
1245 2189 114 53 natus
1321 2189 89 53 est
1372 2189 165 53 Servator,
1499 2189 89 53 qui
1549 2189 89 53 est
1600 2189 152 53 Christus
1702 2189 127 53 Dominus;

1018 2213 80 46 Luc.
1068 2213 60 46 2.
1098 2213 91 46 vers.
1149 2213 50 46 10.

1051 2245 152 47 Securitas
1168 2245 152 47 carnalis,
1285 2245 82 47 est
1332 2245 152 47 peccatum,
1449 2245 94 47 quum
1507 2245 129 47 vivitur
1601 2245 94 47 sine
1660 2245 105 47 cura,
1730 2245 94 47 sine
1777 2245 58 47 ti¬-

1015 2289 89 35 more
1071 2289 89 35 irae
1126 2289 78 35 Dei
1171 2289 56 35 &
1193 2289 123 35 judicij
1283 2289 112 35 divini
1361 2289 134 35 adversus
1461 2289 134 35 peccata,
1561 2289 100 35 Prov.
1628 2289 78 35 28.
1673 2289 67 35 v.
1706 2289 78 35 24.
1740 2289 89 35 Beatus

1013 2319 115 46 homo,
1090 2319 89 46 qui
1141 2319 76 46 ad
1179 2319 115 46 modum
1255 2319 115 46 pavet
1332 2319 153 46 jugiter,
1447 2319 89 46 qui
1498 2319 115 46 autem
1574 2319 140 46 obdurat
1676 2319 115 46 animu
1740 2319 89 46 suum,

1016 2345 96 42 ruet
1076 2345 72 42 in
1112 2345 120 42 malum.
1196 2345 120 42 Matth.
1280 2345 84 42 12.
1328 2345 72 42 v.
1352 2345 60 42 44.

1051 2369 140 53 Securitas
1159 2369 108 53 duplex
1234 2369 86 53 est,
1288 2369 75 53 vel
1331 2369 65 53 in
1364 2369 119 53 impiis,
1450 2369 75 53 vel
1493 2369 97 53 etiam
1547 2369 86 53 inpiis

1070 2411 155 51 Securitas
1189 2411 71 51 in
1225 2411 131 51 impiis,
1320 2411 83 51 est
1368 2411 143 51 omnimoda
1475 2411 143 51 carentia
1582 2411 179 51 reverentiae
1725 2411 95 51 Dei,
1772 2411 60 51 gi¬-

1004 2444 121 46 gnens
1084 2444 188 46 Epicuraeum
1232 2444 67 46 &
1259 2444 188 46 Cyclopicum
1406 2444 174 46 contemtum
1540 2444 107 46 Dei,
1607 2444 67 46 &
1634 2444 161 46 stuporem
1742 2444 81 46 pla¬-

1009 2480 75 40 ne
1047 2480 164 40 stolidum,
1173 2480 189 40 negligentem
1324 2480 101 40 iram
1387 2480 63 40 &
1412 2480 151 40 judicium
1513 2480 75 40 Dei.

1051 2509 103 46 Illi,
1119 2509 69 46 in
1154 2509 115 46 quibus
1234 2509 103 46 talis
1303 2509 149 46 securitas
1418 2509 92 46 est,
1476 2509 161 46 nominantur
1602 2509 69 46 in
1637 2509 149 46 Scriptura
1740 2509 92 46 Sacra¬-

1027 2542 123 41 stulti,
1117 2542 101 41 velut
1184 2542 101 41 Prov.
1251 2542 67 41 3.
1285 2542 67 41 v.
1318 2542 67 41 7.
1352 2542 157 41 Sapientiam
1475 2542 67 41 ac
1509 2542 168 41 eruditionem
1644 2542 112 41 stulti
1711 2542 112 41 spernunt

1014 2582 71 36 id
1050 2582 95 36 est,
1109 2582 107 36 vacui
1180 2582 166 36 reverentia
1310 2582 95 36 Dei.
1369 2582 95 36 Hinc
1429 2582 189 36 intelligitur
1582 2582 95 36 quam
1642 2582 142 36 diversum
1748 2582 83 36 sit
1784 2582 47 36 de

1022 2611 130 36 stultis
1116 2611 141 36 judicium
1222 2611 106 36 mundi
1293 2611 59 36 &
1317 2611 141 36 Spiritus
1423 2611 94 36 Dei.
1482 2611 118 36 Mundus
1564 2611 106 36 illos
1635 2611 130 36 stultos
1729 2611 94 36 esse
1776 2611 59 36 ju¬-

1011 2648 125 35 dicat,
1098 2648 87 35 qui
1148 2648 87 35 vel
1198 2648 112 35 mente
1273 2648 112 35 capti
1348 2648 100 35 sunt
1410 2648 87 35 vel
1460 2648 75 35 ad
1497 2648 87 35 tem
1547 2648 100 35 suam
1610 2648 150 35 augendam
1722 2648 62 35 &
1735 2648 87 35 alios

1026 2682 235 34 circumveniendos,
1226 2682 82 34 aut
1273 2682 71 34 ne
1309 2682 71 34 ab
1344 2682 106 34 aliis
1414 2682 223 34 circumveniantur
1603 2682 82 34 non
1650 2682 106 34 satis
1708 2682 118 34 attenti;

1018 2708 124 54 callidi
1108 2708 57 54 &
1131 2708 192 54 circumspecti:
1289 2708 68 54 At
1323 2708 136 54 Spiritus
1425 2708 79 54 Dei
1470 2708 90 54 vere
1527 2708 124 54 stultos
1617 2708 90 54 esse
1674 2708 136 54 affirmat
1764 2708 68 54 eos;

1033 2740 78 36 qui
1078 2740 156 36 reverentia
1200 2740 78 36 Dei
1245 2740 89 36 sumt
1290 2740 134 36 destituti.

1047 2765 147 47 Securitas
1160 2765 68 47 in
1194 2765 102 47 piis,
1261 2765 79 47 est
1307 2765 136 47 frigidus
1408 2765 57 47 &
1431 2765 147 47 languidus
1544 2765 102 47 timor
1612 2765 90 47 Dei,
1668 2765 68 47 in
1702 2765 102 47 rebus
1759 2765 79 47 prae¬-

1015 2805 135 50 sertim
1109 2805 175 50 secundis.
1243 2805 161 50 Exemplum
1364 2805 94 50 est
1418 2805 81 50 in
1458 2805 148 50 Davide,
1566 2805 202 50 quemadmodum
1714 2805 121 50 ipsemet

1023 2842 128 40 fatetur
1117 2842 105 40 Psal.
1187 2842 82 40 30.
1233 2842 70 40 v.
1268 2842 70 40 7.
1303 2842 82 40 Ego
1350 2842 128 40 dicebam
1443 2842 70 40 in
1478 2842 210 40 tranquillitate
1653 2842 93 40 mea,
1711 2842 82 40 non
1746 2842 82 40 dimo¬-

1017 2871 111 41 vebor
1091 2871 74 41 in
1128 2871 149 41 saculum:
1240 2871 136 41 Iehova,
1339 2871 198 41 beneuolentia
1500 2871 87 41 tua
1549 2871 198 41 constituerus
1710 2871 74 41 in
1735 2871 99 41 monto¬-

1015 2909 89 42 meo
1066 2909 127 42 robur.
1155 2909 166 42 Similiter
1283 2909 64 42 m
1308 2909 191 42 Corinthiis,
1461 2909 76 42 ad
1500 2909 102 42 quos
1563 2909 76 42 in
1602 2909 102 42 hunc
1665 2909 115 42 modum
1729 2909 102 42 scribi

1019 2943 114 38 Paulus,
1102 2943 62 38 1.
1133 2943 83 38 Cor.
1185 2943 73 38 11.
1226 2943 62 38 v.
1258 2943 62 38 2.
1299 2943 73 38 29,
1341 2943 73 38 30,
1382 2943 73 38 31.
1424 2943 73 38 Qui
1465 2943 83 38 edit
1517 2943 52 38 &
1538 2943 94 38 bibit
1600 2943 125 38 indigne,
1694 2943 125 38 judicium
1777 2943 52 38 sit

1019 2973 119 42 biipsi
1102 2973 95 42 edit
1162 2973 59 42 &
1186 2973 119 42 bibit,
1269 2973 83 42 non
1316 2973 167 42 discernens
1447 2973 119 42 corpus
1531 2973 131 42 Domini.
1626 2973 155 42 Propterea
1733 2973 95 42 inter¬-

1028 3011 89 40 vos
1079 3011 114 40 multi
1155 3011 102 40 sunt
1219 3011 140 40 infirmi
1320 3011 63 40 &
1346 3011 216 40 valetudinarij
1524 3011 63 40 &
1549 3011 152 40 dormiunt
1663 3011 127 40 multi.
1739 3011 102 40 Etenim

1014 3039 71 44 si
1050 3039 83 44 nos
1097 3039 107 44 ipsos
1169 3039 190 44 judicaremus,
1324 3039 83 44 non
1359 3039 155 44 judicaremur

1060 3061 90 51 Alia
1116 3061 78 51 est
1161 3061 145 51 securitas
1272 3061 112 51 fidei,
1351 3061 90 51 quam
1407 3061 101 51 nihil
1474 3061 157 51 haesitamus
1597 3061 67 51 de
1630 3061 201 51 promissionibus
1787 3061 56 51 di¬-

1026 3104 109 40 vinis
1099 3104 85 40 sed
1147 3104 121 40 futura
1232 3104 61 40 a
1256 3104 85 40 Deo
1304 3104 145 40 promissa
1413 3104 85 40 tam
1462 3104 109 40 certa
1534 3104 145 40 habemus;
1643 3104 97 40 quam
1704 3104 73 40 si
1728 3104 121 40 praesen¬-

1036 3139 79 56 cia
1081 3139 123 56 essent.
1170 3139 112 56 Sancta
1249 3139 90 56 haec
1305 3139 56 56 &
1328 3139 157 56 Christiana
1451 3139 79 56 est
1496 3139 157 56 securitas,
1619 3139 90 56 quam
1676 3139 146 56 Scriptura
1777 3139 67 56 pas¬-

1023 3171 82 46 sim
1070 3171 164 46 commendat.
1199 3171 70 46 I.
1234 3171 117 46 Johan.
1317 3171 70 46 3.
1352 3171 106 46 vers.
1410 3171 59 46 19.
