2063 3421
236 178 122 51 Tiieor
321 178 220 51 idololatricis,
505 178 86 51 eii
554 178 98 51 quum
615 178 134 51 timetur
713 178 73 51 ab
749 178 134 51 idolis:
847 178 122 51 qualis
933 178 98 51 erat
981 178 86 51 timor

214 217 163 44 Gentilium,
343 217 82 44 qui
389 217 58 44 a
413 217 117 44 signis
494 217 117 44 coeli,
576 217 58 44 a
599 217 93 44 diis
658 217 93 44 suis
716 217 163 44 metuebant:
844 217 105 44 Atqui
914 217 82 44 dij
949 217 82 44 Genti

202 251 91 37 hum
254 251 155 37 metuendi
370 251 91 37 non
422 251 103 37 sunt
487 251 103 37 quia
551 251 91 37 non
603 251 116 37 sunt.
681 251 155 37 Gentiles
797 251 168 37 imitantur
914 251 116 37 Papani¬-

202 283 143 35 timentes
309 283 60 35 a
333 283 143 35 sanctis,
440 283 95 35 quos
500 283 119 35 iratos
583 283 95 35 sibi
643 283 95 35 fore
702 283 191 35 arbitrantur,
857 283 95 35 nisi
917 283 119 35 honore
988 283 48 35 eo

201 314 112 41 illos
275 314 174 41 afficiant,
411 314 87 41 quo
461 314 99 41 Papa
523 314 124 41 jubet:
610 314 87 41 qui
659 314 136 41 metuunt
758 314 211 41 indignationem
932 314 112 41 Petri
994 314 37 41 &

204 351 125 38 Pauli,
292 351 100 38 quam
355 351 176 38 incursuros
493 351 100 38 Papa
556 351 138 38 minatur
656 351 100 38 eos,
719 351 88 38 qui
769 351 138 38 edictis
869 351 100 38 ejus
919 351 113 38 contra¬

198 387 120 38 veniunt.

242 411 122 41 Timor
324 411 149 41 hominum
432 411 136 41 potius
527 411 109 41 quam
595 411 109 41 Dei,
663 411 95 41 est
717 411 163 41 peccatum
839 411 109 41 quum
907 411 109 41 quis
962 411 81 41 plus

208 449 133 45 timoris
305 449 85 45 non
353 449 133 45 ratione
450 449 85 45 sed
498 449 145 45 respectu
607 449 169 45 praesentis
740 449 169 45 potestatis
874 449 157 45 hominibus
982 449 61 45 di¬-

199 487 116 38 cat,
271 487 116 38 quam
343 487 101 38 Deo
401 487 173 38 Trinuno:
531 487 217 38 Quemadmodum
704 487 116 38 Saul
776 487 116 38 plus
848 487 144 38 timuit
935 487 101 38 popu¬-

201 516 90 36 lum
253 516 103 36 quam
317 516 103 36 Deum
381 516 77 36 1.
420 516 103 36 Sam.
484 516 90 36 15.
535 516 77 36 v.
574 516 90 36 24.
626 516 167 36 Pharisaei
754 516 103 36 plus
818 516 154 36 timebant
921 516 116 36 populum

202 551 83 44 ne
244 551 236 44 lapidarentur,
438 551 111 44 quam
494 551 83 44 Deum

245 564 91 65 Sic
297 564 209 65 Tertullianus
467 564 91 65 ait
519 564 78 65 de
559 564 144 65 Romanis
663 564 78 65 in
702 564 196 65 Apologetico
859 564 157 65 adversus
964 564 78 65 Gen¬-

210 614 93 44 tes,
269 614 93 44 cap.
327 614 82 44 27.
374 614 117 44 Ventum
455 614 82 44 est
502 614 117 44 igitur
584 614 70 44 ad
619 614 140 44 secundum
724 614 128 44 titulum
817 614 117 44 laesae
887 614 152 44 augustioris

200 654 188 32 majestatis:
350 654 150 32 siquidem
462 654 125 32 majore
550 654 163 32 formidine
675 654 63 32 &
700 654 175 32 callidiore
837 654 175 32 timiditate
962 654 75 32 Cae¬-

193 681 115 48 sarem
270 681 192 48 observatis,
424 681 102 48 quam
488 681 115 48 ipsum
564 681 77 48 de
603 681 128 48 Olympo
692 681 128 48 Iovem,
782 681 64 48 &
808 681 128 48 merito
897 681 77 48 si
923 681 115 48 sciatis

211 718 102 46 Quis
275 718 102 46 enim
339 718 77 46 ex
377 718 179 46 viventibus
518 718 89 46 non
569 718 153 46 quolibet
684 718 128 46 mortuo
774 718 141 46 potior?
876 718 89 46 Sed
927 718 89 46 nec
978 718 89 46 hoc

205 743 82 47 vos
252 743 128 47 ratione
345 743 128 47 facitis
439 743 117 47 potius
521 743 93 47 quam
579 743 140 47 respectu
684 743 198 47 praesentaneae
848 743 175 47 potestatis,
976 743 70 47 adeo

213 777 59 50 &
237 777 71 50 in
272 777 94 50 isto
331 777 177 50 irreligiosi
473 777 94 50 erga
532 777 94 50 Deos
591 777 130 50 vestros
686 777 224 50 deprehendimini,
875 777 94 50 quum
934 777 94 50 plus
981 777 59 50 ti¬-

200 819 118 39 moris
279 819 131 39 humano
371 819 144 39 dominio
476 819 158 39 dicatis:
594 819 131 39 citius
686 819 144 39 denique
791 819 105 39 apud
856 819 92 39 vos
909 819 92 39 per
948 819 105 39 omnes.

204 847 110 59 deos,
277 847 98 59 quam
339 847 86 59 per
388 847 98 59 unum
449 847 123 59 genium
535 847 147 59 Caesaris
645 847 172 59 pejeratur.

361 884 145 55 Tantum
462 884 87 55 de
505 884 145 55 fideli
607 884 145 55 cimore
708 884 116 55 Dei:
766 884 145 55 sequitur

448 984 281 65 CAPUT
604 984 187 65 XII.

374 1037 95 68 In
422 1037 110 68 quo
485 1037 95 68 de
532 1037 221 68 Humilitate
705 1037 142 68 coram
784 1037 95 68 Deo.

162 1110 75 47 T
207 1110 195 47 TUMILITAS
357 1110 135 47 coram
447 1110 120 47 Deo,
522 1110 105 47 est
582 1110 165 47 virtus,
701 1110 105 47 cum
761 1110 105 47 nos
821 1110 135 47 verbo
911 1110 75 47 &
926 1110 120 47 manda¬-

204 1147 123 62 TItis
287 1147 96 62 Dei
341 1147 123 62 ultro
424 1147 69 62 &
451 1147 82 62 ex
492 1147 123 62 animo
575 1147 233 62 subjicientes,
767 1147 206 62 submittimus
931 1147 96 62 sub
972 1147 110 62 poten¬-

290 1188 77 38 ti
329 1188 102 38 manu
392 1188 89 38 Dei
443 1188 64 38 &
469 1188 89 38 nos
520 1188 128 38 ipsos,
609 1188 77 38 id
648 1188 102 38 est,
711 1188 140 38 nostram
814 1188 204 38 indignitatem
967 1188 89 38 coram

208 1215 95 42 Deo
263 1215 216 42 agnoscentes,
438 1215 149 42 humanam
546 1215 149 42 nostram
654 1215 257 42 imbecillitatem,
870 1215 162 42 rerumque
978 1215 68 42 se¬-

203 1253 155 41 cundarum
319 1253 232 41 instabilitatem
513 1253 232 41 considerantes,
706 1253 129 41 animis
796 1253 90 41 non
848 1253 180 41 efferimur,
990 1253 90 41 sed

204 1289 122 32 omnem
286 1289 162 32 fiduciam
407 1289 176 32 nostrarum
542 1289 162 32 virtutum
664 1289 68 32 &
691 1289 135 32 virium
785 1289 189 32 abjicimus,
934 1289 68 32 &
947 1289 95 32 agno¬-

199 1322 127 34 scimus
288 1322 102 34 quod
352 1322 114 34 omnia
428 1322 114 34 bona,
504 1322 102 34 quae
568 1322 76 34 in
606 1322 114 34 nobis
682 1322 102 34 sunt
745 1322 63 34 &
771 1322 89 34 per
821 1322 89 34 nos
872 1322 127 34 fiunt,
961 1322 89 34 non
999 1322 51 34 ex

200 1355 164 35 dignitate
327 1355 88 35 aut
377 1355 164 35 facultate
503 1355 126 35 aliqua
591 1355 139 35 nostra,
692 1355 88 35 sed
743 1355 76 35 ex
781 1355 151 35 gratuita
894 1355 88 35 Dei
932 1355 126 35 bonitate

203 1388 184 42 exsistant,
347 1388 118 42 atque
426 1388 92 42 ita
479 1388 92 42 nos
531 1388 197 42 comparamus,
689 1388 79 42 ut
728 1388 92 42 qui
780 1388 184 42 commutatis
925 1388 118 42 rebus
990 1388 53 42 se

194 1423 130 43 cundis
285 1423 91 43 cum
337 1423 170 43 adversis,
468 1423 157 43 miserias
585 1423 78 43 ac
624 1423 196 43 calamitates
781 1423 91 43 jam
833 1423 130 43 jamque
911 1423 144 43 instantes

195 1461 178 38 exspectemus.
339 1461 67 38 I.
373 1461 89 38 Cor.
428 1461 67 38 4.
462 1461 67 38 v.
495 1461 67 38 7.
528 1461 89 38 Job.
584 1461 67 38 1.
617 1461 67 38 v.
650 1461 78 38 21.
695 1461 67 38 1.
728 1461 111 38 Chron.
806 1461 78 38 29.
850 1461 67 38 v.
884 1461 78 38 12,
928 1461 78 38 14,
961 1461 56 38 17.

240 1490 183 44 Humilitatis
386 1490 183 44 commendatio
533 1490 122 44 exstat
618 1490 73 44 in
655 1490 98 44 Joh.
716 1490 98 44 Cal.
777 1490 134 44 instit.
875 1490 110 44 libro
936 1490 122 44 secundo,

205 1523 100 53 cap.
267 1523 150 53 secundo,
380 1523 113 53 sect.
442 1523 100 53 decima

290 1556 108 39 Huic
357 1556 148 39 virtuti
451 1556 162 39 studendum:

235 1588 78 42 I.
274 1588 105 42 Quia
339 1588 65 42 a
366 1588 91 42 Deo
418 1588 196 42 praecipitur
575 1588 118 42 primo
653 1588 170 42 praecepto
784 1588 157 42 Decalogi
901 1588 65 42 &
927 1588 131 42 passim
1006 1588 52 42 in

187 1621 166 51 Scriptura.

245 1661 72 45 2.
281 1661 96 45 Quia
341 1661 84 45 est
389 1661 84 45 Deo
436 1661 120 45 grata,
520 1661 108 45 Jesa.
592 1661 84 45 66.
640 1661 72 45 v.
675 1661 72 45 2.
711 1661 72 45 In
747 1661 96 45 hunc
807 1661 143 45 respicio
915 1661 72 45 in
938 1661 120 45 pauperem

207 1685 67 54 &
233 1685 173 54 contritum
353 1685 133 54 spiritu.

248 1717 70 56 3.
283 1717 94 56 Quia
342 1717 82 56 cum
389 1717 70 56 ea
424 1717 152 56 conjuncta
541 1717 82 56 est
588 1717 164 56 sapientia.
717 1717 106 56 Prov.
788 1717 82 56 11.
835 1717 70 56 v.
858 1717 47 56 2.

245 1765 81 38 14.
292 1765 92 38 Quia
349 1765 115 38 affert
430 1765 115 38 homini
511 1765 138 38 quicquid
614 1765 92 38 ipsi
672 1765 104 38 utile
741 1765 58 38 &
764 1765 115 38 gratum
845 1765 58 38 &
868 1765 104 38 suave
937 1765 92 38 est,
995 1765 92 38 sic¬

211 1796 76 41 ut
249 1796 139 41 dicitur
351 1796 152 41 Proverb.
465 1796 76 41 3.
503 1796 76 41 v.
541 1796 89 41 34.
592 1796 101 41 Deus
655 1796 165 41 humilibus
782 1796 89 41 dat
832 1796 152 41 gratiam.
934 1796 114 41 Provert

211 1840 86 42 16.
260 1840 73 42 v.
296 1840 86 42 19.
345 1840 122 42 Melius
431 1840 86 42 est
480 1840 159 42 submissum
602 1840 98 42 esse
663 1840 135 42 spiritu
761 1840 86 42 cum
810 1840 171 42 mansuetis,
945 1840 98 42 quam
994 1840 73 42 par¬-

211 1862 101 52 tiri
274 1862 138 52 spolium
375 1862 88 52 eum
413 1862 138 52 superbis.

243 1886 75 53 5.
280 1886 100 53 Quia
342 1886 112 53 coram
417 1886 87 53 Deo
467 1886 112 53 nihil
542 1886 125 53 sumus,
629 1886 87 53 imo
679 1886 112 53 minus
753 1886 137 53 nihilo,
853 1886 112 53 Jesa.
928 1886 87 53 40.
978 1886 75 53 v.
1003 1886 62 53 15,

216 1940 83 31 16,
263 1940 83 31 17.
311 1940 154 31 Humilitas
429 1940 118 31 oritur
512 1940 71 31 ex
547 1940 165 31 cognitione
677 1940 95 31 sui:
736 1940 106 31 γνδδι
807 1940 142 31 σεανλον.
913 1940 83 31 Nam
960 1940 83 31 cui
996 1940 59 31 co¬-

213 1969 111 45 gnita
287 1969 86 45 est
336 1969 123 45 misera
422 1969 99 45 post
484 1969 123 45 lapsum
570 1969 99 45 Adae
632 1969 148 45 cognitio
743 1969 136 45 nostra,
841 1969 74 45 is
878 1969 123 45 pudore
952 1969 111 45 obrutus

213 1997 86 47 vere
267 1997 86 47 sibi
321 1997 86 47 ipsi
364 1997 151 47 displicebit.

251 2028 78 40 6.
290 2028 104 40 Quia
355 2028 143 40 comitem
459 2028 117 40 habet
536 2028 220 40 beatitudinem,
718 2028 117 40 sicut
796 2028 156 40 Christus
912 2028 91 40 ait
951 2028 104 40 Matth.

224 2069 127 39 Severs.
317 2069 70 39 3.
352 2069 104 39 Beati
421 2069 139 39 pauperes
526 2069 139 39 spiritu.
630 2069 162 39 Intelligit
757 2069 81 39 per
804 2069 139 39 pauperes
908 2069 127 39 spiritu
989 2069 81 39 corde

215 2100 85 39 suo
264 2100 122 39 revera
349 2100 146 39 humiles,
458 2100 85 39 qui
507 2100 158 39 agnoscunt
629 2100 73 39 se
665 2100 122 39 natura
750 2100 85 39 sua
799 2100 85 39 vel
848 2100 73 39 ex
884 2100 73 39 se
921 2100 110 39 nihil
982 2100 85 39 boni¬-

223 2133 146 46 habere,
329 2133 119 46 nudos
408 2133 66 46 &
435 2133 146 46 egentes
541 2133 106 46 esse
607 2133 133 46 omnium
700 2133 146 46 bonorum
806 2133 66 46 &
833 2133 66 46 a
859 2133 93 46 Deo
912 2133 80 46 ea
939 2133 119 46 gratui.

222 2169 71 42 to
258 2169 154 42 accipere,
376 2169 95 42 Luc.
435 2169 71 42 9.
470 2169 71 42 v.
494 2169 59 42 48.

254 2190 76 56 7.
292 2190 101 56 Quia
355 2190 101 56 sine
418 2190 76 56 ea
456 2190 113 56 nihil
532 2190 101 56 sunt
595 2190 101 56 bona
658 2190 126 56 opera.
746 2190 139 56 Miranda
847 2190 126 56 quippe
935 2190 113 56 actio
998 2190 63 56 cum

218 2237 148 38 eiatione
329 2237 123 38 animi,
415 2237 86 38 non
465 2237 136 38 elevat,
563 2237 86 38 sed
613 2237 136 38 gravat,
711 2237 86 38 sed
761 2237 160 38 deprimit.
884 2237 86 38 Qui
934 2237 99 38 enim
983 2237 74 38 sin¬-

218 2269 175 44 humilitate
356 2269 150 44 virtutes
469 2269 175 44 congregat,
607 2269 113 44 quasi
682 2269 75 44 in
719 2269 113 44 vento
795 2269 150 44 pulverem
907 2269 163 44 comportat

254 2308 72 39 8.
290 2308 96 39 Quia
350 2308 84 39 est
398 2308 96 39 vera
458 2308 72 39 ad
494 2308 192 39 sublimitatem
650 2308 96 39 via:
710 2308 108 39 sicut
782 2308 144 39 Christus
890 2308 120 39 dicit,
974 2308 84 39 Qui
1010 2308 60 39 se¬-

225 2335 111 47 ipsum
299 2335 161 47 humiliai,
423 2335 198 47 exaltabitur.
584 2335 149 47 Proverb.
695 2335 87 47 15.
745 2335 74 47 v.
782 2335 87 47 33.
832 2335 99 47 ante
894 2335 136 47 honorem
980 2335 87 47 abje¬-

219 2373 105 45 ctio.
289 2373 70 45 Et
324 2373 93 45 cap.
382 2373 81 45 18.
429 2373 70 45 v.
464 2373 81 45 12.
510 2373 70 45 An
545 2373 93 45 teit
603 2373 128 45 honorem
685 2373 116 45 abjectio

254 2402 76 47 9.
292 2402 101 47 Quia
355 2402 76 47 ad
393 2402 113 47 illam
469 2402 151 47 Christus
582 2402 88 47 suo
632 2402 139 47 exemplo
733 2402 88 47 nos
783 2402 151 47 invitat:
897 2402 126 47 veluti
972 2402 101 47 Johan.

224 2443 89 38 12.
275 2443 102 38 ver.
339 2443 76 38 4.
377 2443 64 38 &
402 2443 204 38 sequentibus:
568 2443 76 38 Ad
606 2443 127 38 eandem
695 2443 153 38 invitant
810 2443 89 38 nos
860 2443 140 38 exempla
949 2443 115 38 aliorum

224 2469 183 44 sanctorum,
367 2469 78 44 ut
407 2469 157 44 Abrahami
524 2469 91 44 qui
576 2469 157 44 agnoscit
694 2469 78 44 se
733 2469 157 44 pulverem
850 2469 65 44 &
876 2469 144 44 cinerem
968 2469 91 44 esse.

218 2498 153 56 Apostoli
333 2498 127 56 Actor.
422 2498 76 56 3.
460 2498 115 56 vers.
536 2498 89 56 12.
587 2498 204 56 profitentur,
753 2498 165 56 miraculum
880 2498 127 56 sanati
969 2498 127 56 claudi
1045 2498 64 56 non

221 2539 128 47 factum
311 2539 141 47 ipsorum
413 2539 141 47 virtute
516 2539 64 47 &
529 2539 115 47 pietate

262 2572 95 47 10.
317 2572 108 47 Quia
384 2572 108 47 illa
452 2572 149 47 propria
560 2572 95 47 est
615 2572 244 47 Christianorum;
818 2572 190 47 Augustinus
953 2572 122 47 secundo

231 2612 110 40 tomo,
304 2612 158 40 Epistolam
426 2612 280 40 quinquagesimasexta,
670 2612 98 40 pag.
731 2612 134 40 centes.
828 2612 171 40 septuages.
962 2612 98 40 ait:
1011 2612 61 40 Nec

236 2644 121 40 aliam
316 2644 108 40 tibi
384 2644 81 40 ad
424 2644 202 40 capessendam
586 2644 67 40 &
613 2644 189 40 obtinendam
762 2644 175 40 veritatem
897 2644 108 40 viam
951 2644 121 40 munias,

235 2676 104 47 quam
300 2676 104 47 quae
365 2676 130 47 munita
457 2676 91 47 est
509 2676 78 47 ab
548 2676 104 47 illo
613 2676 91 47 qui
665 2676 156 47 gressuum
782 2676 169 47 nostrorum
913 2676 143 47 tanquam
1004 2676 78 47 Deus

230 2708 103 45 videt
298 2708 194 45 infirmitacem.
458 2708 69 45 Ea
492 2708 80 45 est
538 2708 91 45 aute
595 2708 69 45 1.
629 2708 160 45 humilitas,
755 2708 69 45 2.
789 2708 160 45 humilitas,
915 2708 69 45 3.
938 2708 137 45 humilitas,

236 2743 61 48 &
260 2743 134 48 quoties
358 2743 195 48 interrogares
517 2743 85 48 hoc
565 2743 147 48 dicerem,
675 2743 85 48 non
724 2743 85 48 quo
773 2743 98 48 alia
834 2743 85 48 non
883 2743 98 48 sint
932 2743 134 48 praecept.

232 2776 104 51 quae
297 2776 168 51 dicantur,
426 2776 91 51 sed
478 2776 104 51 nisi
543 2776 168 51 humilitas
672 2776 116 51 omnia
750 2776 181 51 quaecunque
892 2776 194 51 benefacimus
1034 2776 39 51 &

240 2818 200 39 praecesserit
403 2818 63 39 &
428 2818 163 39 comitetur
553 2818 63 39 &
578 2818 175 39 consequuta
716 2818 138 39 fuerit,
816 2818 63 39 &
841 2818 163 39 proposita
966 2818 100 39 quam
1016 2818 50 39 in

231 2853 89 35 ti,
282 2853 128 35 camur,
372 2853 64 35 &
397 2853 153 35 apposita
512 2853 89 35 cui
564 2853 205 35 adhaereamus,
730 2853 64 35 &
755 2853 153 35 imposita
870 2853 89 35 qua
909 2853 166 35 reprimamur:

226 2884 89 50 jam
277 2884 115 50 nobis
354 2884 76 50 de
392 2884 127 50 aliquo
481 2884 102 50 bono
544 2884 115 50 facto
621 2884 204 50 gaudentibus,
786 2884 115 50 totum
863 2884 165 50 extorquet
990 2884 76 50 de
1015 2884 64 50 ma¬-

230 2913 73 47 ni
266 2913 158 47 superbia:
388 2913 110 47 vitia
461 2913 122 47 quippe
546 2913 134 47 caetera
644 2913 73 47 in
680 2913 158 47 peccatis,
802 2913 146 47 superbia
912 2913 97 47 vero
972 2913 110 47 etiam
1033 2913 49 47 in

253 2953 97 35 pecte
318 2953 108 35 factis
394 2953 119 35 timenda
481 2953 87 35 est,
535 2953 65 35 ne
567 2953 87 35 illa
621 2953 87 35 quae
675 2953 173 35 laudabiliter
816 2953 97 35 facta
881 2953 97 35 sunt,
946 2953 108 35 ipsius
1011 2953 65 35 lau¬-

249 2978 84 39 dis
297 2978 168 39 cupiditate
429 2978 180 39 amittantur.
574 2978 120 39 Itaque
658 2978 108 39 sicut
730 2978 120 39 rhetor
814 2978 96 39 ille
875 2978 192 39 nobilissimus
1019 2978 60 39 cum

252 3013 190 40 interrogatus
406 3013 119 40 esset,
490 3013 95 40 quid
549 3013 71 40 ei
584 3013 119 40 primum
668 3013 154 40 videretur
786 3013 71 40 in
822 3013 166 40 eloquentia
941 3013 142 40 praeceptis

249 3052 161 39 observari
372 3052 161 39 oportere,
496 3052 235 39 pronunciationem
693 3052 136 39 dicitur
792 3052 198 39 respondisse,
953 3052 99 39 quum
1002 3052 74 39 quae

249 3085 135 41 reretur
347 3085 98 41 quid
408 3085 147 41 secundo,
518 3085 123 41 eandem
604 3085 245 41 pronunciationem,
812 3085 98 41 quid
874 3085 135 41 tertio,
972 3085 110 41 nihil
1033 3085 49 41 a¬-

251 3116 96 45 liud
311 3116 96 45 quam
370 3116 227 45 pronunciationem
562 3116 143 45 dixisse:
669 3116 72 45 si
705 3116 203 45 interrogares,
872 3116 60 45 &
896 3116 131 45 quoties
979 3116 96 45 inter¬-

251 3148 127 44 rogares
344 3148 69 44 de
378 3148 161 44 praeceptis
505 3148 173 44 Christianae
644 3148 173 44 religionis,
782 3148 104 44 nihil
851 3148 69 44 me
886 3148 104 44 aliud
944 3148 138 44 respondere

258 3190 87 39 nisi
313 3190 164 39 humititatem
444 3190 131 39 liberet,
542 3190 87 39 etsi
597 3190 98 39 forte
662 3190 87 39 alia
717 3190 109 39 dicere
793 3190 153 39 necessitas
903 3190 109 39 cogeret.

298 3212 158 41 Humilitas
420 3212 110 41 coram
493 3212 85 41 Deo
541 3212 85 41 est
590 3212 85 41 vel
639 3212 146 41 occulta,
748 3212 73 41 in
785 3212 110 41 sensu
858 3212 122 41 animi:
943 3212 85 41 vel
979 3212 110 41 manise¬-

253 3248 88 52 sta,
308 3248 66 52 in
341 3248 132 52 sermone,
440 3248 77 52 aut
484 3248 66 52 in
517 3248 99 52 cultu
583 3248 143 52 corporis,
692 3248 77 52 aut
736 3248 66 52 in
769 3248 99 52 gestu
835 3248 121 52 ejusde,
923 3248 77 52 aut
967 3248 66 52 in
989 3248 99 52 factis.

1115 180 178 43 Humilitati
1255 180 165 43 opponitur
1382 180 152 43 superbia
1496 180 64 43 &
1522 180 152 43 simulata
1624 180 152 43 humilitas.

1107 220 161 50 Superbia,
1231 220 99 50 quae
1293 220 62 50 &
1318 220 174 50 arrogantia
1454 220 149 50 dicitur,
1566 220 87 50 est
1616 220 161 50 peccatum,
1740 220 99 50 quum
1802 220 99 50 quis
1852 220 62 50 De:

1077 252 75 45 um
1115 252 63 45 &
1140 252 125 45 verbum
1228 252 125 45 illius
1315 252 163 45 contemnit
1441 252 63 45 &
1466 252 150 45 deridet,
1578 252 175 45 praeceptis
1716 252 88 45 Dei
1766 252 88 45 non
1804 252 100 45 acquie

1075 287 115 49 scit,
1152 287 89 49 sed
1203 287 128 49 humana
1292 287 179 49 anteponit,
1433 287 64 49 &
1458 287 115 49 elata
1535 287 102 49 manu
1599 287 153 49 adversus
1714 287 102 49 Deum
1777 287 140 49 peccat,
1867 287 38 49 &

1093 324 83 41 nec
1141 324 155 41 mandatis,
1260 324 83 41 nec
1308 324 227 41 promissionibus,
1499 324 83 41 nec
1546 324 107 41 minis
1618 324 143 41 divinis,
1725 324 83 41 imo
1773 324 83 41 nec
1809 324 95 41 casti¬-

1086 355 169 48 gationibus
1218 355 60 48 &
1243 355 205 48 calamitatibus
1411 355 84 48 cor
1459 355 96 48 suum
1520 355 157 48 emolliri,
1640 355 120 48 flecti
1724 355 60 48 &
1748 355 120 48 domari
1821 355 84 48 pati¬-

1086 391 94 38 tur,
1145 391 83 38 sed
1192 391 83 38 Deo
1240 391 154 38 adversari
1358 391 130 38 pergit,
1452 391 83 38 tum
1500 391 94 38 sine
1559 391 154 38 agnitione
1677 391 142 38 propriae
1771 391 142 38 infirmita¬-

1094 416 97 47 tis,
1155 416 97 47 sese
1215 416 158 47 admiratur
1337 416 61 47 &
1361 416 170 47 magnifacit
1495 416 134 47 propter
1592 416 134 47 aliquas
1689 416 122 47 dotes,
1774 416 61 47 &
1799 416 109 47 animo
1859 416 49 47 in

1084 450 113 55 ssatus
1163 450 79 55 est
1208 450 125 55 propter
1299 450 79 55 res
1344 450 136 55 secundas
1446 450 91 55 sibi
1503 450 68 55 ex
1537 450 91 55 voto
1594 450 147 55 fluentes,
1707 450 57 55 &
1730 450 125 55 propria
1809 450 102 55 sapien¬-

1097 481 81 50 ia,
1144 481 162 50 prudentia,
1271 481 162 50 sanctitate
1398 481 58 50 &
1421 481 127 50 viribus
1513 481 127 50 turget,
1605 481 127 50 sibique
1698 481 127 50 tribuit
1790 481 115 50 majora
1859 481 58 50 vi¬-

1090 519 112 54 ribus,
1168 519 56 54 &
1191 519 101 54 alios
1258 519 146 54 despicit,
1371 519 90 54 Jes.
1427 519 67 54 3.
1461 519 67 54 v.
1495 519 67 54 4.
1528 519 56 54 &
1551 519 180 54 sequentibus:
1697 519 56 54 &
1720 519 79 54 29.
1765 519 67 54 v.
1798 519 79 54 13.
1832 519 90 54 Matth.

1101 557 61 42 5.
1131 557 61 42 v.
1162 557 61 42 8.
1192 557 122 42 Proverb.
1284 557 61 42 8.
1314 557 61 42 v.
1345 557 71 42 13.
1385 557 51 42 &
1406 557 81 42 cap.
1457 557 71 42 16.
1497 557 61 42 v.
1528 557 61 42 1.
1558 557 91 42 Apoc.
1619 557 61 42 3.
1650 557 61 42 v.
1680 557 61 42 7.
1711 557 81 42 Gal.
1762 557 61 42 6.
1792 557 61 42 v.
1812 557 41 42 3.

1146 581 105 57 Eaque
1216 581 81 57 est
1263 581 81 57 vel
1309 581 140 57 occulta,
1414 581 70 57 in
1449 581 105 57 sensu
1519 581 116 57 animi;
1600 581 81 57 vel
1646 581 163 57 manifesta,
1774 581 70 57 in
1798 581 116 57 sermones

1096 620 118 50 qualis
1179 620 94 50 erat
1238 620 224 50 Nebucadnetzaris
1427 620 118 50 Magni,
1510 620 94 50 Dan.
1569 620 71 50 3.
1604 620 71 50 v.
1640 620 83 50 15.
1687 620 59 50 &
1710 620 71 50 4.
1746 620 71 50 v.
1781 620 83 50 30.
1829 620 59 50 &
1840 620 83 50 juve¬-

1090 656 80 43 nis
1135 656 115 43 illius
1216 656 115 43 Matth.
1296 656 80 43 19.
1342 656 69 43 v.
1377 656 80 43 20.
1423 656 80 43 aut
1469 656 69 43 in
1503 656 103 43 cultu
1572 656 149 43 corporis,
1687 656 115 43 qualis
1768 656 92 43 erat
1814 656 103 43 Herodia

1089 685 109 49 Actor.
1165 685 76 49 12.
1209 685 98 49 vers.
1274 685 76 49 21.
1317 685 76 49 aut
1361 685 65 49 in
1393 685 98 49 gestu
1458 685 141 49 corporis,
1567 685 76 49 aut
1610 685 65 49 in
1643 685 109 49 factis
1719 685 141 49 superbis,
1827 685 65 49 ut
1849 685 76 49 fuit,

1084 715 245 56 Nebucadnetzaris
1291 715 129 56 Magni,
1381 715 103 56 Dan.
1445 715 77 56 5.
1484 715 116 56 vers.
1562 715 90 56 20.
1613 715 65 56 &
1639 715 219 56 Belschatzaris
1820 715 103 56 Dan.
1871 715 52 56 5.

1090 748 113 44 versic.
1162 748 51 44 23.

1125 780 88 50 Est
1175 780 113 50 autem
1250 780 163 50 fugienda,
1375 780 75 50 ob
1412 780 163 50 sequentes
1537 780 163 50 rationes:
1662 780 125 50 quarum
1737 780 75 50 est,

1121 818 69 57 I.
1155 818 92 57 Quia
1212 818 57 57 a
1235 818 80 57 Deo
1281 818 172 57 prohibetur,
1419 818 103 57 Prov.
1487 818 69 57 3.
1522 818 69 57 v.
1556 818 69 57 7.
1591 818 69 57 Ne
1625 818 92 57 esto
1682 818 126 57 sapiens
1774 818 126 57 judicio
1854 818 69 57 tuo.

1090 851 99 47 Psal.
1156 851 77 47 75.
1200 851 66 47 v.
1234 851 66 47 5,
1267 851 66 47 6.
1300 851 111 47 Dicens
1377 851 199 47 insanientibus,
1543 851 66 47 ne
1576 851 166 47 insaniatis,
1709 851 55 47 &
1731 851 144 47 improbis,
1842 851 66 47 ne
1864 851 55 47 at¬-

1089 896 146 42 tollatis
1199 896 122 42 cornu:
1284 896 73 42 Ne
1320 896 171 42 attollatis
1455 896 122 42 contra
1540 896 146 42 excelsum
1650 896 110 42 cornu
1723 896 146 42 vestrum;
1833 896 73 42 ne
1857 896 61 42 lo¬-

1090 919 138 51 quamini
1191 919 113 51 collo
1254 919 88 51 duro.

1131 952 87 50 II.
1180 952 99 50 Quia
1242 952 124 50 oritur
1329 952 74 50 ex
1366 952 99 50 vana
1428 952 136 50 fiducia
1527 952 111 50 rerum
1601 952 99 50 quae
1663 952 87 50 vel
1713 952 87 50 non
1762 952 149 50 habentur
1861 952 62 50 ve¬-

1098 995 91 43 non
1150 995 91 43 diu
1202 995 195 43 retinentur.
1358 995 91 43 Nam
1410 995 130 43 quidam
1501 995 182 43 superbiunt
1645 995 78 43 ex
1684 995 156 43 opinione
1788 995 143 43 pietatis,

1089 1027 154 47 virtutis,
1207 1027 177 47 dignitatis,
1349 1027 177 47 opulentiae,
1491 1027 95 47 quum
1550 1027 106 47 nihil
1621 1027 106 47 horum
1692 1027 177 47 possideant,
1833 1027 71 47 1.
1857 1027 71 47 Joh.

1103 1061 70 47 1.
1138 1061 70 47 v.
1174 1061 70 47 8.
1209 1061 117 47 quidam
1291 1061 70 47 ex
1326 1061 176 47 possessione
1466 1061 176 47 divitiarum,
1606 1061 140 47 Proverb.
1712 1061 82 47 18.
1759 1061 70 47 v.
1794 1061 70 47 11
1817 1061 117 47 dignita¬-

1094 1093 104 44 tum,
1159 1093 169 44 regnorum,
1289 1093 222 44 principatuum,
1472 1093 130 44 quibus
1563 1093 169 44 facillime
1693 1093 91 44 vel
1746 1093 91 44 per
1798 1093 130 44 mortem
1876 1093 65 44 vel

1100 1125 90 50 per
1151 1125 115 50 alios
1228 1125 115 50 casus
1305 1125 180 50 privantur,
1447 1125 77 50 ut
1485 1125 167 50 ostendunt
1613 1125 141 50 exempla
1716 1125 90 50 tot
1767 1125 128 50 Regum,
1844 1125 90 50 Impe¬-

1100 1165 139 44 ratorum
1201 1165 63 44 &
1227 1165 177 44 Principum,
1366 1165 88 44 qui
1416 1165 114 44 morte
1492 1165 88 44 vel
1542 1165 114 44 uliis
1618 1165 114 44 modis
1694 1165 114 44 exuti
1770 1165 101 44 sunt
1820 1165 114 44 regnis,

1095 1188 163 46 imperiis,
1209 1188 188 46 Principatibus

1129 1223 105 41 III.
1195 1223 105 41 Quia
1260 1223 145 41 comitem
1366 1223 118 41 habet
1444 1223 197 41 ignominiam,
1602 1223 158 41 Proverb.
1721 1223 92 41 11.
1773 1223 79 41 v.
1813 1223 79 41 2.
1839 1223 92 41 Adve¬-

1089 1261 138 47 nienti
1186 1261 179 47 superbiae
1323 1261 138 47 ovenit
1419 1261 193 47 ignominia.
1571 1261 165 47 Testatur
1694 1261 165 47 exemplum
1804 1261 138 47 Nebucad¬-

1107 1292 146 44 netzaris
1204 1292 98 44 Magni¬-

1133 1324 92 50 IV.
1185 1324 105 50 Quia
1251 1324 105 50 Deum
1316 1324 118 50 habet
1395 1324 210 50 adversarium,
1565 1324 157 50 Proverb.
1683 1324 79 50 3.
1722 1324 79 50 v.
1762 1324 92 50 34.
1801 1324 144 50 Derisoret

1106 1356 81 53 ipse
1156 1356 121 53 deridet,
1247 1356 101 53 Jacob.
1318 1356 61 53 4.
1348 1356 61 53 v.
1378 1356 61 53 6.
1409 1356 81 53 Deus
1459 1356 121 53 superbis
1550 1356 131 53 resistit.
1651 1356 61 53 1.
1681 1356 91 53 Petr.
1742 1356 61 53 5.
1772 1356 91 53 vers.
1823 1356 40 53 5.

1142 1394 75 41 V.
1180 1394 100 41 Quia
1243 1394 150 41 accersit
1355 1394 125 41 magnas
1443 1394 188 41 calamitates
1593 1394 63 41 &
1618 1394 138 41 ruinam.
1718 1394 113 41 Certe
1793 1394 88 41 qui
1843 1394 113 41 super

1104 1421 115 49 biunt,
1185 1421 115 49 magnae
1266 1421 115 49 alicui
1347 1421 162 49 calamitati
1474 1421 58 49 &
1497 1421 115 49 ruinae
1578 1421 150 49 exitioque
1693 1421 115 49 vicini
1774 1421 92 49 esse
1832 1421 127 49 solent.

1103 1462 148 43 Proverb.
1214 1462 86 43 15.
1263 1462 99 43 ver.
1325 1462 86 43 25.
1374 1462 111 43 Domum
1448 1462 173 43 superborum
1584 1462 136 43 evellit
1683 1462 136 43 Iehova.
1782 1462 74 43 Et
1819 1462 99 43 cap.
1868 1462 62 43 16.

1099 1500 114 42 vers.
1175 1500 88 42 18.
1226 1500 101 42 Ante
1289 1500 214 42 confractionem
1465 1500 88 42 (id
1516 1500 101 42 est,
1579 1500 126 42 gravem
1667 1500 139 42 aliquam
1755 1500 177 42 calamitatem,

1106 1529 146 45 superbia,
1218 1529 56 45 &
1241 1529 90 45 ante
1297 1529 113 45 lapsum
1376 1529 90 45 alti
1432 1529 90 45 sunt
1489 1529 146 45 spiritus.
1601 1529 68 45 Et
1635 1529 90 45 cap.
1691 1529 79 45 18.
1737 1529 68 45 v.
1770 1529 79 45 12.
1815 1529 90 45 ante
1860 1529 68 45 con¬-

1108 1560 156 49 fractionem
1230 1560 134 49 attollit
1331 1560 67 49 se
1364 1560 111 49 animus
1442 1560 100 49 viri.
1509 1560 100 49 Jesa.
1576 1560 67 49 8.
1609 1560 67 49 v.
1642 1560 67 49 6.
1676 1560 56 49 &
1698 1560 78 49 10.
1743 1560 67 49 v.
1776 1560 78 49 12.
1821 1560 56 49 &
1832 1560 100 49 sequen¬-

1107 1596 117 46 tibus.
1189 1596 140 46 Testatur
1295 1596 140 46 exemplum
1400 1596 129 46 Herodis
1494 1596 140 46 Agrippae
1599 1596 94 46 Act.
1658 1596 82 46 12.
1704 1596 70 46 v.
1740 1596 82 46 21,
1786 1596 82 46 22,
1821 1596 59 46 23.

1136 1628 85 46 VI.
1184 1628 97 46 Quia
1245 1628 109 46 illam
1318 1628 146 46 inprimis
1427 1628 61 46 a
1451 1628 73 46 se
1488 1628 134 46 amoveri
1585 1628 134 46 fideles
1682 1628 170 46 precantur,
1816 1628 109 46 Psal.
1876 1628 61 46 19.

1107 1660 100 45 vers.
1162 1660 56 45 24.

1133 1695 103 58 VII.
1198 1695 103 58 Quia
1262 1695 90 58 est
1314 1695 155 58 scopulus
1430 1695 168 58 virtutum,
1559 1695 77 58 in
1598 1695 103 58 quem
1662 1695 181 58 allidentes
1804 1695 90 58 non
1843 1695 103 58 pauci¬-

1099 1728 190 43 naufragium
1235 1728 150 43 fecerunt.

1147 1763 108 40 VIII.
1219 1763 96 40 Quia
1279 1763 144 40 mendacem
1387 1763 108 40 facit
1459 1763 108 40 Deum,
1531 1763 72 40 1.
1566 1763 120 40 Johan.
1650 1763 72 40 1.
1686 1763 72 40 v.
1722 1763 72 40 10
1758 1763 72 40 id
1794 1763 96 40 est,
1842 1763 96 40 reddi¬-

1109 1797 153 40 sermonem
1224 1797 102 40 Dei,
1288 1797 89 40 nos
1338 1797 140 40 peccati
1440 1797 178 40 arguentis,
1580 1797 115 40 vanum
1657 1797 140 40 quantum
1759 1797 76 40 in
1797 1797 76 40 se
1835 1797 102 40 est.
1886 1797 51 40 Si

1106 1832 87 45 non
1155 1832 187 45 peccavimus,
1305 1832 137 45 quorsum
1405 1832 187 45 sacrificiis
1554 1832 100 45 olim
1617 1832 62 45 &
1642 1832 187 45 promissione
1779 1832 162 45 expiationis

1120 1874 86 35 per
1169 1874 148 35 Christum
1280 1874 135 35 futurae
1378 1874 86 35 vel
1427 1874 98 35 nunc
1489 1874 135 35 Christo
1587 1874 62 35 &
1612 1874 160 35 Evangelio
1735 1874 135 35 fuisset
1821 1874 86 35 opus;

1142 1883 80 63 IX.
1187 1883 91 63 Quia
1244 1883 114 63 servos
1324 1883 114 63 facit.
1403 1883 80 63 Nam
1449 1883 91 63 etsi
1506 1883 91 63 quis
1563 1883 102 63 liber
1631 1883 91 63 est,
1688 1883 68 63 si
1722 1883 137 63 superbus
1824 1883 91 63 sit,
1870 1883 68 63 ser¬-

1110 1940 81 35 vus
1157 1940 93 35 est,
1215 1940 58 35 &
1238 1940 93 35 quod
1296 1940 104 35 pejus
1366 1940 93 35 est,
1424 1940 104 35 malae
1494 1940 139 35 dominae,
1598 1940 116 35 ipsius
1668 1940 139 35 superbiae.

1142 1973 154 30 Simulata
1258 1973 179 30 humilitas,
1399 1973 90 30 est
1450 1973 154 30 peccatum
1565 1973 103 30 quum
1629 1973 103 30 quis
1693 1973 192 30 humilitatis
1834 1973 103 30 laudem

1116 2000 131 34 venatur
1211 2000 155 34 negatione
1330 2000 107 34 eorum
1402 2000 95 34 quae
1461 2000 71 34 in
1497 2000 107 34 animo
1568 2000 95 34 sibi
1628 2000 131 34 tribuit
1723 2000 83 34 seu
1770 2000 95 34 vere
1830 2000 83 34 seu
1866 2000 71 34 fala

1119 2031 84 49 νo,
1167 2031 60 49 &
1191 2031 180 49 recusatione
1336 2031 108 49 eorum
1408 2031 96 49 quae
1468 2031 132 49 expetit
1564 2031 60 49 &
1588 2031 144 49 consequi
1696 2031 96 49 clam
1757 2031 144 49 conatur.
1853 2031 84 49 Grae¬-

1106 2064 77 43 ce
1145 2064 140 43 dicitur
1234 2064 191 43 αυκοπανυργία,

1146 2093 110 44 Istud
1219 2093 122 44 vitium
1305 2093 86 44 est
1354 2093 208 44 hypocrytatum,
1525 2093 134 44 Coloss.
1622 2093 73 44 2.
1659 2093 73 44 v.
1696 2093 86 44 23.
1745 2093 73 44 ut
1769 2093 171 44 Pharisaeorum

1115 2133 127 37 Matth.
1204 2133 76 37 6.
1243 2133 115 37 v.16.
1319 2133 229 37 Anabaptistarum
1510 2133 64 37 &
1536 2133 191 37 Monachorum,
1688 2133 89 37 qui
1739 2133 127 37 volunt
1828 2133 102 37 esse
1879 2133 64 37 hu¬-

1105 2171 102 40 miles
1173 2171 91 40 sine
1229 2171 147 40 despectu,
1343 2171 136 40 pauperes
1445 2171 91 40 sine
1501 2171 136 40 defectu,
1603 2171 125 40 divites
1694 2171 91 40 sine
1750 2171 125 40 labore,
1841 2171 68 40 ut
1864 2171 79 40 Bern¬-

1103 2201 73 49 ar
1139 2201 85 49 dus
1176 2201 73 49 ait.

1279 2222 180 68 Hucusque
1414 2222 90 68 de
1459 2222 225 68 Humilitate:
1640 2222 180 68 sequitur

1351 2312 275 58 CAPUT
1504 2312 214 58 XIII.

1378 2369 91 68 In
1423 2369 106 68 quo
1484 2369 91 68 de
1515 2369 182 68 patientia.

1145 2433 186 51 PATIENTIA,
1291 2433 93 51 est
1344 2433 146 51 virtus,
1451 2433 106 51 quum
1517 2433 80 51 ex
1557 2433 173 51 agnitione
1690 2433 146 51 divinae
1783 2433 160 51 sapientiae

1174 2472 193 38 providentiae,
1333 2472 170 38 voluntatis,
1469 2472 159 38 justitiae,
1594 2472 148 38 bonitatis
1707 2472 57 38 &
1730 2472 159 38 majestatis
1855 2472 80 38 Deo
1889 2472 57 38 nos

1179 2499 180 37 subjicimus
1321 2499 77 37 ad
1359 2499 142 37 placide
1462 2499 154 37 ferendum
1578 2499 90 37 cum
1629 2499 232 37 persequutionem
1809 2499 142 37 veritatis

1119 2531 61 49 &
1143 2531 159 49 justitiae
1266 2531 122 49 causa,
1351 2531 86 49 tum
1400 2531 135 49 quamvis
1498 2531 110 49 aliam
1572 2531 196 49 afflictionem
1731 2531 61 49 &
1755 2531 122 49 crucem
1841 2531 73 49 ab
1866 2531 73 49 ipso

1119 2573 105 35 nobis
1189 2573 164 35 impositam,
1318 2573 94 35 Jobi
1377 2573 58 35 1
1400 2573 70 35 v.
1435 2573 82 35 20.
1482 2573 58 35 &
1505 2573 70 35 2.
1540 2573 70 35 v.
1564 2573 58 35 10.

1159 2598 103 46 Causa
1227 2598 149 46 efficiens
1342 2598 57 46 &
1365 2598 103 46 autor
1434 2598 92 46 ejus
1491 2598 80 46 est
1537 2598 103 46 Deus,
1606 2598 92 46 Rom.
1663 2598 80 46 15.
1709 2598 69 46 v.
1732 2598 46 46 5.

1159 2632 110 54 Causae
1236 2632 153 54 adjuvantes
1356 2632 99 54 sunt.
1422 2632 66 54 I.
1455 2632 153 54 afflictio,
1575 2632 88 54 Rom.
1630 2632 66 54 5.
1663 2632 66 54 v.
1696 2632 66 54 3.
1729 2632 142 54 afflictio
1838 2632 99 54 parit
1893 2632 55 54 pa¬-

1118 2669 154 44 tientiam.
1237 2669 119 44 Jacob.
1320 2669 71 44 1.
1344 2669 47 44 v:

1160 2698 81 42 II.
1207 2698 162 42 Sapientia,
1334 2698 69 42 id
1369 2698 93 42 est,
1426 2698 139 42 cognitio
1531 2698 104 42 firma
1600 2698 150 42 doctrinae
1716 2698 139 42 divinae,
1820 2698 93 42 quod
1878 2698 58 42 a
1889 2698 58 42 Deo

1130 2731 161 43 affligamur
1257 2731 58 43 &
1280 2731 138 43 quorsum,
1384 2731 58 43 &
1407 2731 92 43 quis
1464 2731 127 43 fructus
1556 2731 69 43 ex
1591 2731 173 43 afflictione
1729 2731 81 43 sit
1775 2731 161 43 capiendus,
1901 2731 81 43 sic

1121 2767 76 45 ut
1159 2767 165 45 statuamus
1286 2767 102 45 quae
1350 2767 114 45 carni
1426 2767 102 45 sunt
1489 2767 102 45 adeo
1553 2767 203 45 repugnantia,
1718 2767 114 45 nobis
1794 2767 114 45 tamen
1857 2767 102 45 optima

1132 2802 100 47 esse.
1198 2802 78 47 Hic
1243 2802 100 47 nobis
1309 2802 100 47 longe
1376 2802 89 47 alia
1431 2802 144 47 sapientia
1542 2802 89 47 opus
1598 2802 89 47 est,
1653 2802 89 47 quam
1709 2802 122 47 humana,
1798 2802 89 47 Jac.
1853 2802 67 47 1.
1886 2802 67 47 v.
1909 2802 44 47 5.

1185 2842 144 33 Sratumen
1293 2842 96 33 ejus
1353 2842 84 33 est
1401 2842 108 33 fides
1473 2842 84 33 qua
1521 2842 72 33 ad
1557 2842 144 33 Christum
1664 2842 84 33 qui
1712 2842 144 33 venturus
1820 2842 84 33 est
1868 2842 72 33 ad
1892 2842 48 33 re

1118 2870 176 45 demtionem
1253 2870 135 45 nostri
1334 2870 176 45 respicimus.

1161 2898 70 51 Ea
1196 2898 82 51 est
1243 2898 176 51 praestanda:
1384 2898 70 51 I.
1419 2898 94 51 Quia
1478 2898 129 51 mandata
1571 2898 105 51 nobis
1642 2898 82 51 est
1689 2898 59 51 a
1712 2898 94 51 Deo,
1771 2898 117 51 Jacob.
1853 2898 70 51 1.
1888 2898 70 51 v.
1911 2898 47 51 2.

1131 2940 82 38 Pro
1178 2940 82 38 sum
1225 2940 70 38 mo
1260 2940 129 38 gcuilio
1354 2940 129 38 ducite,
1448 2940 129 38 fratres
1542 2940 94 38 mei,
1600 2940 129 38 quoties
1694 2940 70 38 in
1729 2940 176 38 tentationes
1858 2940 94 38 varias

1129 2964 172 49 incideritis,
1269 2964 54 49 &
1290 2964 86 49 cap.
1344 2964 64 49 5.
1376 2964 64 49 v.
1408 2964 64 49 7,
1441 2964 64 49 8.
1473 2964 129 49 Patiente
1569 2964 97 49 animo
1634 2964 118 49 estote.
1720 2964 64 49 2.
1752 2964 118 49 Timoth.
1838 2964 64 49 1.
1870 2964 86 49 ver.
1913 2964 43 49 8.

1133 3000 95 59 esto
1192 3000 154 59 partice;s
1311 3000 189 59 afflictionum
1465 3000 154 59 Evangelij
1583 3000 71 59 ex
1618 3000 142 59 potentia
1713 3000 71 59 Dei.

1166 3042 80 41 II.
1211 3042 92 41 Quia
1269 3042 69 41 ad
1303 3042 80 41 eam
1349 3042 115 41 vocati
1430 3042 115 41 sumus,
1510 3042 69 41 1.
1544 3042 92 41 Pet.
1602 3042 69 41 2.
1636 3042 69 41 v.
1659 3042 46 41 21

1161 3060 96 54 III.
1221 3060 96 54 Quia
1281 3060 96 54 illa
1341 3060 108 54 nobis
1414 3060 84 54 est
1462 3060 108 54 opus,
1534 3060 72 54 ut
1570 3060 156 54 voluntate
1690 3060 84 54 Dei
1738 3060 156 54 obsequuti
1847 3060 108 54 promis¬-

1131 3105 115 44 sionem
1211 3105 127 44 praemij
1303 3105 173 44 reportemus,
1441 3105 104 44 Hebr.
1510 3105 81 44 10.
1556 3105 69 44 v.
1591 3105 81 44 36.
1637 3105 92 44 Sine
1694 3105 150 44 patientia
1809 3105 104 44 nulli
1867 3105 81 44 prae¬-

1129 3140 114 50 cepto
1205 3140 89 50 Dei
1256 3140 152 50 obedire,
1370 3140 127 50 nullum
1459 3140 127 50 facere
1548 3140 152 50 quisquam
1649 3140 114 50 potest.

1160 3172 83 43 IV.
1208 3172 95 43 Quia
1267 3172 107 43 cedit
1338 3172 130 43 gratiae
1432 3172 95 43 apud
1492 3172 107 43 Deum,
1563 3172 71 43 1.
1598 3172 107 43 Petr.
1669 3172 71 43 2.
1705 3172 71 43 v.
1740 3172 83 43 19,
1776 3172 59 43 20.

1167 3203 70 45 V.
1202 3203 94 45 Quia
1261 3203 70 45 ad
1296 3203 106 45 illam
1367 3203 129 45 exemplo
1460 3203 129 45 Christi
1554 3203 164 45 invitamur,
1683 3203 70 45 1.
1718 3203 106 45 Petr.
1789 3203 70 45 2.
1824 3203 70 45 v.
1859 3203 82 45 21,
1894 3203 59 45 22,

1127 3237 81 54 23.
1174 3237 105 54 Hebr.
1244 3237 81 54 12.
1290 3237 70 54 v.
1325 3237 70 54 2.
1360 3237 70 54 4.
1395 3237 139 54 Exemplis
1499 3237 93 54 item
1557 3237 163 54 sanctorum,
1685 3237 70 54 ut
1720 3237 128 54 Abelis,
1813 3237 128 54 Josephi
1894 3237 58 54 Pa¬
