2063 3356
152 142 104 65 quem
217 142 104 65 esse
282 142 104 65 Deum
347 142 169 65 fatentur,
478 142 130 65 eundem
569 142 169 65 preeandum
699 142 78 65 ac
738 142 182 65 invocandum
869 142 78 65 esse

145 199 141 34 sentiant
251 199 106 34 atque
322 199 165 34 concedant.
451 199 82 34 Nam
498 199 118 34 Paulus
581 199 141 34 Romanor.
687 199 71 34 1.
722 199 106 34 vers.
793 199 82 34 19.
840 199 94 34 ait:
887 199 47 34 i1

144 233 97 38 quod
205 233 73 38 de
241 233 85 38 Deo
289 233 146 38 cognosci
399 233 133 38 potest,
496 233 170 38 manifestum
629 233 97 38 esse
690 233 121 38 animis
774 233 121 38 omnium
847 233 85 38 homi¬-

134 269 91 32 num
186 269 117 32 etiam
264 269 182 32 Gentilium,
406 269 117 32 nempe
484 269 104 32 Deum
549 269 117 32 esse,
627 269 65 32 &
653 269 104 32 esse
718 269 156 32 potentem
834 269 78 32 ac
860 269 65 32 bo¬-

139 300 89 29 num,
195 300 67 29 ac
228 300 123 29 proinde
317 300 89 29 esse
373 300 156 29 precandum.
496 300 67 29 Et
529 300 89 29 cap.
585 300 67 29 2.
619 300 123 29 versic.
708 300 78 29 14.
752 300 89 29 ait;
808 300 112 29 Gentes
875 300 56 29 na¬-

151 328 85 35 tura
204 328 85 35 quae
257 328 95 35 legis
321 328 85 35 sunt
374 328 116 35 facere:
458 328 64 35 Et
490 328 95 35 vers.
554 328 74 35 15.
596 328 85 35 opus
649 328 95 35 Legis
713 328 127 35 scriptum
808 328 64 35 in
829 328 106 35 cordibus

147 362 177 43 Gentilium.
287 362 89 43 Jam
337 362 63 43 &
363 362 89 43 hoc
413 362 101 43 opus
477 362 114 43 Legis
553 362 89 43 est
603 362 127 43 natura
692 362 139 43 omnibus
780 362 165 43 inscriptum,

153 391 105 41 Deum
218 391 105 41 esse
284 391 170 41 colendum.
414 391 105 41 Unde
480 391 65 41 &
506 391 157 41 Gentiles
623 391 196 41 conceperunt
780 391 65 41 &
793 391 144 41 concipium

149 419 127 40 preces
238 419 76 40 ad
263 419 89 40 Deum.

169 450 82 47 II.
216 450 164 47 Necessitas
345 450 129 47 nostra,
439 450 117 47 Psalm.
522 450 82 47 25.
569 450 129 47 versic.
663 450 82 47 16,
710 450 82 47 17.
757 450 129 47 Respice
851 450 70 47 ad
886 450 82 47 me,
933 450 59 47 &

138 485 133 45 gratiam
234 485 84 45 fac
283 485 108 45 mihi;
355 485 96 45 quia
415 485 169 45 solitarius
548 485 60 45 &
572 485 120 45 pauper
656 485 96 45 sum.
716 485 193 45 Oppressiones
861 485 84 45 animi

143 522 77 35 mei
187 522 132 35 dilatant
286 522 77 35 se:
330 522 66 35 ab
364 522 143 35 angustiis
474 522 88 35 meis
529 522 99 35 deduc
595 522 77 35 me.
639 522 110 35 Psalm.
716 522 77 35 18.
761 522 66 35 v.
794 522 66 35 5,
827 522 66 35 6,
860 522 66 35 7.
882 522 55 35 Cir

143 555 189 35 cumdantibus
295 555 76 35 me
333 555 164 35 doloribus
459 555 139 35 mortis,
560 555 63 35 &
585 555 189 35 torrentibus
736 555 139 35 hominum
824 555 114 35 nequam.

134 589 214 37 perterrentibus
312 589 83 37 me:
360 589 154 37 Doloribus
479 589 143 37 sepuleri
586 589 214 37 circumeuntibus
764 589 83 37 me:
799 589 131 37 occurren¬-

148 619 105 33 tibus
218 619 93 33 mihi
277 619 163 33 tendiculis
405 619 128 33 mortis:
498 619 70 33 In
533 619 93 33 ipsa
591 619 140 33 angustia
696 619 93 33 mea,
754 619 117 33 invoco
824 619 117 33 Iehovam,

143 651 65 39 &
169 651 79 39 ad
208 651 105 39 Deum
274 651 105 39 meum
339 651 183 39 vociferor:
483 651 144 39 exaudit
588 651 65 39 e
614 651 131 39 templo
706 651 92 39 suo
758 651 118 39 vocem
836 651 118 39 meam,
902 651 39 39 &

146 685 165 34 vociferatio
278 685 77 34 mea
322 685 99 34 coram
388 685 66 34 co
421 685 132 34 pervenit
520 685 66 34 ad
553 685 99 34 aures
619 685 99 34 ejus.
685 685 110 34 Psalm.
762 685 77 34 38.
806 685 66 34 v.
839 685 66 34 2.
872 685 55 34 &
883 685 55 34 se¬-

154 714 160 43 quentibus,
279 714 126 43 Iehova,
370 714 68 43 ne
405 714 68 43 in
439 714 137 43 fervente
542 714 80 43 ira
587 714 80 43 tua
633 714 114 43 arguas
713 714 80 43 me,
758 714 80 43 aut
804 714 68 43 in
827 714 114 43 excande¬-

142 747 129 41 scentia
236 747 82 41 tua
283 747 140 41 castiges
388 747 82 41 me,
435 747 82 41 &c.
482 747 117 41 Psalm.
564 747 82 41 76.
610 747 70 41 v.
645 747 70 41 6.
681 747 82 41 Ego
727 747 94 41 vero
786 747 82 41 sum
833 747 117 41 pauper
903 747 35 41 &

153 780 121 40 igens,
237 780 60 40 o
261 780 109 40 Deus,
334 780 133 40 festina
430 780 84 40 mea
479 780 121 40 causa:
563 780 145 40 auxilium
672 780 96 40 meum
732 780 60 40 &
756 780 157 40 liberator
865 780 84 40 meus.

145 818 78 34 es;
190 818 123 34 Iehova,
279 818 67 34 ne
313 818 123 34 tardes.
402 818 112 34 Psalm.
480 818 78 34 68.
525 818 67 34 v.
559 818 67 34 1.
592 818 123 34 Inclina
682 818 123 34 Iehova,
771 818 101 34 aurem
838 818 101 34 tuam,
894 818 56 34 ex¬-

145 842 95 40 audi
205 842 83 40 me:
252 842 83 40 nam
300 842 119 40 pauper
383 842 59 40 &
406 842 107 40 egens
478 842 95 40 sum,
537 842 119 40 διχιο,
620 842 107 40 παιες
692 842 71 40 δε
727 842 83 40 οκο
775 842 131 40 χατόευσ
858 842 83 40 ἀιορω

145 884 97 37 ποi:
206 884 171 37 Precamini,
340 884 110 37 omnes
413 884 97 37 enim
474 884 134 37 homines
571 884 85 37 Deo
620 884 158 37 indigent.
742 884 146 37 Quisquis
852 884 122 37 igitur

139 907 115 39 morbis
220 907 81 39 aut
266 907 104 39 aliis
336 907 104 39 modis
405 907 173 39 affligitur,
543 907 138 39 precibus
647 907 69 39 ex
682 907 92 39 vera
739 907 92 39 fide
797 907 150 39 profectis
901 907 46 39 ad

147 940 121 39 Deum,
227 940 80 39 ad
267 940 161 39 Christum
388 940 147 39 Dominum
495 940 188 39 confugiat.

190 972 94 54 III.
249 972 105 54 Fides
319 972 70 54 in
354 972 105 54 Deum,
424 972 94 54 Psa.
483 972 94 54 119.
541 972 82 54 66.
588 972 187 54 Praestantiam
740 972 140 54 rationis
845 972 58 54 &
857 972 94 54 scien¬-

151 1004 84 45 tiae
204 1004 84 45 doce
257 1004 105 45 meinam
330 1004 147 45 praeceptis
446 1004 84 45 tuis
488 1004 84 45 credo.

177 1035 82 43 IV.
224 1035 94 43 Spes
283 1035 70 43 in
318 1035 94 43 Deo.
376 1035 117 43 Psalm.
458 1035 82 43 33.
505 1035 82 43 22.
551 1035 82 43 Sit
598 1035 164 43 benignitas
727 1035 94 43 tua,
785 1035 129 43 Iehova,
867 1035 82 43 super

145 1069 95 45 nos:
205 1069 107 45 prout
276 1069 179 45 exspectamus
407 1069 48 45 te

183 1099 78 47 V.
222 1099 143 47 Studium
326 1099 182 47 obsequendi
469 1099 91 47 Deo
521 1099 65 47 &
547 1099 182 47 observandi
690 1099 143 47 mandata
794 1099 117 47 ejus,
859 1099 91 47 Psal.

150 1136 95 32 119.
210 1136 131 32 versic.
305 1136 83 32 67,
353 1136 83 32 69,
400 1136 95 32 Quum
460 1136 119 32 nondum
544 1136 179 32 affligerer,
687 1136 83 32 ego
734 1136 143 32 errabam:
842 1136 95 32 nunc
889 1136 60 32 au¬-

153 1170 89 40 tem
204 1170 153 40 sermonem
319 1170 102 40 tuum
383 1170 153 40 observo.
498 1170 230 40 Concinnantibus
689 1170 128 40 contra
778 1170 77 40 me
804 1170 153 40 falsitatem

153 1201 154 41 superbis,
272 1201 83 41 ego
319 1201 71 41 ex
354 1201 95 41 toto
414 1201 107 41 animo
485 1201 142 41 custodio
591 1201 130 41 mandata
674 1201 59 41 tua

184 1222 88 48 VII.
239 1222 131 48 Brevitas
337 1222 99 48 vitae
403 1222 121 48 nostrae
491 1222 66 48 in
524 1222 77 48 his
568 1222 121 48 terris,
655 1222 110 48 Psalm.
732 1222 77 48 39.
776 1222 66 48 v.
809 1222 77 48 13,
852 1222 77 48 14.
885 1222 66 48 Audi

154 1266 165 38 prationem
281 1266 114 38 meam,
358 1266 140 38 Iehova,
460 1266 64 38 &
485 1266 153 38 clamorem
600 1266 114 38 meum,
676 1266 114 38 aurem
752 1266 140 38 adverte
854 1266 76 38 ad
879 1266 64 38 la¬-

150 1296 117 43 crymas
232 1296 106 43 meas,
303 1296 70 43 no
338 1296 117 43 surdum
420 1296 106 43 agas:
491 1296 94 43 quia
550 1296 164 43 peregrinus
679 1296 82 43 sum
726 1296 106 43 coram
796 1296 70 43 te
832 1296 141 43 inquili¬

156 1333 85 45 nus
205 1333 73 45 ut
241 1333 110 45 omnes
314 1333 134 45 majores
411 1333 97 45 mei.
472 1333 134 45 Desiste
570 1333 61 45 a
594 1333 85 45 me,
643 1333 73 45 ut
679 1333 134 45 recreem
777 1333 85 45 me;
825 1333 97 45 quum
874 1333 73 45 non¬-

147 1357 85 49 dum
195 1357 109 49 abeo,
268 1357 73 49 ut
305 1357 85 49 non
353 1357 134 49 amplius
438 1357 73 49 sim.

179 1383 105 52 VII.
244 1383 105 52 Quia
310 1383 91 52 nos
362 1383 78 52 ad
401 1383 131 52 preces
493 1383 144 52 invitat
597 1383 65 52 &
623 1383 144 52 excitat
728 1383 157 52 exemplum
832 1383 118 52 Christ¬-

149 1422 67 38 &
175 1422 147 38 aliorum
282 1422 187 38 sanctorum.
429 1422 160 38 Christum
549 1422 160 38 precibus
670 1422 80 38 ad
710 1422 107 38 Deum
777 1422 80 38 in
817 1422 120 38 statu
883 1422 94 38 humi¬-

157 1459 148 38 siationis
270 1459 170 38 invigilasse
407 1459 125 38 docetur
498 1459 102 38 Psal.
566 1459 80 38 22.
611 1459 68 38 v.
645 1459 80 38 40.
691 1459 57 38 &
713 1459 80 38 69,
759 1459 125 38 Docetur
850 1459 57 38 &
872 1459 68 38 in
895 1459 57 38 No¬-

151 1489 71 42 vo
187 1489 178 42 Testamento,
329 1489 119 42 Matth.
412 1489 83 42 14.
460 1489 131 42 versic.
555 1489 83 42 23.
602 1489 131 42 Dimissa
697 1489 119 42 igitur
780 1489 107 42 turba
839 1489 107 42 adscen¬-

147 1528 89 35 dit
198 1528 76 35 in
236 1528 127 35 montem
326 1528 166 35 privatim,
453 1528 76 35 ad
478 1528 115 35 orandum

177 1544 124 55 Causae
263 1544 74 55 ex
300 1544 111 55 parte
375 1544 136 55 aliorum
474 1544 111 55 sunt,
548 1544 87 55 tum
597 1544 148 55 amicorum
709 1544 173 55 nostrorum,
845 1544 87 55 tum
882 1544 74 55 ini¬

128 1588 153 47 micorum.

177 1631 74 51 Si
214 1631 124 51 amicos
300 1631 136 51 nostros
399 1631 173 51 spectemus,
535 1631 198 51 consideratio
696 1631 136 51 illorum
794 1631 74 51 ad
819 1631 136 51 precandum

156 1661 106 47 Deum
222 1661 93 47 nos
262 1661 145 47 impellit:

174 1686 74 52 I.
211 1686 98 52 Quia
272 1686 111 52 penes
346 1686 123 52 amicos
432 1686 148 52 nostros,
543 1686 111 52 etiam
617 1686 135 52 naturae
715 1686 98 52 jure
764 1686 185 52 conjunctissi¬-

154 1731 81 37 mos
201 1731 116 37 nobis,
282 1731 81 37 non
328 1731 81 37 est
375 1731 116 37 situm,
456 1731 70 37 ut
491 1731 81 37 nos
537 1731 116 37 juvare
619 1731 58 37 &
642 1731 128 37 cripere
735 1731 139 37 possint.
839 1731 81 37 Hoc
874 1731 81 37 argus

150 1761 110 33 mento
223 1761 146 33 impulsus
332 1761 97 33 fuit
393 1761 110 33 David
466 1761 73 33 ad
503 1761 122 33 faciem
588 1761 85 33 Dei
637 1761 183 33 quaerendam,
783 1761 122 33 Plalm.
868 1761 85 33 27.
904 1761 49 33 v.

156 1797 67 40 9,
189 1797 78 40 10.
234 1797 67 40 Ne
268 1797 123 40 deseras
357 1797 78 40 me,
402 1797 101 40 neque
469 1797 168 40 derelinquas
603 1797 78 40 me,
647 1797 89 40 Deus
703 1797 123 40 salutis
793 1797 101 40 meae.
860 1797 78 40 Nam
893 1797 56 40 pa¬-

147 1826 89 33 ter
198 1826 102 33 meus
262 1826 63 33 &
287 1826 114 33 mater
363 1826 89 33 mea
414 1826 216 33 dereliquerunt
592 1826 89 33 me,
642 1826 89 33 sed
693 1826 127 33 Iehova
782 1826 152 33 recipiet
884 1826 63 33 me.

186 1859 82 40 II.
233 1859 94 40 Quia
292 1859 106 40 amici
363 1859 118 40 nostri
445 1859 130 40 ipsimet
540 1859 130 40 auxilio
634 1859 118 40 divino
717 1859 106 40 egent

202 1883 59 46 i
226 1883 141 46 inimicos
331 1883 129 46 nostros
425 1883 164 46 intueamur,
554 1883 188 46 consideratio
707 1883 129 46 illorum
801 1883 70 46 ad
824 1883 129 46 precandu.

160 1917 96 50 Deum
220 1917 84 50 nos
268 1917 157 50 impellit,

190 1948 68 44 I.
224 1948 91 44 Quia
280 1948 147 44 observant
394 1948 91 44 nos,
450 1948 68 44 ut
484 1948 102 44 nobis
552 1948 136 44 noceant,
654 1948 79 44 Ps.
700 1948 68 44 5.
734 1948 68 44 v.
768 1948 68 44 9.
802 1948 113 44 Iehova
870 1948 79 44 deduc

158 1986 66 39 me
191 1986 66 39 in
224 1986 131 39 justitia
322 1986 77 39 tua
366 1986 121 39 propter
454 1986 175 39 observatores
596 1986 99 39 meos.
662 1986 110 39 Psalm.
739 1986 77 39 27.
783 1986 88 39 ver.
837 1986 77 39 11.
870 1986 77 39 Doce¬-

161 2026 89 42 me,
212 2026 140 42 Iehova,
314 2026 102 42 viam
378 2026 115 42 tuam,
455 2026 64 42 &
480 2026 115 42 deduc
557 2026 77 42 me
595 2026 89 42 per
647 2026 140 42 semitam
749 2026 140 42 planam;
838 2026 115 42 propter

160 2050 204 49 observantes
310 2050 54 49 me

190 2089 81 41 II.
237 2089 92 41 Quia
294 2089 127 41 inimici
387 2089 116 41 nostri
468 2089 92 41 sunt
526 2089 173 41 potentiores
664 2089 116 41 nobis,
745 2089 150 41 violenti,
849 2089 116 41 astutia¬-

154 2125 141 31 crudeles,
263 2125 108 31 Psalm.
338 2125 76 31 25.
382 2125 65 31 v.
414 2125 76 31 19.
458 2125 108 31 Aspice
533 2125 130 31 inimicos
631 2125 98 31 meos,
696 2125 87 31 quia
750 2125 163 31 potentiores
880 2125 98 31 sunt:

169 2156 66 45 &e
202 2156 88 45 odio
257 2156 132 45 violento
356 2156 121 45 oderunt
444 2156 77 45 me.
488 2156 110 45 Psalm.
565 2156 66 45 5.
599 2156 66 45 v.
632 2156 77 45 10.
676 2156 77 45 Nam
720 2156 77 45 non
764 2156 77 45 est
808 2156 66 45 in
841 2156 77 45 ore
874 2156 88 45 illius

159 2189 136 45 jectum,
257 2189 136 45 intimum
356 2189 136 45 illorum
455 2189 160 45 aerumnae;
578 2189 160 45 sepulcrum
702 2189 136 45 apertum
801 2189 123 45 guttur
875 2189 86 45 illo¬-

171 2221 94 35 eum,
230 2221 117 35 lingua
312 2221 82 35 sua
359 2221 117 35 dolose
441 2221 187 35 blandiuntur.
593 2221 117 35 Psalm.
675 2221 82 35 27.
722 2221 70 35 v.
757 2221 82 35 12.
804 2221 70 35 Ne
839 2221 117 35 tradas
909 2221 47 35 me

160 2259 162 36 desiderio
284 2259 137 36 hostium
383 2259 137 36 meorum:
483 2259 87 36 nam
532 2259 174 36 consistunt
669 2259 124 36 contra
756 2259 75 36 me
793 2259 124 36 testes
868 2259 87 36 menda

169 2291 91 40 res,
225 2291 57 40 &
248 2291 79 40 qui
293 2291 113 40 spirat
362 2291 147 40 violentiam,

189 2312 81 42 Si
229 2312 202 42 precationem
391 2312 121 42 ipsam
471 2312 229 42 consideremus,
660 2312 81 42 ad
700 2312 175 42 precandum
835 2312 108 42 Deum
889 2312 67 42 non

154 2348 144 42 impellere
264 2348 99 42 debet
331 2348 166 42 precationis
463 2348 77 42 Ie,
507 2348 99 42 causa
574 2348 144 42 efficiens
684 2348 144 42 princeps,
794 2348 88 42 quae
850 2348 77 42 est
883 2348 66 42 Spi¬-

170 2387 101 34 ritus
237 2387 124 34 Sanctus
327 2387 67 34 in
361 2387 101 34 nobis
428 2387 146 34 habitans,
540 2387 90 34 Rom.
597 2387 67 34 8.
630 2387 124 34 versic.
720 2387 79 34 26,
765 2387 79 34 27.
810 2387 112 34 Itidem
877 2387 79 34 autem

165 2420 61 32 &
189 2420 147 32 Spiritus
299 2420 86 32 una
348 2420 147 32 sublevat
458 2420 195 32 infirmitates
617 2420 147 32 nostras,
727 2420 98 32 quid
788 2420 98 32 enim
849 2420 122 32 oremus
922 2420 49 32 ut

160 2449 136 42 oportet,
262 2449 79 42 non
307 2449 136 42 novimus:
409 2449 79 42 sed
454 2449 91 42 ipse
511 2449 136 42 Spiritus
613 2449 159 42 intercedit
737 2449 79 42 pro
783 2449 102 42 nobis
839 2449 125 42 suspiriis

158 2481 237 35 inenarrabilibus.
360 2481 83 35 Qui
407 2481 95 35 vero
466 2481 154 35 scrutatur
585 2481 119 35 corda,
668 2481 107 35 novit
739 2481 95 35 quid
798 2481 119 35 sapiat
869 2481 95 35 Spiri¬-

160 2512 98 39 tus:
221 2512 98 39 quia
282 2512 147 39 secundum
392 2512 98 39 Deum
454 2512 171 39 intercedit
588 2512 86 39 pro
637 2512 147 39 sanctis.
748 2512 86 39 Qui
797 2512 98 39 ergo
846 2512 122 39 libenter

159 2546 60 40 &
183 2546 169 40 frequenter
316 2546 157 40 precatur,
436 2546 72 40 ex
473 2546 72 40 eo
509 2546 169 40 cognoscit,
641 2546 72 40 in
678 2546 72 40 se
714 2546 145 40 Spiritum
822 2546 133 40 Sanctum
907 2546 60 40 ha¬

165 2579 86 39 bitare.

198 2620 91 46 II.
250 2620 131 46 Finis,
342 2620 91 46 qui
394 2620 91 46 est
446 2620 78 46 ut
485 2620 183 46 declaremus
629 2620 144 46 debitam
733 2620 209 46 gratitudinem
890 2620 78 46 erga

165 2652 110 41 Deum.
238 2652 123 41 Psalm.
324 2652 86 41 18.
373 2652 110 41 vers.
447 2652 74 41 4.
484 2652 147 41 Laudatum
594 2652 123 41 invoco
680 2652 147 41 Iehovam,
790 2652 61 41 &
815 2652 74 41 ab
839 2652 135 41 inimicis.

171 2687 87 44 eneis
230 2687 107 44 servor.

211 2717 87 41 III.
266 2717 131 41 Effectus
363 2717 65 41 de
396 2717 76 41 quo
440 2717 109 41 Jacob.
516 2717 65 41 5.
548 2717 120 41 versic.
636 2717 76 41 15.
679 2717 109 41 Oratio
755 2717 98 41 fidei
821 2717 131 41 servabit
908 2717 54 41 la¬-

169 2741 145 46 borantem:
281 2741 67 46 Et
314 2741 101 46 vers.
381 2741 78 46 16,
426 2741 78 46 17,
470 2741 78 46 18.
515 2741 112 46 Multum
593 2741 101 46 valet
660 2741 134 46 precatio
761 2741 101 46 justi
828 2741 134 46 efficax.
917 2741 45 46 E¬-

172 2783 92 37 lias
230 2783 92 37 homo
288 2783 92 37 erat
345 2783 115 37 iisdem
426 2783 115 37 quibus
507 2783 81 37 nos
553 2783 196 37 affectionibus
714 2783 150 37 obnoxius,
830 2783 58 37 &
841 2783 127 37 ardentis¬-

165 2816 97 42 sime
225 2816 121 42 oravit
310 2816 73 42 ne
347 2816 145 42 plueret:
455 2816 61 42 &
480 2816 85 42 non
528 2816 109 42 pluit
601 2816 109 42 super
673 2816 121 42 terram
758 2816 109 42 annos
831 2816 97 42 tres
891 2816 61 42 &
903 2816 61 42 sex

175 2852 137 39 menses.
274 2852 75 39 Et
311 2852 124 39 rursum
399 2852 124 39 oravit
486 2852 62 39 &
511 2852 124 39 coelum
598 2852 112 39 dedit
672 2852 149 39 pluviam:
784 2852 62 39 &
809 2852 112 39 terra
871 2852 100 39 produ¬-

169 2879 86 51 xit
218 2879 135 51 fiuctum
316 2879 98 51 suum
377 2879 122 51 Preces
463 2879 184 51 firmissimum
610 2879 171 51 praesidium
744 2879 110 51 nobis
818 2879 184 51 suppeditat,

172 2916 70 36 ne
207 2916 82 36 sub
254 2916 188 36 afflictionum
407 2916 129 36 pondere
501 2916 176 36 fatiscamus,
641 2916 94 36 Rom.
700 2916 70 36 8.
723 2916 59 36 26.

197 2941 132 40 Eaedem
289 2941 132 40 causae
382 2941 198 40 impellentes
541 2941 79 40 ad
580 2941 172 40 precandum
713 2941 106 40 Deum
779 2941 119 40 etiam
845 2941 132 40 fiduciam

182 2978 180 35 exauditionis
328 2978 113 35 precum
407 2978 68 35 in
441 2978 113 35 animis
520 2978 124 35 nostris
610 2978 169 35 confirmant:
745 2978 90 35 ideo
801 2978 79 35 eas
846 2978 79 35 pii
880 2978 79 35 alle¬-

174 3017 93 34 gant
233 3017 70 34 in
268 3017 187 34 petitionibus
420 3017 105 34 suis,
490 3017 82 34 non
537 3017 70 34 ut
572 3017 93 34 Deum
630 3017 105 34 illis
700 3017 129 34 moveant
794 3017 70 34 ad
829 3017 164 34 exauditio¬

170 3043 102 39 nem:
234 3043 89 39 nam
285 3043 102 39 Deus
349 3043 115 39 nulla
425 3043 76 39 re
463 3043 140 39 externa
565 3043 127 39 moveri
654 3043 127 39 potest
744 3043 140 39 proprie
833 3043 140 39 loquendo;

167 3075 85 39 sed
215 3075 73 39 ut
252 3075 133 39 cordium
348 3075 121 39 suorum
433 3075 157 39 fiduciam,
554 3075 73 39 de
590 3075 193 39 impetratione
747 3075 193 39 beneficiorum
892 3075 73 39 quae

183 3112 121 41 petunt,
271 3112 110 41 alant,
348 3112 154 41 confirment
470 3112 55 41 &
492 3112 143 41 declarent

1012 158 165 50 Conditiones
1144 158 165 50 precationis
1276 158 110 50 Deoque
1353 158 154 50 placentis,
1474 158 88 50 sunt
1529 158 77 50 res
1573 158 99 50 illae
1639 158 88 50 quae
1694 158 66 50 ad
1716 158 55 50 pre

975 201 146 40 cationem
1084 201 194 40 requiruntur,
1242 201 73 40 ut
1279 201 146 40 secundum
1388 201 170 40 voluntatem
1522 201 85 40 Dei
1570 201 97 40 fiat
1631 201 61 40 &
1655 201 73 40 ab
1692 201 73 40 eo
1716 201 61 40 ex¬-

987 235 154 32 audiatur.
1106 235 71 32 I.
1142 235 143 32 Johannis
1248 235 71 32 5.
1284 235 83 32 14.
1332 235 95 32 Haec
1391 235 83 32 est
1439 235 131 32 fiducia
1534 235 95 32 quam
1593 235 95 32 apud
1652 235 95 32 Deum
1700 235 83 32 habe¬-

975 269 100 45 mus,
1037 269 125 45 ipsum,
1124 269 75 45 si
1161 269 100 45 quid
1224 269 174 45 petierimus
1361 269 149 45 secundum
1473 269 174 45 uoluntatem
1610 269 112 45 ejus,
1684 269 87 45 nos
1722 269 62 45 au¬

956 298 101 44 dire

1011 319 182 46 Conditiones
1157 319 109 46 illae
1230 319 109 46 sunt:
1303 319 73 46 1.
1339 319 146 46 Directio
1449 319 182 46 precationis
1594 319 73 46 ad
1631 319 109 46 solum
1692 319 97 46 verum.

983 357 113 41 Deum,
1059 357 138 41 tanquam
1159 357 125 41 unicum
1247 357 176 41 religiosae
1385 357 188 41 precationis
1535 357 163 41 objectum:
1661 357 125 41 Psalm.
1736 357 50 41 5.

982 395 124 38 versic.
1072 395 68 38 2,
1106 395 68 38 3.
1140 395 102 38 Dicta
1208 395 79 38 mea
1253 395 124 38 auribus
1343 395 136 38 percipe,
1445 395 124 38 Iehova,
1535 395 147 38 considera
1648 395 158 38 meditatio.

989 430 96 35 nem
1044 430 123 35 meam:
1126 430 150 35 Attende
1235 430 109 35 voci
1304 430 164 35 clamoris
1427 430 109 35 mei,
1495 430 96 35 rex
1550 430 82 35 mi
1591 430 68 35 &
1618 430 109 35 Deus
1687 430 96 35 mi;
1728 430 68 35 nam

991 459 95 44 apud
1051 459 71 44 te
1086 459 154 44 orationem
1205 459 119 44 habeo.
1288 459 143 44 Johannis
1395 459 71 44 4.
1431 459 131 44 versic.
1526 459 83 44 22.
1573 459 83 44 Vos
1621 459 143 44 adoratis
1728 459 95 44 quod

980 499 150 35 nescitis,
1096 499 81 35 nos
1142 499 139 35 adoramus
1246 499 92 35 quod
1304 499 127 35 scimus:
1396 499 92 35 quia
1454 499 104 35 salus
1523 499 69 35 ex
1558 499 127 35 Iudaeis
1650 499 92 35 est.
1697 499 92 35 Psalm.

990 525 84 38 77.
1038 525 131 38 versic.
1133 525 72 38 2,
1169 525 72 38 3.
1205 525 84 38 Vox
1253 525 84 38 mea
1300 525 72 38 ad
1336 525 96 38 Deum
1396 525 131 38 fertur,
1492 525 96 38 quum
1551 525 143 38 exclamo:
1659 525 84 38 vox
1706 525 84 38 mea
1742 525 48 38 at

986 557 120 38 Deum,
1066 557 80 38 ut
1106 557 120 38 aurem
1185 557 160 38 advertat
1305 557 80 38 ad
1345 557 93 38 me.
1399 557 146 38 Tempore
1505 557 173 38 angustiae
1638 557 93 38 mea
1678 557 120 38 Dominum

992 597 150 34 requiro:
1104 597 100 34 manu
1166 597 87 34 mea
1216 597 112 34 noctu
1291 597 150 34 perfusa,
1403 597 62 34 &
1428 597 87 34 non
1478 597 225 34 intermittente:
1653 597 137 34 renuente.

995 628 219 35 consolationem
1176 628 168 35 admittere
1305 628 116 35 anima
1382 628 103 35 mea.
1447 628 90 35 Non
1498 628 142 35 tanquam
1601 628 77 35 ad
1640 628 129 35 procul
1730 628 90 35 ab¬

981 657 133 41 sentem,
1078 657 85 41 sed
1126 657 133 41 tanquam
1223 657 169 41 habitantem
1356 657 145 41 gratiose
1465 657 73 41 in
1501 657 145 41 cordibus
1610 657 145 41 nostris,
1719 657 61 41 &
1731 657 61 41 co¬-

995 689 181 41 gitationes
1137 689 142 41 cordium
1241 689 168 41 nostrorum
1357 689 129 41 videntem

1018 708 86 48 II.
1067 708 159 48 Cogitatio
1189 708 135 48 mandati
1287 708 123 48 divini
1373 708 74 48 de
1410 708 184 48 invocatione
1557 708 159 48 facienda:
1680 708 98 48 quia
1729 708 61 48 cul

993 749 83 34 tus
1041 749 95 34 quem
1100 749 95 34 Deus
1160 749 72 34 in
1196 749 107 34 verbo
1267 749 83 34 suo
1315 749 60 34 a
1339 749 107 34 nobis
1410 749 131 34 exigit,
1506 749 83 34 non
1554 749 119 34 potest
1637 749 83 34 non
1685 749 72 34 ei
1709 749 95 34 gratus

985 784 102 42 esse.
1053 784 114 42 Psalm.
1133 784 80 42 27.
1178 784 125 42 versic.
1269 784 68 42 8.
1303 784 91 42 Tuum
1360 784 114 42 illud,
1440 784 148 42 Requirite
1554 784 114 42 faciem
1633 784 102 42 meam,
1702 784 125 42 cogitat

987 816 90 43 cor
1039 816 116 43 meum:
1116 816 129 43 faciem
1207 816 103 43 tuam
1271 816 129 43 Iehova
1349 816 116 43 requiro

1022 842 108 50 III.
1089 842 175 50 Cogitatio
1223 842 121 50 rerum
1304 842 202 50 petendarum.
1466 842 94 50 Non
1519 842 108 50 enim
1587 842 161 50 petendae
1708 842 108 50 sunt
1762 842 40 50 a

991 880 77 41 Deo
1035 880 77 41 res
1079 880 88 41 nisi
1135 880 88 41 ipsi
1190 880 155 41 placentes,
1312 880 88 41 quas
1367 880 111 41 petere
1444 880 122 41 jussit,
1533 880 88 41 quae
1588 880 100 41 nobis
1654 880 66 41 in
1676 880 122 41 vocatione

991 915 114 40 nostra
1070 915 91 40 sunt
1127 915 182 40 necessariae,
1274 915 91 40 quae
1331 915 114 40 utiles
1411 915 91 40 sunt
1467 915 68 40 ad
1501 915 125 40 salutem
1592 915 148 40 aeternam,
1706 915 91 40 quas
1751 915 57 40 se¬-

999 946 130 35 daturum
1094 946 177 35 precantibus
1235 946 153 35 promisit.
1353 946 71 35 1.
1388 946 94 35 Reg.
1447 946 71 35 3.
1483 946 71 35 5.
1518 946 59 35 &
1542 946 177 35 sequentibus
1683 946 141 35 aliquot,

996 981 119 40 Matth.
1079 981 83 40 20.
1127 981 130 40 versic.
1221 981 83 40 20,
1269 981 83 40 21,
1316 981 83 40 22.
1364 981 95 40 Tunc
1423 981 107 40 venit
1494 981 71 40 ad
1529 981 83 40 eum
1577 981 107 40 mater
1648 981 142 40 filiorum
1743 981 59 40 Ze¬-

994 1006 112 43 bedaei
1072 1006 78 43 cum
1117 1006 112 43 filiis
1195 1006 101 43 suis,
1262 1006 123 43 adorans
1352 1006 56 43 &
1374 1006 112 43 petens
1452 1006 123 43 aliquid
1542 1006 67 43 ab
1575 1006 78 43 eo:
1620 1006 89 43 Ipse
1676 1006 89 43 vero
1732 1006 101 43 dixit

993 1043 78 35 ei;
1037 1043 89 35 Quid
1093 1043 89 35 vis?
1148 1043 78 35 Ait
1193 1043 78 35 ei;
1237 1043 78 35 Dic
1281 1043 67 35 ut
1315 1043 122 35 sedeant
1403 1043 89 35 isti
1459 1043 78 35 duo
1503 1043 100 35 filij
1570 1043 89 35 mei,
1625 1043 89 35 unus
1681 1043 67 35 ad
1703 1043 111 35 dexteram

996 1077 104 45 tuam,
1066 1077 58 45 &
1089 1077 104 45 alter
1159 1077 69 45 ad
1193 1077 162 45 sinistram,
1321 1077 69 45 in
1355 1077 104 45 regno
1425 1077 104 45 tuos.
1494 1077 162 45 Respondens
1622 1077 104 45 autem
1691 1077 104 45 Iesus
1749 1077 58 45 di¬-

1001 1114 85 40 xit,
1054 1114 127 40 Nescitis
1150 1114 85 40 quid
1203 1114 127 40 petatis:
1299 1114 106 40 Jacob.
1373 1114 64 40 4.
1405 1114 64 40 3.
1437 1114 127 40 Petitis,
1532 1114 53 40 &
1553 1114 74 40 non
1596 1114 149 40 accipitis,
1712 1114 64 40 eo
1744 1114 85 40 quod

998 1145 90 33 male
1054 1145 135 33 petatis,
1155 1145 68 33 ut
1189 1145 68 33 in
1223 1145 158 33 uoluptates
1347 1145 124 33 vestras
1426 1145 135 33 insumatis,

1026 1157 80 53 IV
1066 1157 120 53 Verum
1145 1157 66 53 &
1172 1157 133 53 ardens
1265 1157 186 53 desiderium
1411 1157 120 53 earum
1491 1157 120 53 rerum
1571 1157 106 53 quas
1637 1157 66 53 e
1664 1157 93 53 Deo
1704 1157 93 53 peti¬-

1000 1209 96 39 mus,
1060 1209 120 39 Psalmo
1144 1209 72 39 5.
1180 1209 132 39 versic.
1275 1209 72 39 4.
1311 1209 96 39 Mane
1371 1209 144 39 disseram
1479 1209 108 39 coram
1551 1209 72 39 te
1587 1209 60 39 &
1610 1209 180 39 speculabor,
1754 1209 72 39 id

993 1238 95 38 est,
1053 1238 107 38 velut
1124 1238 72 38 in
1160 1238 131 38 specula
1255 1238 179 38 constitutus
1399 1238 167 38 desiderabo
1530 1238 60 38 &
1554 1238 167 38 exspectabo
1685 1238 83 38 dum
1721 1238 83 38 prae¬-

997 1270 89 38 stes
1052 1270 155 38 postulata.
1174 1270 67 38 Et
1208 1270 78 38 77.
1252 1270 67 38 3.
1285 1270 111 38 Psalm.
1363 1270 89 38 N30.
1419 1270 67 38 6.
1452 1270 67 38 Et
1485 1270 89 38 ipse
1541 1270 122 38 redimet
1629 1270 144 38 Israelem,
1740 1270 67 38 ab
1763 1270 44 38 o¬-

994 1302 121 44 mnibus
1079 1302 206 44 iniquitatibus
1248 1302 109 44 ejus.
1321 1302 145 44 Ardentis
1430 1302 73 44 in
1466 1302 145 44 precando
1575 1302 157 44 desiderii
1696 1302 109 44 index
1756 1302 61 44 est

1007 1340 144 36 repetitio
1118 1340 133 36 frequens
1217 1340 122 36 ejusdem
1306 1340 155 36 petitionis
1428 1340 78 36 vel
1472 1340 111 36 iisdem
1550 1340 55 36 &
1572 1340 100 36 aliis
1627 1340 100 36 verbis.

1031 1363 69 43 V.
1065 1363 160 43 Sinceritas
1191 1363 126 43 cordis,
1282 1363 80 43 sic
1328 1363 69 43 ut
1362 1363 114 43 oratio
1442 1363 80 43 non
1488 1363 91 43 fiat
1545 1363 114 43 labiis
1625 1363 137 43 dolosis,
1717 1363 91 43 Psalm.

1003 1401 85 36 17.
1052 1401 134 36 versic.
1149 1401 73 36 1.
1185 1401 122 36 Exaudi
1271 1401 122 36 Iehova
1356 1401 170 36 justitiam,
1490 1401 134 36 attende
1587 1401 73 36 ad
1623 1401 146 36 clamorem
1721 1401 85 36 meum;

1000 1430 106 45 aurem
1071 1430 118 45 praebe
1153 1430 141 45 orationi
1259 1430 106 45 meae,
1329 1430 94 45 quam
1388 1430 106 45 habeo
1459 1430 118 45 absque
1541 1430 118 45 labijs
1623 1430 141 45 dolosis.
1717 1430 94 45 Psalm.

1006 1471 89 35 25.
1044 1471 51 35 1.

1031 1486 88 54 VI.
1082 1486 126 54 Sensus
1170 1486 63 54 &
1196 1486 139 54 agnitio
1297 1486 190 54 indigentiae
1448 1486 152 54 nostrae.
1562 1486 88 54 Nam
1613 1486 88 54 qui
1663 1486 88 54 non
1701 1486 101 54 sentit

994 1529 83 35 qui
1042 1529 83 35 non
1089 1529 142 35 agnoscit
1196 1529 178 35 indigentiam
1338 1529 107 35 suam,
1409 1529 71 35 is
1445 1529 83 35 aut
1492 1529 83 35 non
1540 1529 131 35 invocat
1635 1529 107 35 Deum,
1706 1529 83 35 aut
1742 1529 59 35 non

1003 1570 108 33 terio.
1079 1570 108 33 Psalm.
1154 1570 76 33 77.
1198 1570 119 33 versic.
1284 1570 65 33 3.
1316 1570 54 33 &
1338 1570 76 33 86.
1381 1570 119 33 versic.
1467 1570 65 33 1.
1500 1570 130 33 Inclina,
1597 1570 119 33 Iehova,
1683 1570 97 33 aurem
1737 1570 76 33 tuam,

992 1597 132 33 exaudi
1084 1597 132 33 me:nam
1176 1597 132 33 pauper
1268 1597 66 33 &
1295 1597 118 33 egens
1374 1597 105 33 sum.
1439 1597 92 33 Cui
1492 1597 118 33 munus
1571 1597 145 33 docendi
1663 1597 145 33 injunctum

1003 1629 90 45 est,
1059 1629 67 45 is
1093 1629 168 45 conscientia
1227 1629 157 45 vocationis
1351 1629 56 45 &
1373 1629 180 45 necessitatis
1519 1629 157 45 intelligit
1642 1629 67 45 se
1676 1629 146 45 adstringi
1777 1629 45 45 ad

998 1661 156 45 petendum
1115 1661 65 45 a
1141 1661 91 45 Deo
1193 1661 156 45 Spiritum
1297 1661 156 45 prophetiae

1046 1676 88 59 VII.
1101 1676 88 59 Vera
1156 1676 143 59 humilitas
1266 1676 55 59 &
1288 1676 121 59 agnitio
1376 1676 121 59 nostrae
1463 1676 187 59 indignitatis,
1617 1676 121 59 Eccles.
1705 1676 66 59 5.
1738 1676 66 59 v.
1760 1676 44 59 2.

1002 1717 72 53 Ne
1038 1717 156 53 acceleres
1158 1717 84 53 ore
1206 1717 96 53 tuo,
1266 1717 60 53 &
1290 1717 120 53 animus
1374 1717 96 53 tuus
1433 1717 72 53 ne
1469 1717 144 53 festinet
1577 1717 144 53 proferre
1685 1717 144 53 quicquam

999 1761 107 34 coram
1071 1761 96 34 ipso
1130 1761 96 34 Deo:
1190 1761 84 34 nam
1238 1761 96 34 Deus
1298 1761 96 34 ipse
1357 1761 72 34 in
1393 1761 119 34 coelis
1477 1761 96 34 est,
1536 1761 72 34 tu
1572 1761 107 34 autem
1644 1761 107 34 super
1704 1761 107 34 terram:

1012 1787 113 47 dcirco
1091 1787 101 47 sunto
1158 1787 101 47 verba
1226 1787 79 47 tua
1271 1787 113 47 pauca.
1349 1787 101 47 Jesa.
1417 1787 79 47 64.
1462 1787 124 47 versic.
1552 1787 79 47 10,
1597 1787 79 47 12.
1642 1787 79 47 Sed
1687 1787 101 47 sumus
1743 1787 68 47 uta¬-

1000 1822 147 35 immundus
1110 1822 110 35 omnes
1183 1822 98 35 nos,
1244 1822 61 35 &
1269 1822 110 35 sicut
1342 1822 171 35 panniculus
1477 1822 208 35 abjectissimus
1648 1822 110 35 omnes
1709 1822 98 35 justi¬-

994 1860 87 36 tiae
1049 1860 131 36 nostrae:
1147 1860 185 36 diffluimusque
1299 1860 98 36 velus
1364 1860 109 36 folium
1441 1860 98 36 omnes
1506 1860 87 36 nos,
1560 1860 54 36 &
1582 1860 163 36 iniquitates
1702 1860 109 36 nostrae,

1008 1883 69 41 ut
1043 1883 115 41 ventus
1124 1883 138 41 auferunt
1228 1883 92 41 nos.
1285 1883 81 41 Iam
1331 1883 92 41 vero
1389 1883 127 41 Iehova,
1481 1883 104 41 pater
1550 1883 115 41 noster
1631 1883 81 41 es:
1677 1883 81 41 nos
1712 1883 92 41 quidem

997 1916 110 50 lutum
1070 1916 123 50 sumus,
1156 1916 74 50 tu
1193 1916 98 50 vero
1255 1916 123 50 fictor
1340 1916 123 50 noster
1426 1916 86 50 es,
1476 1916 61 50 &
1500 1916 98 50 opus
1561 1916 110 50 manus
1635 1916 98 50 tuae
1697 1916 110 50 sumus
1758 1916 49 50 o¬-

1000 1953 106 45 mnes.
1071 1953 130 45 Daniel.
1165 1953 71 45 9.
1201 1953 130 45 versic.
1295 1953 83 45 18.
1342 1953 141 45 Inclina,
1448 1953 94 45 Deus
1507 1953 83 45 mi,
1554 1953 106 45 aurem
1625 1953 94 45 tuam
1684 1953 59 45 &
1696 1953 106 45 audi:a;

1009 1981 91 51 peri
1066 1981 114 51 oculos
1145 1981 91 51 tuos
1202 1981 57 51 &
1225 1981 91 51 vide
1282 1981 182 51 desolationes
1430 1981 137 51 nostras,
1532 1981 57 51 &
1555 1981 148 51 civitatis
1668 1981 91 51 quae
1714 1981 91 51 vocase

1005 2016 81 47 est
1052 2016 70 47 de
1087 2016 116 47 nomine
1168 2016 93 47 tuo:
1226 2016 81 47 non
1272 2016 93 47 enim
1330 2016 127 47 propter
1423 2016 104 47 ullam
1492 2016 151 47 iustitiam
1608 2016 127 47 nostram
1701 2016 81 47 nos
1735 2016 70 47 prox

1009 2050 144 33 cidentes
1117 2050 168 33 deprecamur
1249 2050 84 33 te,
1297 2050 84 33 sed
1345 2050 132 33 propter
1442 2050 192 33 miserationes
1598 2050 96 33 tuas
1646 2050 156 33 amplissimas

1031 2082 113 33 VIII.
1107 2082 175 33 Obedientia
1244 2082 100 33 erga
1307 2082 113 33 Deum,
1382 2082 75 33 ac
1419 2082 138 33 proinde
1519 2082 150 33 filialis
1632 2082 113 33 timor
1707 2082 88 33 Dei
1744 2082 63 33 seu

1010 2114 177 45 reverentia
1149 2114 89 45 Dei
1200 2114 164 45 declarata
1326 2114 202 45 observatione
1491 2114 202 45 praeceptorum
1655 2114 89 45 Dei
1706 2114 76 45 &,
1731 2114 76 45 fugi

1005 2141 180 42 peccatorum:
1149 2141 72 42 ut
1185 2141 108 42 corde
1257 2141 132 42 repleto
1353 2141 96 42 vera
1413 2141 168 42 reverentia
1544 2141 96 42 Dei,
1604 2141 108 42 corde
1676 2141 96 42 puro
1736 2141 60 42 &
1748 2141 60 42 ca¬-

1000 2178 81 44 sto
1047 2178 151 44 precemur.
1163 2178 116 44 Psalm.
1244 2178 70 44 5.
1279 2178 70 44 v.
1314 2178 70 44 8.
1349 2178 81 44 Ego
1396 2178 116 44 alitem
1477 2178 163 44 instructus
1605 2178 174 44 amplitudina
1733 2178 81 44 beni:

1013 2207 140 47 nitatis
1115 2207 102 47 tuae
1179 2207 165 47 ingrediar
1306 2207 114 47 domum
1382 2207 114 47 tuam:
1458 2207 165 47 incurvabo
1585 2207 76 47 me
1623 2207 127 47 versus
1700 2207 114 47 templum

1010 2251 164 33 panctitatis
1141 2251 87 33 tuae
1196 2251 77 33 cum
1240 2251 153 33 reverentia
1360 2251 87 33 tui.
1415 2251 120 33 Prover.
1502 2251 77 33 15.
1546 2251 120 33 versic.
1633 2251 77 33 29.
1677 2251 109 33 Procul
1753 2251 77 33 ab¬

998 2284 83 36 est
1046 2284 119 36 Iehova
1129 2284 71 36 ab
1164 2284 154 36 improbis,
1283 2284 154 36 orationem
1402 2284 107 36 autem
1473 2284 142 36 iustorum
1580 2284 142 36 exaudit.
1686 2284 71 36 1.
1710 2284 95 36 Johan.

1006 2307 68 44 3.
1040 2307 68 44 v.
1073 2307 79 44 22.
1119 2307 135 44 Quicquid
1220 2307 158 44 petierimus
1344 2307 147 44 accipimus
1457 2307 68 44 ab
1491 2307 79 44 eo,
1536 2307 124 44 quoniam
1626 2307 147 44 praecepta
1728 2307 79 44 eius.

1004 2338 171 38 observamus,
1140 2338 57 38 &
1163 2338 91 38 quae
1220 2338 68 38 in
1254 2338 114 38 ipsius
1334 2338 148 38 conspectu
1448 2338 125 38 placent
1539 2338 137 38 facimus.
1642 2338 114 38 Johan.
1722 2338 80 38 15.
1756 2338 34 38 v

1015 2374 73 37 V.
1051 2374 73 37 Si
1088 2374 170 37 manseritis
1221 2374 73 37 in
1257 2374 73 37 me
1294 2374 61 37 &
1318 2374 109 37 verba
1391 2374 85 37 mea
1439 2374 73 37 in
1476 2374 109 37 vobis
1548 2374 170 37 manserint,
1682 2374 146 37 quicquid

1009 2404 156 46 volueritis
1132 2404 123 46 petite,
1221 2404 56 46 &
1243 2404 89 46 fiet
1299 2404 112 46 vobis.
1377 2404 100 46 Casta
1444 2404 89 46 Deus
1500 2404 89 46 mens
1556 2404 89 46 est,
1611 2404 100 46 casta
1678 2404 89 46 vust
1723 2404 78 46 mente

1011 2443 131 37 vocari:
1106 2443 71 37 Et
1142 2443 119 37 castas
1225 2443 119 37 jussit
1308 2443 119 37 pondus
1392 2443 119 37 habere
1475 2443 131 37 preces.
1570 2443 178 37 Pertinacium
1713 2443 95 37 vero
1760 2443 48 37 in

1003 2468 183 41 inobedientia
1151 2468 114 41 preces
1232 2468 80 41 non
1277 2468 183 41 exaudiuntur,
1426 2468 114 41 Jerem.
1506 2468 80 41 11.
1552 2468 69 41 v.
1586 2468 80 41 11,
1632 2468 126 41 etiamsi
1712 2468 92 41 incla¬-

1008 2499 124 43 marent
1094 2499 87 43 me,
1144 2499 87 43 non
1194 2499 161 43 exaudirem
1305 2499 62 43 eos

1042 2518 87 57 IX.
1091 2518 137 57 Agnitio
1191 2518 174 57 Mediatoris
1328 2518 137 57 Christi
1428 2518 125 57 Domini
1515 2518 62 57 &
1540 2518 112 57 fides
1614 2518 75 57 in
1652 2518 100 57 eum,
1714 2518 87 57 ita
1751 2518 50 57 ut

1009 2565 75 39 in
1046 2565 124 39 ipsius
1133 2565 124 39 solius
1220 2565 124 39 nomine
1307 2565 100 39 Deum
1369 2565 149 39 invocare
1481 2565 149 39 deheamus
1593 2565 100 39 Dan.
1656 2565 75 39 9.
1693 2565 87 39 17.
1730 2565 75 39 Nunc

1018 2606 115 30 inquam
1099 2606 150 30 ausculta.
1214 2606 92 30 Deus
1272 2606 127 30 noster,
1364 2606 138 30 orationi
1467 2606 104 30 servi
1536 2606 81 30 tui
1582 2606 58 30 &
1594 2606 207 30 deprecationibus.

1011 2633 107 41 eius,
1082 2633 59 41 &
1106 2633 83 41 fac
1153 2633 71 41 ut
1189 2633 118 41 luceat
1272 2633 118 41 facies
1354 2633 83 41 tua
1402 2633 107 41 super
1473 2633 178 41 sanctuarium
1615 2633 95 41 tuum
1674 2633 95 41 quod
1721 2633 83 41 deso¬-

1011 2664 109 39 latum
1083 2664 96 39 est,
1144 2664 133 39 propter
1240 2664 145 39 Dominum.
1349 2664 121 39 Johan.
1433 2664 84 39 16.
1481 2664 72 39 v.
1518 2664 84 39 23.
1566 2664 109 39 Amen,
1638 2664 96 39 amen
1698 2664 96 39 dico
1747 2664 60 39 vo¬-

1008 2694 91 36 bis,
1064 2694 159 36 quaecumque
1189 2694 159 36 petieritis
1314 2694 57 36 a
1337 2694 102 36 Patre
1405 2694 68 36 in
1439 2694 113 36 nomine
1518 2694 91 36 meo,
1575 2694 102 36 dubit
1643 2694 113 36 vobis.
1723 2694 79 36 Hic
1757 2694 45 36 e¬-

1006 2728 76 42 nim
1050 2728 76 42 est
1093 2728 109 42 altare
1170 2728 66 42 in
1203 2728 76 42 quo
1246 2728 131 42 ponendae
1345 2728 87 42 sunt
1399 2728 109 42 preces
1476 2728 131 42 nostrae,
1574 2728 98 42 Hebr.
1639 2728 76 42 13.
1683 2728 66 42 v.
1716 2728 76 42 10,
1748 2728 66 42 Jac.

1010 2759 62 35 I.
1041 2759 62 35 v.
1071 2759 62 35 6.
1102 2759 72 35 Sed
1143 2759 123 35 postulet
1236 2759 72 35 cum
1266 2759 62 35 fide

1045 2788 70 40 X.
1080 2788 129 40 Fiducia
1174 2788 117 40 certae
1256 2788 188 40 exauditionis
1409 2788 59 40 &
1433 2788 199 40 praestationis
1597 2788 106 40 eorum
1667 2788 94 40 quae
1714 2788 94 40 perun¬-

1015 2827 91 34 tur,
1072 2827 114 34 nitens
1152 2827 217 34 promissionibus,
1334 2827 148 34 veritate,
1448 2827 160 34 sidelitate
1574 2827 57 34 &
1597 2827 183 34 omnipotentia
1734 2827 68 34 Dei,

1017 2857 132 37 Oportet
1113 2857 96 37 enim
1173 2857 132 37 fideles
1269 2857 120 37 omnino
1353 2857 120 37 certos
1438 2857 108 37 esse,
1510 2857 120 37 habere
1594 2857 72 37 se
1630 2857 108 37 ipsum
1690 2857 120 37 postula¬-

1005 2890 82 39 tum
1052 2890 106 39 suum,
1123 2890 82 39 aut
1170 2890 106 39 certe
1240 2890 141 39 exaudiri
1346 2890 59 39 a
1369 2890 82 39 Deo
1416 2890 106 39 licet
1487 2890 82 39 non
1534 2890 117 39 statim
1616 2890 164 39 postulatum
1734 2890 70 39 asse

1014 2928 147 37 quantur.
1124 2928 122 37 Psalm.
1209 2928 86 37 18.
1258 2928 73 37 v.
1295 2928 73 37 4.
1331 2928 147 37 Laudatum
1441 2928 147 37 invocabo
1551 2928 147 37 Iehovam,
1661 2928 61 37 &
1686 2928 73 37 ab
1710 2928 98 37 inimi¬-

1016 2962 74 33 tis
1059 2962 138 33 servabor.
1165 2962 106 33 Psalm.
1239 2962 74 33 25.
1282 2962 64 33 2.
1314 2962 96 33 Hebr.
1378 2962 74 33 11.
1420 2962 117 33 versic.
1505 2962 64 33 6.
1537 2962 85 33 Psal
1590 2962 74 33 86.
1632 2962 117 33 versic.
1717 2962 64 33 7.
1739 2962 74 33 Marc.

1012 2990 75 35 1I.
1055 2990 75 35 24.
1098 2990 64 35 1.
1129 2990 85 35 Tim.
1183 2990 64 35 2.
1215 2990 64 35 8.
1247 2990 85 35 Jac.
1300 2990 64 35 1.
1332 2990 64 35 v.
1364 2990 64 35 6.
1396 2990 96 35 nihil
1460 2990 138 35 ambigens:
1566 2990 75 35 nam
1609 2990 75 35 qui
1651 2990 149 35 disceptat,
1758 2990 53 35 si¬-

1022 3019 103 51 milis
1090 3019 80 51 est
1136 3019 125 51 fluctui
1227 3019 103 51 muris
1295 3019 80 51 qui
1341 3019 114 51 ventis
1421 3019 137 51 agitatur
1523 3019 57 51 &
1546 3019 148 51 iactatur.
1660 3019 68 51 I.
1694 3019 114 51 Johan.
1762 3019 46 51 5.

1013 3050 111 43 versic.
1084 3050 50 43 15.

1043 3085 79 39 XI.
1088 3085 125 39 Agnitio
1179 3085 57 39 &
1201 3085 147 39 cogitatio
1315 3085 181 39 promissionis
1462 3085 136 39 divinae,
1564 3085 79 39 Ps.
1610 3085 79 39 50.
1655 3085 79 39 15.
1701 3085 102 39 Atque
1757 3085 57 39 in¬-

1028 3117 84 51 voca
1080 3117 63 51 me
1111 3117 104 51 tepore
1184 3117 146 51 angustiae;
1299 3117 115 51 cripiam
1383 3117 63 51 te
1414 3117 63 51 ut
1445 3117 104 51 honore
1519 3117 125 51 afficias
1613 3117 73 51 me.
1654 3117 84 51 Jes.
1707 3117 63 51 65
1738 3117 63 51 v.
1759 3117 52 51 24.
