2063 3421
173 133 154 65 Conjuges
289 133 90 65 pro
340 133 77 65 se
379 133 128 65 mutuo,
469 133 77 65 ut
507 133 141 65 Isaacus
610 133 154 65 precatus
725 133 90 65 est
777 133 90 65 pro
828 133 141 65 Rebecca
918 133 77 65 con¬-

138 172 79 61 juge
188 172 79 61 sua,
237 172 79 61 quae
287 172 119 61 sterilis
376 172 89 61 erat.
436 172 99 61 Genes.
505 172 69 61 25.
545 172 59 61 v.
564 172 50 61 21.

171 211 139 37 Parentes
276 211 81 37 pro
322 211 127 37 liberis
414 211 104 37 suis,
484 211 116 37 Psalm.
553 211 58 37 72.

172 245 94 41 Jam
225 245 80 41 ad
265 245 160 41 secundum
386 245 147 41 membrum
492 245 134 41 primae
586 245 201 41 quaestionis
746 245 187 41 respondeo.
880 245 67 41 An¬-

138 269 119 48 sancti
221 269 119 48 Angeli
305 269 59 48 &
328 269 107 48 beati
400 269 131 48 homines
495 269 143 48 viventes
602 269 83 48 jam
650 269 71 48 in
685 269 119 48 coelo,
768 269 83 48 pro
816 269 107 48 nobis
876 269 59 48 ore

136 316 58 38 &
160 316 185 38 intercedant,
310 316 127 38 nullibi
402 316 150 38 Scriptura
517 316 104 38 Sacra
586 316 115 38 aperte
667 316 150 38 testatur.
782 316 127 38 Nullibi
863 316 81 38 etiam

135 341 145 41 hortatur
244 341 133 41 sanctos
340 341 97 41 vita
401 341 133 41 functos
497 341 60 41 &
521 341 85 41 cum
570 341 133 41 Christo
666 341 85 41 jam
715 341 169 41 regnantes,
847 341 72 41 ut
872 341 72 41 pro¬-

135 383 105 36 aliis
205 383 105 36 adhuc
275 383 70 36 in
310 383 105 36 terra
380 383 163 36 degentibus
508 383 151 36 orent:nam
625 383 151 36 Scriptura
741 383 105 36 Sacra
811 383 82 36 est
846 383 93 36 viven¬-

142 414 111 37 tibus
215 414 74 37 in
252 414 123 37 seculo
338 414 61 37 &
363 414 172 37 viatoribus
498 414 111 37 data;
572 414 86 37 non
621 414 111 37 autem
694 414 135 37 mortuis
793 414 61 37 &
817 414 74 37 in
842 414 98 37 patria

133 440 190 49 quiescentibus.

342 469 161 56 Hactenus
462 469 80 56 de
502 469 120 56 prima
569 469 174 56 quaestione.

169 510 131 44 Secunda
265 510 143 44 quaestio
372 510 96 44 est,
432 510 84 44 Pro
480 510 120 44 quibus
563 510 155 44 hominibus
683 510 84 44 sit
731 510 96 44 apud
791 510 96 44 Deum
838 510 96 44 inter¬-

141 549 161 37 cedendum?
264 549 111 37 Causa
338 549 185 37 quaestionis
487 549 99 37 est,
549 549 99 37 quia
610 549 99 37 Deus
672 549 111 37 vetat
746 549 173 37 Ezechielem
870 549 74 37 pro¬-

142 582 163 36 Senioribus
270 582 140 36 Israelis
375 582 186 36 intercedere,
526 582 116 36 Ezech.
596 582 58 36 20.

180 607 139 43 Videtur
281 607 114 43 autem
357 607 101 43 quod
420 607 88 43 sit
471 607 88 43 pro
521 607 139 43 omnibus
622 607 227 43 intercedendum,
812 607 101 43 quum
862 607 76 43 Pau¬-

145 639 75 45 lus
188 639 64 45 1.
220 639 86 45 Tim.
274 639 64 45 2.
306 639 64 45 v.
338 639 64 45 1.
370 639 107 45 dicat:
445 639 129 45 Adhortor
542 639 107 45 igitur
617 639 86 45 ante
670 639 107 45 omnia,
745 639 64 45 ut
777 639 96 45 fiant
831 639 107 45 depreca¬-

146 679 126 34 tiones,
237 679 126 34 preces,
329 679 207 34 postulationes,
502 679 241 34 gratiarumactiones
708 679 80 34 pro
754 679 126 34 omnibus
835 679 103 34 homini¬-

141 710 93 39 bus.
199 710 70 39 Et
234 710 70 39 v.
269 710 70 39 4.
304 710 127 39 Additur
396 710 116 39 ratio,
477 710 93 39 quia
535 710 93 39 Deus
593 710 104 39 omnes
663 710 127 39 homines
756 710 93 39 vult
814 710 139 39 servari,
906 710 35 39 &

150 742 70 39 id
185 742 164 39 agnitionem
314 742 152 39 veritatis
431 742 129 39 venire.
524 742 152 39 Praeterea
641 742 152 39 quicunque
758 742 93 39 sunt
805 742 140 39 diligendi.

153 778 81 36 pro
200 778 105 36 illis
270 778 105 36 etiam
339 778 116 36 preces
420 778 197 36 concipiendae:
583 778 70 36 At
618 778 105 36 omnes
688 778 128 36 homines
780 778 93 36 sunt
827 778 116 36 diligen¬-

148 805 84 42 di:
196 805 96 42 Ergo
256 805 108 42 etiam
328 805 84 42 pro
375 805 108 42 illis
447 805 120 42 preces
531 805 203 42 concipiendae.
699 805 108 42 Item,
770 805 156 42 quicunque
878 805 72 42 sunt

153 842 130 39 proximi
248 842 130 39 nostri,
343 842 83 39 pro
390 842 83 39 iis
437 842 83 39 est
485 842 142 39 orandum:
591 842 71 39 At
627 842 107 39 omnes
698 842 130 39 homines
792 842 95 39 sunt
840 842 107 39 proxim,

143 871 127 46 nostri:
224 871 81 46 Ergo.

178 901 80 45 Sed
223 901 114 45 contra
303 901 80 45 est
348 901 91 45 quod
405 901 91 45 Deus
462 901 114 45 vetuit
541 901 114 45 Jerem.
621 901 68 45 7.
655 901 68 45 v.
689 901 80 45 16.
734 901 68 45 Et
768 901 159 45 Ezechielem
882 901 68 45 pro¬-

147 940 167 34 Senioribus
278 940 143 34 Israelis
385 940 190 34 intercedere:
540 940 95 34 item
599 940 83 34 non
647 940 119 34 voluit
730 940 71 34 ut
766 940 119 34 Samuel
837 940 107 34 lugeret

143 971 62 41 de
174 971 104 41 Saule,
247 971 52 41 &
267 971 104 41 illius
340 971 94 41 causa
403 971 125 41 ulterius
496 971 146 41 laboraret,
611 971 62 41 1.
642 971 83 41 Sam.
694 971 73 41 16.
736 971 62 41 v.
767 971 62 41 1,
798 971 62 41 2.
830 971 62 41 Et
861 971 62 41 1.
882 971 62 41 Joh.

142 1011 69 35 5.
176 1011 103 35 v.16.
245 1011 161 35 prohibetur
371 1011 115 35 oratio
452 1011 80 35 pro
498 1011 80 35 iis
544 1011 80 35 qui
590 1011 126 35 peccant
682 1011 69 35 ad
716 1011 126 35 mortem.
797 1011 149 35 Scholastici

145 1039 101 40 etiam
212 1039 145 40 statuunt,
324 1039 78 40 pro
368 1039 134 40 inimicis
469 1039 123 40 nostris
558 1039 78 40 non
603 1039 89 40 esse
659 1039 168 40 specialiter
793 1039 134 40 orandum:
882 1039 56 40 con

144 1077 112 37 munia
218 1077 99 37 enim
280 1077 186 37 humanitatis
429 1077 136 37 officia
528 1077 124 37 tantum
614 1077 112 37 illis
689 1077 124 37 tribui
776 1077 161 37 oportere,
887 1077 62 37 non

144 1093 111 47 autem
218 1093 99 47 haec
279 1093 86 47 tam
329 1093 136 47 egregia
427 1093 99 47 quae
489 1093 111 47 solis
563 1093 123 47 amicis
649 1093 148 47 debemus:
760 1093 74 47 ut
797 1093 111 47 docet
871 1093 123 47 Thomas
945 1093 37 47 D

140 1136 67 42 in
173 1136 67 42 2.
206 1136 133 42 secundae
306 1136 122 42 quaest.
395 1136 78 42 35.
440 1136 67 42 Et
473 1136 133 42 Durandus
573 1136 67 42 in
606 1136 89 42 lib.
661 1136 67 42 3.
695 1136 133 42 Sentent.
795 1136 144 42 distinct.
895 1136 55 42 30.

150 1172 137 38 quaest.
249 1172 74 38 1.
286 1172 87 38 Tum
336 1172 87 38 pro
385 1172 223 38 excommunicatis
572 1172 62 38 &
596 1172 174 38 haereticis
733 1172 87 38 non
783 1172 137 38 videtur
870 1172 74 38 oran

143 1208 103 37 dum;
207 1208 103 37 quia
272 1208 90 37 qui
323 1208 103 37 orat
387 1208 90 37 cum
439 1208 231 37 excommunicato,
632 1208 90 37 est
683 1208 64 37 &
709 1208 103 37 ipse
760 1208 180 37 excommunica¬-

145 1234 89 33 tus,
201 1234 67 33 si
234 1234 112 33 laicus
313 1234 89 33 est;
368 1234 78 33 vel
413 1234 157 33 deponitur,
536 1234 67 33 si
570 1234 134 33 sacerdos
670 1234 89 33 est,
726 1234 89 33 Can.
782 1234 78 33 Qui
816 1234 134 33 communica¬-

142 1268 112 42 verit.
220 1268 78 42 11.
265 1268 123 42 quaest.
354 1268 67 42 3.
387 1268 123 42 Deinde,
476 1268 78 42 qui
521 1268 78 42 non
566 1268 89 42 sunt
622 1268 156 42 salutandi,
744 1268 78 42 pro
789 1268 78 42 iis
833 1268 78 42 nec
867 1268 78 42 oran¬-

148 1298 97 41 dum:
208 1298 73 41 At
245 1298 206 41 excommunicati
414 1298 61 41 &
438 1298 157 41 haeretici
560 1298 85 41 non
608 1298 97 41 sunt
668 1298 169 41 salutandi,
802 1298 73 41 2.
838 1298 121 41 Johan.
911 1298 48 41 v.

144 1339 82 39 10,
191 1339 82 39 11.
238 1339 94 39 Ergo
297 1339 82 39 pro
344 1339 82 39 iis
391 1339 82 39 nec
426 1339 106 39 orandum

182 1365 94 44 Pro
235 1365 148 44 mortuis
343 1365 121 44 autem
423 1365 174 44 quibusdam
557 1365 107 44 esse
624 1365 148 44 orandum
731 1365 67 44 &
745 1365 201 44 intercedendum

150 1391 140 50 Papistae
244 1391 151 50 contendunt.

183 1422 81 44 Sed
230 1422 150 44 concilium
345 1422 173 44 Braccarense
483 1422 69 44 1.
518 1422 92 44 cap.
576 1422 81 44 34.
622 1422 173 44 interdicit,
760 1422 69 44 ut
795 1422 104 44 nulla
852 1422 104 44 oratio¬-

149 1454 88 44 fiat
204 1454 77 44 pro
248 1454 77 44 his
291 1454 77 44 qui
335 1454 120 44 seipsos
423 1454 186 44 interficiunt,
576 1454 66 44 ut
609 1454 109 44 videre
685 1454 99 44 licet
751 1454 66 44 in
784 1454 88 44 Jure
828 1454 120 44 Canonico¬-

142 1500 97 41 causa
207 1500 108 41 viges.
283 1500 119 41 tertia,
369 1500 151 41 quaestione
488 1500 119 41 quinta,
574 1500 130 41 capitulo
672 1500 119 41 Placuit
758 1500 65 41 ut
791 1500 76 41 qui
834 1500 65 41 1¬

190 1533 99 39 ubet
251 1533 111 39 etiam
326 1533 136 39 Canones
424 1533 173 39 Pontificii
560 1533 74 39 ne
598 1533 148 39 precemur
709 1533 87 39 pro
758 1533 136 39 clerico
857 1533 87 39 qui
894 1533 62 39 aut

142 1561 66 37 in
175 1561 110 37 bello,
252 1561 77 37 aut
296 1561 66 37 in
329 1561 99 37 rixa,
395 1561 77 37 aut
439 1561 66 37 in
472 1561 143 37 Gentilium
582 1561 99 37 ludis
648 1561 121 37 mortuus
736 1561 121 37 fuerit.
824 1561 77 37 23.
857 1561 99 37 quaest.

142 1597 91 44 8.c.
198 1597 148 44 Quicunque
312 1597 136 44 clericus
403 1597 34 44 4

183 1621 140 43 Caeterum
288 1621 151 43 responsio
405 1621 70 43 ad
440 1621 175 43 quaesticnem
579 1621 151 43 proposita
696 1621 116 43 nostra
777 1621 93 43 haec
836 1621 93 43 est:
882 1621 70 43 Pro¬-

152 1660 136 40 omnibus
251 1660 136 40 electis
350 1660 161 40 hominibus
473 1660 62 40 e
498 1660 111 40 mundo
572 1660 161 40 ubicunque
696 1660 99 40 sint
758 1660 62 40 &
783 1660 111 40 adhuc
845 1660 111 40 futuri,

151 1692 92 38 sint
208 1692 138 38 terrarum
311 1692 126 38 orandum
403 1692 80 38 est
449 1692 207 38 universaliter:
621 1692 69 38 at
656 1692 80 38 pro
702 1692 103 38 mundo
771 1692 80 38 seu
817 1692 126 38 omnibus
897 1692 46 38 o¬-

146 1726 114 36 mnium
222 1726 139 36 ordinum
324 1726 165 36 hominibus
450 1726 177 36 viventibus
589 1726 114 36 adhuc
665 1726 76 36 in
703 1726 127 36 terris
792 1726 89 36 est
830 1726 114 36 orandum

142 1765 151 36 communiter
261 1765 65 36 1.
293 1765 86 36 Tim.
347 1765 65 36 2.
379 1765 75 36 12.
422 1765 97 36 Psal.
486 1765 65 36 5.
519 1765 65 36 v.
551 1765 75 36 12.
594 1765 97 36 Psal.
659 1765 75 36 28.
702 1765 65 36 9.
734 1765 129 36 exceptis
831 1765 75 36 iis
874 1765 75 36 qui
906 1765 43 36 ad

140 1788 129 48 mortem
230 1788 155 48 peccant,
347 1788 194 48 quemadmodum
501 1788 116 48 docet
579 1788 155 48 Johannes
695 1788 129 48 epist.
785 1788 129 48 prima,
876 1788 103 48 cap.

151 1825 133 40 quinto.
248 1825 109 40 versu
320 1825 194 40 decimosexto.
478 1825 97 40 Idem
538 1825 133 40 exemplo
635 1825 121 40 Saulis
720 1825 194 40 confirmatur,
877 1825 61 40 &
889 1825 61 40 po¬-

146 1860 92 37 puli
203 1860 126 37 Judaici
295 1860 69 37 in
329 1860 161 37 rebellione
456 1860 138 37 adversus
559 1860 92 37 Deum
617 1860 172 37 confirmati,
755 1860 115 37 Jerem.
835 1860 69 37 7.
870 1860 69 37 v.
893 1860 57 37 16.

152 1887 55 50 &
174 1887 88 50 cap.
229 1887 77 50 11.
273 1887 66 50 v.
306 1887 77 50 14.
350 1887 55 50 &
372 1887 88 50 cap.
427 1887 77 50 14.
471 1887 77 50 11,
515 1887 55 50 &
537 1887 132 50 Seniorum
637 1887 121 50 illorum
725 1887 143 50 Israelis,
835 1887 77 50 pro
868 1887 88 50 quibus

156 1920 160 50 prohibitus
282 1920 80 50 est
327 1920 137 50 Ezechiel
419 1920 149 50 intercedere

180 1940 125 46 Ergone
268 1940 113 46 etiam
343 1940 138 46 orandum
443 1940 88 46 pro
493 1940 150 46 hostibus
606 1940 63 46 &
631 1940 238 46 persequutoribus
818 1940 138 46 Ecclesiae

146 1980 127 46 Etiam,
235 1980 102 46 quam
299 1980 89 46 diu
350 1980 89 46 non
401 1980 140 46 constat
503 1980 89 46 eos
554 1980 76 46 ad
592 1980 127 46 mortem
682 1980 153 46 peccare.
796 1980 89 46 Sic
847 1980 102 46 enim
898 1980 64 46 ait

158 2012 136 42 Christus
260 2012 114 42 Matth.
339 2012 68 42 5.
374 2012 68 42 v.
408 2012 80 42 44.
453 2012 148 42 Precamini
567 2012 80 42 pro
612 2012 80 42 iis
658 2012 80 42 qui
703 2012 102 42 vobis
771 2012 125 42 infesti
862 2012 102 42 sunt,
919 2012 34 42 &

151 2047 177 42 persequuntur
295 2047 89 42 vos:
350 2047 55 42 &
373 2047 122 42 exemplo
461 2047 78 42 suo
506 2047 144 42 praeivit:
616 2047 100 42 orans
683 2047 67 42 in
716 2047 100 42 cruce
783 2047 78 42 pro
827 2047 78 42 iis
871 2047 55 42 a
894 2047 89 42 qui¬

147 2084 82 40 bus
194 2084 222 40 crucifigebatur,
381 2084 94 40 Luc.
440 2084 82 40 23.
486 2084 82 40 34.
533 2084 70 40 Et
568 2084 117 40 Paulus
650 2084 105 40 jubet
720 2084 70 40 I.
755 2084 94 40 Tim.
814 2084 70 40 2.
849 2084 70 40 v.
884 2084 70 40 2.
907 2084 82 40 orare

147 2118 83 41 pro
195 2118 131 41 regibus
290 2118 59 41 &
314 2118 155 41 quibusvis
433 2118 71 41 in
468 2118 155 41 eminentia
587 2118 190 41 constitutis,
742 2118 119 41 quorum
825 2118 119 41 aliqui
897 2118 59 41 ho¬-

147 2149 98 38 stes
208 2149 61 38 &
233 2149 208 38 persequutores
404 2149 208 38 Christianorum
576 2149 147 38 fuerunt.

180 2170 99 47 Quin
242 2170 112 47 etiam
316 2170 137 47 orandum
416 2170 87 47 pro
465 2170 199 47 infidelibus,
627 2170 87 47 pro
677 2170 224 47 excommunicatis
863 2170 62 47 &
875 2170 75 47 hae¬-

157 2211 139 40 reticis,
261 2211 81 40 cum
308 2211 162 40 aberrantes
435 2211 92 40 sint
493 2211 69 40 in
527 2211 92 40 viam
585 2211 162 40 revocandi,
712 2211 104 40 juxta
782 2211 162 40 praeceptum
897 2211 58 40 Ja¬-

157 2243 87 37 cobi
211 2243 87 37 cap.
266 2243 65 37 5.
298 2243 65 37 v.
331 2243 76 37 19,
374 2243 76 37 20.
418 2243 130 37 Fratres,
516 2243 65 37 si
548 2243 87 37 quis
602 2243 98 37 inter
668 2243 76 37 vos
711 2243 141 37 aberrarit
820 2243 54 37 a
831 2243 119 37 veritate.

148 2282 64 36 &
174 2282 192 36 converterit
327 2282 90 36 eum
379 2282 166 36 quispiam,
507 2282 115 36 Sciat
584 2282 90 36 eum
635 2282 90 36 qui
686 2282 166 36 averterit
801 2282 154 36 peccatorem

153 2307 73 37 ab
189 2307 122 37 errore
275 2307 98 37 viae
336 2307 110 37 suae,
409 2307 171 37 servaturum
544 2307 122 37 animam
629 2307 61 37 a
654 2307 122 37 morte,
739 2307 61 37 &
764 2307 171 37 obtecturum
886 2307 73 37 mul¬-

155 2340 159 38 titudinem
277 2340 184 38 peccotorum.
424 2340 86 38 Nec
473 2340 220 38 excommunicatio
656 2340 73 38 ad
693 2340 208 38 subversionem,
864 2340 86 38 sed
901 2340 49 38 ad

162 2372 211 39 aedificationem
338 2372 82 39 est
385 2372 164 39 instituta,
515 2372 70 39 ut
550 2372 200 39 excommunicati
714 2372 188 39 humilientur,
867 2372 70 39 ad
890 2372 59 39 Dei

152 2405 190 38 convertantur
306 2405 59 38 &
330 2405 166 38 servertur,
461 2405 178 38 quemadmodum
603 2405 119 38 Paulus
686 2405 107 38 docet
757 2405 71 38 1.
793 2405 95 38 Cor.
852 2405 71 38 5.
888 2405 71 38 v.
912 2405 47 38 5.

161 2441 161 35 Ejusmodi,
285 2441 137 35 inquam,
384 2441 99 35 homo
446 2441 149 35 tradatur
558 2441 137 35 Satanae
657 2441 74 35 ad
694 2441 161 35 interitum
818 2441 137 35 carnis,
905 2441 50 35 ut

153 2474 145 38 spiritus
261 2474 121 38 salvus
346 2474 84 38 sit
394 2474 84 38 die
442 2474 96 38 illo
503 2474 121 38 Domini
587 2474 109 38 Iesu.
659 2474 84 38 Imo
708 2474 84 38 pro
756 2474 217 38 excommunicatis
925 2474 36 38 &

146 2508 176 34 haeryticis,
287 2508 71 34 ut
323 2508 200 34 convertantur,
487 2508 71 34 eo
523 2508 153 34 ardentius
640 2508 82 34 est
687 2508 141 34 orandum,
793 2508 82 34 quo
840 2508 141 34 remotio¬

156 2536 133 42 ressunt
253 2536 61 42 a
277 2536 85 42 Deo
326 2536 61 42 &
350 2536 170 42 viciniores
483 2536 133 42 exitio.
580 2536 97 42 Quod
641 2536 97 42 vero
701 2536 133 42 attinet
798 2536 145 42 Canonem,
895 2536 61 42 Qui

158 2575 250 34 communicaverit,
369 2575 79 34 eo
408 2575 92 34 non
461 2575 184 34 prohibetur
606 2575 132 34 oratio
698 2575 92 34 pro
737 2575 224 34 excommunicatis.

154 2604 77 39 sed
198 2604 77 39 cum
242 2604 99 39 illis
308 2604 176 39 conmunicatio
450 2604 66 39 in
483 2604 110 39 sacris
560 2604 55 39 &
582 2604 143 39 precibus:
692 2604 88 39 quia
747 2604 198 39 Excomunicatio,
900 2604 55 39 est

150 2638 138 39 exclusio
254 2638 138 39 alicujus
358 2638 58 39 a
381 2638 161 39 conmunione
508 2638 127 39 totoque
600 2638 150 39 consortio
715 2638 150 39 fidelium,
830 2638 104 39 inter
888 2638 69 39 quos

153 2675 87 34 est
202 2675 136 34 Christi
301 2675 161 34 communio,
425 2675 87 34 qua
474 2675 173 34 exclusione
610 2675 185 34 declaratur,
758 2675 222 34 excommunicatum

145 2708 116 30 etiam
223 2708 116 30 regno
300 2708 90 30 Dei
352 2708 155 30 exclusum
468 2708 65 30 a
493 2708 142 30 Satanae
597 2708 155 30 traditum
713 2708 116 30 esse,
790 2708 116 30 donec
855 2708 103 30 excom¬-

158 2732 145 40 municatus
269 2732 167 40 resipiscat,
403 2732 67 40 Et
437 2732 89 40 quod
492 2732 134 40 Johannes
593 2732 67 40 2.
626 2732 111 40 epist.
704 2732 67 40 v.
738 2732 78 40 10,
782 2732 78 40 11.
827 2732 111 40 dicit,
905 2732 67 40 Si
927 2732 67 40 quis

159 2769 110 35 venit
232 2769 73 35 ad
269 2769 98 35 vos,
330 2769 61 35 &
354 2769 98 35 hanc
415 2769 159 35 doctrinam
537 2769 86 35 non
586 2769 134 35 adsert,
684 2769 73 35 ne
721 2769 147 35 recipite
831 2769 86 35 eum
867 2769 98 35 domum,

156 2806 84 32 nec
204 2806 84 32 Ave
252 2806 72 32 ei
288 2806 132 32 dicite,
384 2806 84 32 Qui
432 2806 96 32 enim
492 2806 108 32 dicit
564 2806 72 32 ei
601 2806 96 32 Ave,
661 2806 168 32 communicat
793 2806 144 32 operibus
889 2806 72 32 ejus

153 2828 133 44 malis:
246 2828 80 44 eo
286 2828 133 44 tantum
379 2828 160 44 prohibet
499 2828 186 44 commercium
645 2828 93 44 cum
699 2828 146 44 errorum
805 2828 133 44 contra
885 2828 80 44 fun¬-

152 2861 154 38 damentum
268 2861 219 38 defensoribus,
448 2861 129 38 quibus
538 2861 154 38 profecto
653 2861 90 38 non
705 2861 90 38 est
756 2861 167 38 exhibedum
872 2861 90 38 ullum

159 2897 187 40 testimonium
308 2897 211 40 fraternitatis
482 2897 62 40 &
507 2897 199 40 communionis.
669 2897 137 40 Interim
768 2897 87 40 non
818 2897 87 40 est
855 2897 112 40 vetitum

163 2934 109 37 porare
240 2934 76 37 pro
283 2934 109 37 illis,
360 2934 66 37 ut
393 2934 87 37 Deus
447 2934 98 37 illos
513 2934 142 37 illuminet
622 2934 55 37 &
633 2934 131 37 conservet.

198 2954 141 52 Inprimis
304 2954 129 52 orandum
398 2954 82 52 est
445 2954 82 52 pro
492 2954 94 52 tota
550 2954 141 52 Ecclesia
656 2954 164 52 militante,
785 2954 94 52 quod
844 2954 106 52 David
902 2954 59 52 fa¬-

170 2991 70 45 cit
210 2991 99 45 Psalm.
279 2991 60 45 3.
309 2991 60 45 v.
339 2991 60 45 9.
369 2991 50 45 &
389 2991 99 45 Psalm.
458 2991 60 45 25
488 2991 60 45 v.
518 2991 79 45 ult.
568 2991 99 45 Psalm.
637 2991 79 45 125.
687 2991 60 45 v.
717 2991 60 45 4,
746 2991 60 45 5.
776 2991 50 45 &
796 2991 99 45 alibi.
866 2991 70 45 Pro
895 2991 60 45 cer¬-

160 3027 75 45 tis
203 3027 108 45 itidem
279 3027 140 45 fidelibus
386 3027 65 45 in
419 3027 151 45 calamitate
537 3027 108 45 aliqua
612 3027 172 45 constitutis,
752 3027 86 45 Job.
806 3027 75 45 30.
838 3027 54 45 24.

197 3051 76 45 Pro
240 3051 119 45 mortuis
327 3051 97 45 vero,
392 3051 86 45 sive
446 3051 86 45 piis
500 3051 86 45 sive
554 3051 119 45 impiis,
640 3051 86 45 sive
694 3051 130 45 naturali
791 3051 97 45 morte
845 3051 108 45 excesset

170 3088 92 38 rint,
231 3088 82 38 sive
283 3088 103 38 seipsi
355 3088 185 38 interfecerint,
509 3088 82 38 sive
560 3088 62 38 ab
591 3088 92 38 aliis
653 3088 134 38 interemti
755 3088 92 38 sint,
817 3088 72 38 non
858 3088 72 38 est
889 3088 72 38 oran¬-

165 3121 101 45 dum,
229 3121 88 45 non
279 3121 88 45 est
330 3121 227 45 intercedendum:
519 3121 88 45 nam
570 3121 88 45 qui
620 3121 88 45 pis
671 3121 126 45 mortui
759 3121 101 45 sunt
822 3121 63 45 &
848 3121 76 45 in
873 3121 101 45 coelum

972 132 156 66 translati
1092 132 72 66 ad
1128 132 156 66 Christum,
1249 132 144 66 precibus
1357 132 132 66 nostris
1453 132 96 66 opus
1513 132 84 66 non
1561 132 132 66 habent;
1658 132 60 66 &
1670 132 120 66 injuriam

985 185 106 46 facit
1056 185 165 46 martyribus
1185 185 59 46 &
1209 185 129 46 sanctis
1303 185 82 46 qui
1350 185 82 46 pro
1397 185 106 46 illis
1468 185 106 46 orat:
1538 185 82 46 qui
1585 185 94 46 vero
1644 185 106 46 impie
1703 185 94 46 mortui

994 216 91 39 sunt
1051 216 57 39 &
1073 216 68 39 ad
1107 216 125 39 inferos
1198 216 193 39 descenderunt,
1358 216 137 39 precibus
1460 216 125 39 nostris
1551 216 102 39 nihil
1619 216 137 39 juvantur

1019 246 176 49 OBIICIUNT
1155 246 162 49 Papistae
1276 246 81 49 ex
1317 246 81 49 2.
1357 246 149 49 Machab.
1465 246 95 49 12.
1519 246 81 49 v.
1560 246 95 49 44.
1614 246 108 49 Nisi
1681 246 108 49 enim
1735 246 68 49 eos

994 285 83 34 qui
1042 285 178 34 ceciderant,
1184 285 202 34 resurrecturos
1350 285 107 34 Iudas
1422 285 154 34 speraret,
1541 285 166 34 superfluum
1659 285 131 34 videretur

981 318 58 36 &
1005 318 116 36 vanum,
1086 318 105 36 orare
1156 318 81 36 pro
1202 318 139 36 mortuis.
1307 318 70 36 Et
1342 318 70 36 v.
1376 318 81 36 46.
1423 318 116 36 Sancta
1504 318 93 36 ergo
1562 318 58 36 &
1586 318 139 36 salubris
1690 318 81 36 est
1725 318 58 36 co¬-

982 348 120 40 gitatio
1070 348 77 40 pro
1113 348 142 40 defunctis
1223 348 109 40 orare,
1299 348 66 40 ut
1332 348 55 40 a
1354 348 131 40 peccatis
1453 348 142 40 solvantur

1013 378 142 38 RESPON.
1116 378 116 38 Primo
1194 378 90 38 est
1246 378 142 38 petitio
1349 378 181 38 principii,
1491 378 103 38 quia
1556 378 116 38 libri
1620 378 181 38 Machabaeorum

987 413 89 42 non
1038 413 102 42 sunt
1102 413 165 42 divinitus
1229 413 165 42 Canonici,
1356 413 89 42 sed
1407 413 178 42 Apocryphi:
1547 413 102 42 ideo
1611 413 76 42 ad
1637 413 165 42 confirmanda

999 446 135 40 dogmata
1097 446 209 40 Ecclesiastica
1269 446 110 40 nulla
1342 446 86 40 est
1391 446 110 40 eorum
1465 446 172 40 autoritas.
1600 446 123 40 Deinde
1673 446 123 40 negamus,

990 486 123 32 Judam
1073 486 192 32 Machabaeum
1223 486 137 32 orasse
1319 486 96 32 pro
1374 486 192 32 defunctis.
1525 486 96 32 Non
1580 486 110 32 enim
1648 486 123 32 causa
1717 486 82 32 mor¬-

986 512 123 36 tuorum
1072 512 148 36 militum,
1183 512 86 36 sed
1232 512 160 36 viventium
1356 512 185 36 reliquiarum
1503 512 160 36 conceptae
1627 512 99 36 sunt
1676 512 111 36 preces¬-

981 544 70 36 ne
1016 544 139 36 judicium
1121 544 104 36 illud
1190 544 81 36 Dei
1236 544 128 36 amplius
1329 544 186 36 ezardesceret
1480 544 70 36 in
1515 544 139 36 populum,
1619 544 81 36 sed
1665 544 81 36 ira
1700 544 93 36 illius

981 578 176 40 desineret,
1120 578 76 40 ut
1158 578 139 40 Deuter.
1259 578 88 40 21.
1309 578 76 40 7.
1347 578 101 40 Quod
1410 578 113 40 autem
1486 578 113 40 libri
1561 578 202 40 Machabaeorum
1712 578 76 40 auto

988 611 111 31 aliter
1066 611 189 31 interpretatur
1221 611 111 31 factum
1299 611 67 31 id
1332 611 122 31 erroris
1421 611 111 31 humani
1498 611 89 31 est.
1554 611 122 31 Tertio,
1643 611 67 31 si
1676 611 100 31 Judas
1731 611 67 31 ora¬-

991 642 82 42 vit
1038 642 82 42 pro
1085 642 164 42 defunctis,
1214 642 70 42 ut
1249 642 129 42 judicat
1342 642 105 42 autor
1413 642 105 42 libri
1483 642 199 42 Machabaeorum,
1647 642 82 42 tum
1694 642 59 42 &
1705 642 94 42 factum

1000 675 111 39 udaei
1074 675 62 39 &
1098 675 148 39 judicium
1209 675 136 39 autoris
1308 675 123 39 ipsius
1394 675 74 39 de
1431 675 74 39 eo
1468 675 123 39 pugnat
1555 675 86 39 cum
1604 675 99 39 vere
1653 675 136 39 Canonica.

993 707 166 41 Scriptura,
1124 707 95 41 quia
1183 707 131 41 oblatio
1278 707 202 41 sacrificiorum
1445 707 59 41 &
1468 707 119 41 precum
1551 707 83 41 pro
1599 707 83 41 iis
1646 707 83 41 qui
1694 707 71 41 se
1718 707 71 41 ana¬-

993 739 133 44 themate
1090 739 182 44 pollucrant,
1235 739 109 44 plane
1308 739 170 44 adversatur
1441 739 97 44 Legi
1489 739 61 44 Dei

1018 773 161 38 OBIICITUR
1142 773 149 38 secundo;
1253 773 99 38 Quod
1315 773 161 38 Ecclesiae
1439 773 74 38 in
1477 773 99 38 more
1539 773 99 38 fuit
1601 773 149 38 positum,
1712 773 74 38 id
1737 773 62 38 est

1000 797 133 53 sanctum
1097 797 60 53 &
1121 797 169 53 faciendum:
1254 797 145 53 Precatio
1363 797 85 53 pro
1411 797 133 53 mortuis
1508 797 157 53 Ecclesiae
1629 797 73 53 in
1665 797 97 53 more
1713 797 85 53 fuit.

985 838 126 43 posita.
1076 838 91 43 Ergo
1133 838 137 43 precatio
1236 838 80 43 pro
1282 838 126 43 mortuis
1373 838 80 43 est
1419 838 114 43 sancta
1499 838 57 43 &
1510 838 126 43 facienda.

1025 861 113 45 RESP.
1101 861 113 45 Primo
1176 861 101 45 nego
1239 861 227 45 consequentiam,
1428 861 101 45 quia
1491 861 76 45 ex
1529 861 113 45 puris
1592 861 201 45 particularibus

1000 893 102 49 nihil
1068 893 147 49 sequitur:
1181 893 102 49 major
1248 893 158 49 propositio
1373 893 158 49 indefinite
1497 893 113 49 quidem
1576 893 147 49 enunciata
1689 893 90 49 est,
1746 893 79 49 sed

1010 937 153 36 articulari
1131 937 175 36 aequipollet,
1273 937 66 36 si
1306 937 121 36 admitti
1394 937 121 36 debeat.
1481 937 66 36 Si
1514 937 88 36 vero
1569 937 186 36 universaliter
1711 937 88 36 intel¬-

991 969 137 35 ligatur,
1094 969 80 35 est
1139 969 114 35 falsa:
1219 969 80 35 non
1265 969 92 35 enim
1322 969 103 35 omnis
1391 969 160 35 consuetudo
1517 969 160 35 Ecclesiae,
1643 969 80 35 sed
1689 969 114 35 tantum
1757 969 46 35 ea

997 1001 94 36 quae
1056 1001 82 36 cum
1103 1001 94 36 Lege
1162 1001 117 36 divina
1244 1001 141 36 convenit
1350 1001 59 36 &
1373 1001 117 36 sancta
1455 1001 94 36 est,
1514 1001 164 36 retinenda.
1643 1001 129 36 Legibus
1726 1001 70 36 enim

996 1033 90 35 Dei
1047 1033 77 35 in
1086 1033 154 35 Ecclesia
1201 1033 154 35 vivendum
1316 1033 102 35 est,
1380 1033 90 35 non
1432 1033 141 35 hominum
1534 1033 256 35 superstitiosorum
1739 1033 64 35 ex¬-

1002 1068 130 41 mplis.
1093 1068 91 41 Imo
1145 1068 78 41 ne
1183 1068 130 41 quidem
1274 1068 168 41 sanctorum
1404 1068 142 41 hominum
1507 1068 117 41 facta
1585 1068 155 41 quaevis,
1701 1068 104 41 quae
1753 1068 52 41 in

994 1096 152 38 Scriptura
1111 1096 117 38 divina
1193 1096 176 38 memorantur,
1334 1096 152 38 imitanda,
1451 1096 82 38 sed
1498 1096 94 38 quae
1556 1096 94 38 Deus
1615 1096 129 38 jussit,
1697 1096 105 38 facien¬-

999 1128 85 43 da.
1047 1128 181 43 Precationem
1192 1128 97 43 vero
1253 1128 85 43 pro
1301 1128 133 43 mortuis
1398 1128 157 43 Ecclesiae
1519 1128 73 43 in
1555 1128 97 43 more
1616 1128 133 43 positam
1712 1128 85 43 cum
1749 1128 60 43 ve¬-

1000 1161 112 40 ritate
1078 1161 156 40 Scripturae
1201 1161 123 40 Sanctae
1290 1161 156 40 convenire,
1413 1161 123 40 negatur

1023 1191 179 39 OBIICIUNT
1161 1191 138 39 adhuc:
1257 1191 110 39 Quod
1326 1191 138 39 sancti
1422 1191 69 39 &
1450 1191 179 39 orthodoxi
1587 1191 138 39 Patres
1670 1191 138 39 approba¬-

993 1227 105 39 runt,
1063 1227 70 39 id
1098 1227 81 39 est
1144 1227 139 39 sanctum:
1249 1227 174 39 Precationem
1389 1227 81 39 pro
1435 1227 139 39 mortuis,
1540 1227 116 39 sancti
1621 1227 116 39 Patres
1691 1227 116 39 approba¬-

992 1260 107 37 runt,
1063 1260 71 37 ut
1099 1260 166 37 Epiphanius
1229 1260 119 37 contra
1313 1260 142 37 Aerianos
1419 1260 131 37 haeres.
1514 1260 83 37 75.
1562 1260 166 37 Augustinus
1692 1260 71 37 in
1716 1260 83 37 libro

992 1291 75 56 de
1030 1291 100 56 cura
1093 1291 88 56 pro
1143 1291 150 56 mortuis:
1255 1291 150 56 Arnobius
1368 1291 113 56 libro
1443 1291 75 56 4.
1481 1291 150 56 adversus
1593 1291 125 56 gentes
1681 1291 88 56 sub
1718 1291 88 56 finem

994 1321 111 46 libri.
1072 1321 100 46 Ergo:
1127 1321 56 46 &c.

1018 1354 169 46 RESPOND.
1145 1354 113 46 Quod
1215 1354 141 46 sancti
1314 1354 141 46 Patres
1412 1354 225 46 approbarunt,
1596 1354 127 46 scil.
1666 1354 141 46 secundum

999 1390 178 48 Scripturas,
1141 1390 71 48 id
1177 1390 83 48 est
1225 1390 142 48 sanctum.
1331 1390 71 48 At
1367 1390 178 48 precationem
1509 1390 83 48 pro
1557 1390 131 48 mortuis
1652 1390 95 48 esse
1699 1390 95 48 appro¬-

1000 1429 112 38 batam
1074 1429 149 38 secundum
1186 1429 187 38 Scripturas,
1336 1429 149 38 negatur.
1448 1429 162 38 Argumenta
1572 1429 162 38 Augustini
1697 1429 75 38 in
1722 1429 87 38 libro

993 1456 144 46 allegato
1101 1456 96 46 sunt
1161 1456 108 46 merae
1232 1456 60 46 &
1256 1456 144 46 infirmae
1364 1456 192 46 conjecturae,
1520 1456 60 46 &
1544 1456 168 46 Augustinus
1675 1456 84 46 est
1723 1456 72 46 in
1747 1456 60 46 hac

1000 1486 159 44 quaestione
1114 1486 103 44 varius.

1186 1512 165 64 Hactenus
1310 1512 82 64 de
1351 1512 151 64 secunda
1447 1512 179 64 quaestiones

1025 1564 121 46 Tertia
1109 1564 96 46 est,
1170 1564 96 46 Quid
1230 1564 109 46 aliis
1302 1564 157 46 hominibus
1423 1564 60 46 a
1447 1564 84 46 Deo
1495 1564 84 46 sit
1531 1564 133 46 petendum:

1028 1599 143 43 RESPON.
1132 1599 91 43 Non
1184 1599 130 43 tantum
1276 1599 78 43 id
1315 1599 104 43 quod
1380 1599 156 43 delectat
1497 1599 65 43 &
1523 1599 130 43 gratum
1614 1599 117 43 illis
1693 1599 104 43 est:
1745 1599 65 43 ve¬-

994 1639 89 37 rum
1045 1639 114 37 etiam
1121 1639 76 37 ut
1159 1639 215 37 impoenitentes
1336 1639 63 37 &
1362 1639 152 37 peccatis
1476 1639 190 37 indulgentes
1628 1639 101 37 Deus
1678 1639 127 37 castigei

1001 1677 75 41 quo
1044 1677 171 41 resipiscant.
1183 1677 75 41 Sic
1225 1677 107 41 Elihu,
1300 1677 85 41 Jobi
1353 1677 75 41 34.
1396 1677 64 41 v.
1428 1677 75 41 36.
1471 1677 139 41 precatur,
1577 1677 64 41 ut
1609 1677 139 41 tantisper
1716 1677 75 41 Job
1748 1677 64 41 fla¬-

1005 1709 140 42 gelletur
1111 1709 105 42 donec
1181 1709 82 42 Deo
1227 1709 140 42 vincenti
1333 1709 117 42 cedat,
1414 1709 58 42 &
1438 1709 152 42 responsis
1555 1709 105 42 vanis
1625 1709 164 42 renunciet.

1173 1734 130 60 Tantum
1264 1734 78 60 de
1303 1734 234 60 intercessione:
1485 1734 143 60 sequitur.

1028 1782 183 60 Benedictio,
1174 1782 134 60 δλογία,
1272 1782 85 60 est
1320 1782 146 60 precatio
1430 1782 85 60 qua
1479 1782 98 60 bona
1540 1782 61 60 a
1564 1782 85 60 Deo
1613 1782 98 60 dari
1674 1782 110 60 aliis
1735 1782 85 60 opta¬

984 1826 77 33 mus

1033 1852 114 40 Estque
1112 1852 68 40 si
1147 1852 114 40 causas
1226 1852 171 40 efficientes
1363 1852 125 40 spectes
1454 1852 80 40 vel
1500 1852 114 40 divina
1579 1852 80 40 vel
1613 1852 103 40 humana.

1038 1885 161 41 Benedictio
1165 1885 127 41 divina,
1257 1885 81 41 est
1303 1885 92 41 quae
1361 1885 58 41 a
1384 1885 127 41 Spiritu
1476 1885 81 41 Dei
1522 1885 161 41 inspirata,
1649 1885 81 41 res
1683 1885 127 41 eventuras

1001 1917 182 47 Prophetico
1144 1917 104 47 more
1209 1917 169 47 precatur:
1338 1917 130 47 qualis
1429 1917 104 47 fuit
1494 1917 220 47 Patriarcharum
1662 1917 143 47 morituro:

995 1953 93 42 rum,
1053 1953 70 42 ut
1088 1953 116 42 Isaaci
1170 1953 116 42 Genes.
1251 1953 81 42 27.
1297 1953 70 42 v.
1332 1953 70 42 6.
1367 1953 58 42 &
1390 1953 186 42 sequentibus,
1541 1953 58 42 &
1564 1953 116 42 jacobi
1645 1953 116 42 Genes.
1727 1953 81 42 48.
1762 1953 46 42 Fi

1009 1979 109 44 Mosis
1082 1979 133 44 Deuter.
1166 1979 61 44 33.

1026 2017 172 54 Benedictio
1161 2017 135 54 humana,
1260 2017 86 54 est
1309 2017 99 54 quae
1371 2017 74 54 ab
1408 2017 123 54 humano
1494 2017 160 54 civilique
1617 2017 123 54 studio
1691 2017 123 54 profecta

999 2048 81 44 res
1046 2048 104 44 bonas
1115 2048 104 44 aliis
1184 2048 58 44 a
1207 2048 81 44 Deo
1242 2048 127 44 precatur.

1042 2077 112 43 Rursus
1120 2077 157 43 benedictio
1244 2077 56 43 e
1267 2077 146 43 subjectis
1379 2077 112 43 locis,
1458 2077 79 43 vel
1503 2077 124 43 publica
1593 2077 79 43 est
1638 2077 79 43 vel
1672 2077 112 43 privata.

1034 2110 136 43 Publica,
1135 2110 79 43 est
1181 2110 90 43 quae
1237 2110 79 43 fit
1282 2110 68 43 in
1316 2110 102 43 coetu
1384 2110 124 43 publico
1474 2110 56 43 a
1497 2110 147 43 ministris
1610 2110 90 43 Dei:
1666 2110 102 43 cujus
1723 2110 90 43 formu¬-

1000 2139 70 52 la
1035 2139 117 52 exstat
1117 2139 117 52 Numer.
1199 2139 70 52 6.
1234 2139 70 52 v.
1269 2139 82 52 24,
1315 2139 82 52 25,
1362 2139 82 52 26.
1409 2139 152 52 Benedicat
1525 2139 93 52 tibi
1584 2139 117 52 Iehova
1665 2139 58 52 &
1689 2139 152 52 custodiat

1004 2179 77 38 te:
1048 2179 110 38 faciat
1125 2179 121 38 Iehova,
1214 2179 66 38 ut
1247 2179 110 38 luceat
1324 2179 110 38 facies
1401 2179 77 38 tua
1446 2179 99 38 tibi,
1512 2179 55 38 &
1534 2179 121 38 gratiam
1622 2179 110 38 faciat
1700 2179 99 38 tibis
1755 2179 55 38 at¬-

994 2211 121 34 tollat
1079 2211 121 34 Iehova
1164 2211 121 34 faciem
1249 2211 97 34 suam
1310 2211 97 34 erga
1370 2211 85 34 te,
1419 2211 61 34 &
1443 2211 134 34 apponat
1540 2211 97 34 tibi
1589 2211 85 34 pacem

1033 2243 138 42 Privata,
1136 2243 80 42 est
1182 2243 92 42 quae
1239 2243 138 42 privatim
1343 2243 80 42 sit
1389 2243 57 42 a
1412 2243 115 42 quovis
1492 2243 115 42 fideli
1573 2243 103 42 aliis
1642 2243 92 42 bene
1688 2243 126 42 precantes

1000 2278 120 41 veluti
1084 2278 84 41 cum
1132 2278 144 41 parentes
1240 2278 168 41 benedicunt
1372 2278 144 41 liberis,
1481 2278 144 41 inprimis
1589 2278 72 41 ex
1625 2278 84 41 hac
1673 2278 96 41 vita
1721 2278 96 41 migra¬-

1005 2304 90 42 turi:
1065 2304 60 42 ut
1095 2304 100 42 Genes.
1166 2304 70 42 27.
1206 2304 60 42 6.
1236 2304 60 42 Et
1266 2304 80 42 cap.
1316 2304 70 42 48.
1357 2304 60 42 8,
1377 2304 50 42 15.

1032 2336 126 50 Rursus
1121 2336 176 50 benedictio
1259 2336 164 50 adhibetur
1385 2336 88 50 tum
1436 2336 126 50 amicis
1524 2336 88 50 tum
1574 2336 151 50 inimicis
1688 2336 126 50 Matth.
1764 2336 50 50 5.

1009 2372 73 40 44.
1050 2372 83 40 Rom.
1102 2372 73 40 12.
1143 2372 62 40 v.
1164 2372 52 40 14.

1029 2401 109 45 Adhaec
1105 2401 152 45 benedictio
1225 2401 76 45 vel
1269 2401 163 45 spiritualis
1399 2401 87 45 est,
1454 2401 76 45 vel
1497 2401 163 45 corporalis:
1628 2401 87 45 Illa
1682 2401 76 45 est
1715 2401 87 45 preca¬-

1008 2437 86 40 tio
1057 2437 136 40 bonorum
1156 2437 210 40 spiritualium,
1329 2437 99 40 haec
1390 2437 86 40 est
1440 2437 148 40 precatio
1551 2437 136 40 bonorum
1637 2437 173 40 corporalium.

1035 2472 161 37 Salutatio
1158 2472 62 37 &
1183 2472 173 37 Valedictio
1319 2472 99 37 sunt
1381 2472 136 37 species
1479 2472 222 37 benedictionis,
1665 2472 86 37 qua
1702 2472 111 37 salutem

1003 2501 168 45 bonamque
1129 2501 209 45 valetudinem
1296 2501 70 45 &
1324 2501 112 45 bona
1394 2501 126 45 omnia
1478 2501 126 45 aliis
1562 2501 168 45 precamur
1687 2501 70 45 a
1715 2501 98 45 Deo
1757 2501 42 45 e

1008 2538 152 35 charitate
1125 2538 94 35 erga
1184 2538 105 35 illos
1254 2538 152 35 profecta.
1371 2538 129 35 Exempla
1465 2538 117 35 passim
1547 2538 152 35 occurrunt
1664 2538 70 35 in
1699 2538 117 35 Veteri
1769 2538 35 35 &

1006 2569 102 40 Novo
1070 2569 191 40 Testamento,
1223 2569 179 40 praesertim
1363 2569 77 40 in
1402 2569 191 40 epistolarum
1555 2569 217 40 Apostolicarum
1721 2569 89 40 exor¬-

1005 2598 93 44 diis
1064 2598 58 44 &
1075 2598 198 44 conclusionibus.

1040 2621 202 46 QUAESTIONES
1201 2621 94 46 hoc
1255 2621 108 46 leco
1309 2621 148 46 incidunt:

1035 2660 73 41 I.
1071 2660 73 41 An
1108 2660 158 41 fidelibus
1230 2660 183 41 salutatione
1376 2660 85 41 sit
1412 2660 122 41 utendum?

1043 2688 94 51 II.
1096 2688 80 51 An
1136 2688 161 51 imagines
1257 2688 94 51 Dei
1311 2688 67 51 &
1338 2688 174 51 sanctorum
1472 2688 188 51 manuhumana
1619 2688 148 51 factae,
1713 2688 94 51 sint.

992 2730 156 41 salutandae:

1045 2763 69 46 Ad
1079 2763 115 46 primam
1159 2763 160 46 quaestione
1285 2763 160 46 responsio.
1411 2763 172 46 Salutatione
1549 2763 149 46 sidelibus
1663 2763 80 46 est
1697 2763 115 46 utendum:

1038 2796 73 37 I.
1074 2796 97 37 Quia
1135 2796 85 37 est
1183 2796 145 37 precatio
1292 2796 85 37 qua
1341 2796 109 37 aliis
1414 2796 97 37 bona
1474 2796 158 37 salutaria
1595 2796 61 37 a
1619 2796 85 37 Deo
1656 2796 121 37 optamus.

1044 2829 80 53 II.
1089 2829 91 53 Quia
1146 2829 149 53 praecepta
1261 2829 80 53 est
1306 2829 160 53 sidelibus,
1432 2829 103 53 Matth
1501 2829 80 53 10.
1546 2829 69 53 v.
1581 2829 80 53 12.
1626 2829 80 53 ait
1672 2829 149 53 Christus:
1775 2829 57 53 In¬-

1015 2861 156 44 troeuntes
1135 2861 108 44 autem
1207 2861 120 44 domum,
1291 2861 144 44 salutate
1399 2861 96 44 eam.
1460 2861 96 44 Rom.
1520 2861 84 44 16.
1568 2861 72 44 v.
1604 2861 72 44 3.
1640 2861 60 44 &
1652 2861 156 44 sequentibus

1006 2891 102 47 jubet
1074 2891 114 47 Paulus
1154 2891 148 47 complures
1267 2891 148 47 officiose
1381 2891 137 47 salutare

1041 2918 99 45 III.
1102 2918 99 45 Quia
1164 2918 136 45 exemplo
1262 2918 136 45 Christi
1361 2918 62 45 &
1386 2918 136 45 aliorum
1484 2918 148 45 fidelium
1595 2918 86 45 est
1644 2918 111 45 nobis
1706 2918 111 45 conmen¬-

1006 2956 100 41 data,
1073 2956 78 41 Nam
1117 2956 134 41 Christus
1218 2956 145 41 salutavit
1329 2956 167 41 discipulos,
1463 2956 89 41 Luc.
1518 2956 78 41 24.
1563 2956 67 41 v.
1596 2956 78 41 36.
1641 2956 100 41 dixit
1708 2956 89 41 eis,
1752 2956 67 41 Pax.

1006 2992 109 39 vobis.
1083 2992 109 39 Johan.
1159 2992 77 39 20.
1203 2992 66 39 v.
1236 2992 77 39 19,
1279 2992 77 39 21,
1323 2992 77 39 26.
1367 2992 109 39 Paulus
1443 2992 55 39 &
1465 2992 87 39 alii
1520 2992 131 39 Apostoli
1618 2992 66 39 in
1651 2992 131 39 exordiis
1738 2992 66 39 epi¬-

1009 3025 151 37 stolarum
1123 3025 126 37 suarum
1211 3025 138 37 utuntur
1311 3025 239 37 salutationibus,
1512 3025 63 37 &
1537 3025 88 37 sub
1588 3025 113 37 finem
1651 3025 163 37 epistolarum

1005 3058 154 42 adscribunt
1126 3058 121 42 salutem
1214 3058 66 42 ab
1247 3058 99 42 aliis
1313 3058 154 42 fidelibus.
1434 3058 132 42 Johannes
1533 3058 121 42 Apocal.
1621 3058 66 42 1.
1654 3058 121 42 versic.
1742 3058 66 42 4,
1764 3058 44 42 5.

1037 3092 94 46 IV.
1090 3092 107 46 Quia
1157 3092 120 46 comes
1237 3092 67 46 &
1264 3092 134 46 humana
1357 3092 174 46 salutatio
1491 3092 120 46 inter
1571 3092 147 46 ossicia
1665 3092 160 46 Christiana

990 3123 163 47 numeratur.
