2063 3437
267 158 75 47 7.
304 158 75 47 Ut
341 158 186 47 admoneamur,
490 158 87 47 nos
540 158 87 47 non
590 158 75 47 ad
627 158 112 47 hujus
702 158 124 47 mundi,
789 158 87 47 sed
838 158 112 47 caeli
913 158 174 47 societatem
1037 158 50 47 A¬-

241 203 166 49 pertinere,
372 203 83 49 hoc
419 203 95 49 est,
478 203 71 49 ad
514 203 166 49 adoptionis
645 203 142 49 familiam
751 203 95 49 quae
811 203 83 49 est
858 203 71 49 in
894 203 95 49 domo
941 203 107 49 superna

235 239 105 36 Patris
309 239 148 36 caelestis,
425 239 95 36 Hebr.
488 239 74 36 12.
531 239 74 36 22,
562 239 53 36 23.

259 267 76 46 8.
297 267 76 46 Ne
335 267 189 46 adorationem
486 267 88 46 Dei
536 267 76 46 ad
574 267 113 46 locum
650 267 88 46 aut
700 267 88 46 rem
750 267 113 46 ullam
826 267 76 46 in
864 267 113 46 terra
927 267 113 46 diriga¬-

224 298 100 43 mus,
287 298 138 43 praeter
388 298 126 43 ipsius
463 298 138 43 mandatum.

276 324 62 56 .
300 324 74 56 Ut
338 324 211 56 intelligamus,
511 324 112 56 magno
585 324 136 56 clamore
685 324 99 56 opus
747 324 112 56 esse,
821 324 74 56 si
858 324 62 56 a
883 324 87 56 Deo
920 324 124 56 exaudir.

236 363 138 35 volumus
337 363 88 35 cum
387 363 88 35 nos
438 363 76 35 in
476 363 151 35 profundo
589 363 164 35 terrarum,
715 363 101 35 ille
778 363 76 35 in
815 363 113 35 summo
891 363 113 35 caelo
954 363 88 35 seden

225 395 128 56 habeat.
318 395 116 56 Clamor
399 395 104 56 autem
469 395 93 56 iste
527 395 81 56 non
573 395 151 56 corporis,
689 395 81 56 sed
736 395 128 56 cordis:
829 395 81 56 non
875 395 116 56 vocis,
956 395 81 56 sed
991 395 58 56 de¬-

230 429 117 44 siderii
305 429 64 44 est.

257 452 95 48 10.
312 452 81 48 Ut
352 452 203 48 admoneamur,
515 452 81 48 in
555 452 95 48 hac
609 452 244 48 peregrinatione
812 452 149 48 terrena
921 452 95 48 nos
961 452 122 48 auxilio

239 489 97 57 egere
304 489 54 57 e
315 489 75 57 caelo

276 521 94 45 II.
329 521 80 45 Ut
369 521 188 45 admoneamur
517 521 174 45 caelestem
651 521 121 45 vitam
731 521 121 45 nobis
812 521 161 45 agendam,
932 521 67 45 &
959 521 94 45 non
999 521 54 45 in

237 564 128 43 terris,
330 564 81 43 sed
377 564 70 43 in
411 564 116 43 caelis
492 564 128 43 patriam
585 564 58 43 &
608 564 186 43 haereditatem
759 564 128 43 nostram
852 564 93 43 esse
898 564 151 43 quaerendam,

234 592 86 50 quia
288 592 97 50 Pater
353 592 108 50 noster
428 592 75 50 est
471 592 65 50 in
493 592 97 50 caelis.

290 652 142 51 Tantum
389 652 85 51 de
432 652 157 51 exordio
546 652 185 51 orationis
689 652 199 51 Dominicae:
845 652 185 51 sequuntur

541 703 163 55 petitiones.

267 749 162 52 Petitiones
394 749 150 52 orationis
510 749 150 52 Dominicae
625 749 92 52 sunt
683 749 92 52 sexs
740 749 58 52 e
764 749 115 52 quibus
844 749 92 52 tres
902 749 127 52 priores
983 749 69 52 per¬-

234 788 127 53 tinent
323 788 165 53 immediate
450 788 76 53 ad
487 788 139 53 gloriam
589 788 101 53 Dei:
652 788 101 53 tres
715 788 190 53 posteriores
867 788 76 53 ad
905 788 139 53 nostram
994 788 101 53 neces¬

232 826 109 46 sitatem

273 852 100 43 Ordo
335 852 175 43 petitionum
472 852 162 43 orationis
597 852 162 43 Dominicae
722 852 87 43 est
772 852 137 43 sapient
871 852 125 43 ssimus
959 852 62 43 &
971 852 75 43 prae

233 893 201 33 clarissimus.
396 893 88 33 Nam
447 893 100 33 quum
509 893 113 33 simus
585 893 100 33 ideo
647 893 150 33 conditi,
760 893 63 33 &
785 893 75 33 in
823 893 88 33 hoc
873 893 113 33 mundo
936 893 125 33 colloca¬-

236 929 90 32 ti,
287 929 77 32 ut
326 929 90 32 Dei
377 929 115 32 Summi
454 929 103 32 boni
518 929 141 32 nostri,
621 929 115 32 cujus
698 929 180 32 communione
839 929 64 32 &
865 929 167 32 fruitione
980 929 77 32 beat

237 959 123 40 sumus,
323 959 111 40 noman
397 959 221 40 sanctificemus,
581 959 62 40 &
606 959 98 40 ejus
667 959 246 40 sanctificationem
876 959 111 40 rebus
950 959 111 40 aliis
1012 959 49 40 o¬-

244 995 117 42 mnibus
326 995 188 42 praeferamus,
479 995 106 42 etiam
549 995 164 42 posthabita
678 995 141 42 propriae
784 995 106 42 vitae
854 995 59 42 &
877 995 129 42 gloriae
959 995 106 42 nostrae

239 1026 152 39 ratione,
353 1026 63 39 &
378 1026 101 39 ante
442 1026 114 39 omnia
517 1026 177 39 expetamus;
657 1026 101 39 ideo
720 1026 215 39 sapientissime
897 1026 126 39 primum
973 1026 88 39 omniu

232 1061 141 41 jubemur
335 1061 129 41 petere
425 1061 77 41 ut
464 1061 116 41 nomen
541 1061 90 41 Dei
592 1061 231 41 sanctificetur.
785 1061 116 41 Atque
862 1061 103 41 haec
927 1061 116 41 demum
991 1061 77 41 vera

246 1097 85 32 est
294 1097 133 32 votorum
391 1097 121 32 omnium
476 1097 169 32 moderatio,
609 1097 73 32 si
645 1097 85 32 Dei
694 1097 133 32 gloriam
791 1097 85 32 ita
839 1097 169 32 expetimus,
972 1097 73 32 ut
996 1097 61 32 res

247 1126 110 40 liqua
320 1126 110 40 omnia
393 1126 110 40 locum
466 1126 73 40 ei
503 1126 134 40 cedant.
600 1126 85 40 Hoc
649 1126 122 40 ipsum,
734 1126 97 40 quod
795 1126 85 40 nos
844 1126 110 40 primo
917 1126 97 40 loco
978 1126 61 40 &
990 1126 73 40 ante

247 1165 108 42 omnia
319 1165 120 42 petere
403 1165 144 42 Christus
511 1165 132 42 jussit,
607 1165 132 42 ipsemet
702 1165 120 42 fecit,
786 1165 60 42 &
810 1165 72 42 in
846 1165 72 42 eo
882 1165 96 42 quod
930 1165 132 42 praecepte

246 1193 200 39 praescripsit,
411 1193 129 39 exemplo
505 1193 94 39 quod
564 1193 176 39 imitatemur,
705 1193 106 39 nobis
775 1193 153 39 praeivit,
893 1193 59 39 &
916 1193 82 39 una
963 1193 82 39 Dei
998 1193 59 39 Pa¬-

244 1228 89 38 tris
299 1228 111 38 gloria
377 1228 156 38 contentus,
499 1228 122 38 reliqua
588 1228 100 38 omnia
655 1228 78 38 pro
699 1228 111 38 nihilo
777 1228 111 38 duxit.
855 1228 111 38 Johan.
933 1228 78 38 12.
977 1228 67 38 v.
999 1228 56 38 27.

237 1261 95 37 Nunc
297 1261 143 37 (inquit)
404 1261 107 37 anima
476 1261 83 37 mea
523 1261 131 37 turbata
619 1261 95 37 est,
678 1261 60 37 &
702 1261 95 37 quid
762 1261 107 37 dica?
833 1261 119 37 Pater,
917 1261 107 37 serva
988 1261 72 37 me
1012 1261 48 37 ex

244 1294 80 38 hac
289 1294 103 38 hora:
358 1294 80 38 sed
404 1294 149 38 propterea
519 1294 92 38 veni
577 1294 69 38 in
611 1294 103 38 horam
680 1294 103 38 hanc.
749 1294 103 38 Pater
818 1294 149 38 glorifica
933 1294 103 38 nomen
990 1294 69 38 tuum

275 1326 143 40 Quoniam
379 1326 104 40 vero
444 1326 117 40 nomen
522 1326 91 40 Dei
574 1326 208 40 sanctificari
743 1326 91 40 non
795 1326 130 40 potest
886 1326 104 40 nisi
951 1326 91 40 ubi
990 1326 65 40 Re¬-

237 1364 97 41 gnum
297 1364 121 41 Patris
382 1364 157 41 caelestis
503 1364 121 41 viget;
588 1364 85 41 Nam
636 1364 85 41 ubi
685 1364 121 41 regnum
770 1364 145 41 diaboli,
879 1364 121 41 regnum
951 1364 97 41 pecca¬-

234 1396 70 39 ti
269 1396 59 39 &
293 1396 176 39 Antichristi
433 1396 141 39 obtinet,
539 1396 82 39 ibi
586 1396 105 39 nomen
656 1396 82 39 Dei
703 1396 152 39 ignominia
820 1396 164 39 afficitur:
949 1396 94 39 ideo
995 1396 59 39 se¬-

243 1425 108 42 cundo
315 1425 96 42 loco
376 1425 145 42 adventus
484 1425 108 42 regni
556 1425 84 42 Dei
592 1425 121 42 petitura

272 1457 75 42 Et
310 1457 101 42 quum
373 1457 126 42 regula
461 1457 251 42 sanctificationis
675 1457 138 42 nominis
775 1457 126 42 divini
863 1457 101 42 sit,
926 1457 88 42 non
976 1457 138 42 nostrum
1064 1457 38 42 E

241 1495 153 36 arbitrium
359 1495 83 36 vel
406 1495 130 36 opinio,
501 1495 83 36 sed
548 1495 94 36 sola
607 1495 142 36 voluntas
713 1495 83 36 Dei
760 1495 71 36 in
796 1495 106 36 verbo
866 1495 118 36 ipsius
949 1495 106 36 nobis
1008 1495 47 36 re

238 1531 124 41 velata:
328 1531 90 41 ideo
385 1531 158 41 necessario
509 1531 113 41 tertio
588 1531 90 41 loco
645 1531 136 41 petimus,
747 1531 68 41 ut
780 1531 136 41 voluntas
882 1531 79 41 Dei
916 1531 68 41 fiat

270 1562 86 46 Sed
319 1562 99 46 quia
381 1562 111 46 nomen
455 1562 86 46 Dei
504 1562 86 46 non
554 1562 198 46 sanctificant
714 1562 62 46 &
739 1562 161 46 celebrant
862 1562 86 46 qui
912 1562 136 46 niortui
998 1562 62 46 sum

250 1596 75 37 vel
293 1596 182 37 spiritualiter
443 1596 75 37 vel
486 1596 182 37 corporaliter;
635 1596 96 37 sicut
699 1596 118 37 dicitur
785 1596 96 37 Psal.
849 1596 86 37 115.
903 1596 75 37 17.
945 1596 75 37 Non
977 1596 86 37 mortus

243 1631 158 41 laudabunt
364 1631 73 41 te
401 1631 121 41 Dmine,
486 1631 109 41 neque
559 1631 97 41 ulli
619 1631 194 41 descendentes
777 1631 73 41 in
814 1631 158 41 infernum:
935 1631 97 41 ideo
984 1631 85 41 panem

243 1663 104 43 vitae
313 1663 173 43 spiritualis
452 1663 58 43 &
475 1663 162 43 corporalis
602 1663 116 43 quarto
683 1663 92 43 loco
729 1663 104 43 petimus

274 1694 221 41 Quandoquidem
454 1694 110 41 vero
523 1694 179 41 innumeris
661 1694 152 41 vicibus
771 1694 69 41 &
799 1694 124 41 modis
882 1694 179 41 deficimus
1006 1694 55 41 in

239 1730 218 40 sanctificando
419 1730 128 40 nomine
509 1730 90 40 Dei
560 1730 64 40 &
585 1730 154 40 peccatis
701 1730 115 40 nomen
778 1730 90 40 Dei
829 1730 180 40 contumelia
957 1730 103 40 affici

243 1763 103 45 mus:
308 1763 103 45 ideo
372 1763 180 45 necessario
514 1763 129 45 quinto
604 1763 103 45 loco
668 1763 193 45 remissionem
823 1763 180 45 peccatorum
965 1763 64 45 a
991 1763 77 45 DE
1016 1763 52 45 O¬

233 1799 123 49 petimus.

274 1830 137 40 Denique
373 1830 74 40 ne
410 1830 149 40 deinceps
522 1830 112 40 ullum
596 1830 149 40 peccatum
708 1830 87 40 vel
758 1830 137 40 Satanas
857 1830 87 40 nos
907 1830 149 40 impediat
1006 1830 62 40 ver

243 1869 115 38 avocet
323 1869 57 38 a
346 1869 218 38 sanctificatione
530 1869 126 38 nominis
622 1869 126 38 divini;
714 1869 80 38 sed
760 1869 69 38 ut
794 1869 161 38 constanter
921 1869 103 38 usque
990 1869 69 38 ad
1013 1869 57 38 fi¬-

244 1899 84 39 nem
292 1899 72 39 in
328 1899 227 39 sanctificatione
519 1899 132 39 nominis
615 1899 120 39 divini
698 1899 203 39 perseveremus,
866 1899 120 39 victis
949 1899 60 39 &
961 1899 108 39 supera¬-

246 1932 89 35 tis
297 1932 141 35 omnibus
400 1932 217 35 impedimentis:
578 1932 102 35 ideo
642 1932 128 35 ultimo
732 1932 102 35 loco
796 1932 153 35 petimus,
911 1932 77 35 ne
949 1932 102 35 Deus
1000 1932 64 35 no¬-

238 1964 131 38 inducat
333 1964 72 38 in
369 1964 179 38 tentationem
512 1964 83 38 sed
560 1964 83 38 nos
608 1964 60 38 a
632 1964 95 38 malo
691 1964 95 38 illo
751 1964 143 38 liberet.
858 1964 143 38 Videsne,
966 1964 95 38 quam
1013 1964 60 38 di¬-

249 1999 107 47 vinus
321 1999 84 47 sit
368 1999 167 47 petitionum
500 1999 131 47 istarum
583 1999 72 47 ordo

277 2029 148 39 Deinceps
387 2029 123 39 igitur
473 2029 172 39 petitiones
609 2029 86 39 hoc
658 2029 98 39 ipso
719 2029 123 39 ordine
793 2029 160 39 expendemus.

284 2061 155 42 Qualibet
401 2061 129 42 autem,
491 2061 168 42 petitione
621 2061 155 42 precamur
737 2061 117 42 bonum
815 2061 142 42 aliquod
919 2061 65 42 &
932 2061 129 42 depreca¬-

248 2102 93 36 mur
301 2102 119 36 malum
380 2102 186 36 oppositum:
526 2102 146 36 Proinde
632 2102 172 36 religiose
765 2102 226 36 considerandum
951 2102 66 36 &
964 2102 93 36 atten

239 2135 160 37 dendum,
356 2135 160 37 quodnam
472 2135 131 37 bonum
560 2135 189 37 expetamus
705 2135 73 37 &
734 2135 116 37 quod
807 2135 131 37 malum
880 2135 189 37 deprecemur.

243 2169 72 33 In
279 2169 109 33 cujus
352 2169 109 33 libet
424 2169 169 33 petitionis
557 2169 181 33 expositione
702 2169 109 33 etiam
774 2169 145 33 indicari
883 2169 133 33 potest,
979 2169 85 33 qui
1016 2169 60 33 nam

245 2201 139 43 homines
346 2201 139 43 frustra
447 2201 76 43 ea
485 2201 151 43 utantur.
598 2201 88 43 Sed
648 2201 88 43 nos
699 2201 151 43 copiosam
812 2201 202 43 expositionem
963 2201 101 43 relin¬

226 2237 119 50 quimu-

259 2260 227 52 PRIMAPETITIO
443 2260 114 52 est:
514 2260 241 52 Sanctificetur
713 2260 128 52 nomen
798 2260 128 52 tuum:
883 2260 99 52 qua
926 2260 142 52 postula¬-

241 2302 84 40 mus
289 2302 132 40 nominis
385 2302 132 40 divini,
482 2302 96 40 quod
542 2302 120 40 quidem
626 2302 72 40 in
662 2302 120 40 seipso
746 2302 132 40 sanctum
842 2302 96 40 est,
903 2302 96 40 adeo
963 2302 72 40 ut
987 2302 84 40 nihil

241 2334 111 47 possit
319 2334 67 47 ei
352 2334 89 47 addi
408 2334 178 47 sanctitatis,
552 2334 211 47 sanctificatione
730 2334 89 47 apud
785 2334 89 47 nos,
841 2334 56 47 &
863 2334 67 47 in
896 2334 111 47 nobis,
974 2334 56 47 &
985 2334 78 47 abla¬-

236 2380 137 35 tionem
332 2380 137 35 omnium
428 2380 137 35 rerum,
524 2380 137 35 quibus
620 2380 123 35 nomen
703 2380 96 35 Dei
758 2380 206 35 prophanatur
922 2380 69 35 &
936 2380 137 35 blasphe¬-

241 2408 113 44 matur,
320 2408 147 44 cujusmodi
433 2408 102 44 sunt,
501 2408 181 44 infidelitas,
649 2408 147 44 haereses,
762 2408 181 44 idololatria,
909 2408 57 44 &
932 2408 91 44 vita
988 2408 102 44 impia
1045 2408 34 44 &

243 2444 163 45 quaecunque
372 2444 222 45 sanctificationi
558 2444 128 45 nominis
652 2444 117 45 divini
733 2444 140 45 opposita
838 2444 105 45 sunt,

278 2468 195 49 Sanctificatio
438 2468 126 49 nominis
530 2468 138 49 diuvini,
633 2468 80 49 est
679 2468 149 49 exaltatio
793 2468 172 49 majestatis,
931 2468 172 49 sapientiae,
1057 2468 57 49 bo¬-

247 2502 132 43 nitatis,
346 2502 155 43 potentiae,
468 2502 155 43 justitiae,
589 2502 188 43 misericordiae
744 2502 55 43 &
766 2502 121 43 aliarum
854 2502 132 43 virtutum
954 2502 88 43 Dei,
998 2502 66 43 Psal

244 2546 103 36 3527.
312 2546 149 36 Cantabunt
427 2546 57 36 &
450 2546 183 36 laetabuntur,
599 2546 80 36 qui
645 2546 172 36 delectantur
782 2546 138 36 justitia
886 2546 92 36 mea,
943 2546 149 36 dicentque

244 2573 129 37 iugiter,
341 2573 172 37 magnifiretur
481 2573 119 37 Iehova,
567 2573 75 37 qui
611 2573 151 37 delectatur
729 2573 86 37 pace
783 2573 97 37 servi
848 2573 86 37 sui.
901 2573 65 37 Et
934 2573 75 37 Ps.
977 2573 75 37 40.
1009 2573 54 37 17.

241 2608 137 33 Gaudeant
343 2608 57 33 &
366 2608 148 33 laetentur
480 2608 68 33 in
514 2608 68 33 te
548 2608 102 33 omnes
616 2608 148 33 quaeretes
730 2608 80 33 te;
775 2608 68 33 ac
810 2608 114 33 dicant
889 2608 137 33 iugiter,
980 2608 80 33 magni

238 2640 130 40 ficetur
333 2640 130 40 Iehova,
427 2640 130 40 amantes
521 2640 130 40 salutis
616 2640 106 40 tuae.
687 2640 71 40 Et
722 2640 71 40 70
757 2640 59 40 5
781 2640 94 40 idem
840 2640 165 40 repetitur:
970 2640 83 40 Nam
1005 2640 71 40 per¬-

237 2675 107 42 nomen
308 2675 83 42 Dei
356 2675 71 42 in
392 2675 83 42 hac
439 2675 155 42 petitione
558 2675 190 42 intelligitur
713 2675 155 42 majestas,
832 2675 167 42 sapientia,
951 2675 119 42 bonitas,

245 2707 153 45 justitia,
363 2707 141 45 potentia
469 2707 94 45 Dei,
527 2707 106 45 atque
598 2707 94 45 adeo
657 2707 129 45 ipsemet
739 2707 82 45 Deus.

270 2734 218 51 Sanctificatur
450 2734 116 51 autem
527 2734 116 51 nomen
604 2734 103 51 Dei,
668 2734 90 51 tum
720 2734 64 51 a
745 2734 90 51 Deo
797 2734 116 51 ipso:
874 2734 90 51 tum
925 2734 64 51 a
938 2734 141 51 creaturis

238 2772 98 55 ipsius.

268 2805 68 45 A
296 2805 95 45 Deo
350 2805 108 45 ipso
417 2805 95 45 per
471 2805 230 45 patefactionem
661 2805 95 45 sui
715 2805 68 45 &
742 2805 176 45 editionem
864 2805 203 45 documentorum.

238 2842 86 41 suae
292 2842 162 41 sapientiae,
422 2842 151 41 bonitatis,
541 2842 194 41 misericordiae,
703 2842 162 41 clementiae,
832 2842 151 41 justitiae,
940 2842 130 41 veritatis,

256 2884 148 38 potentiae
369 2884 68 38 in
403 2884 136 38 operibus
506 2884 91 38 ejus
563 2884 136 38 lucentis
665 2884 91 38 Joh.
722 2884 80 38 12.
767 2884 80 38 28.
813 2884 102 38 Pater
881 2884 148 38 glorifica
983 2884 80 38 nomet

241 2915 100 37 tuum:
308 2915 100 37 Venit
374 2915 89 37 ergo
430 2915 78 37 vox
474 2915 56 37 e
496 2915 111 37 caelo,
574 2915 122 37 dicens,
663 2915 67 37 Et
696 2915 167 37 glorificavi
830 2915 56 37 &
852 2915 111 37 rursus
919 2915 144 37 glorificabo

243 2945 130 36 Ezech.
334 2945 91 36 36.
386 2945 91 36 23.
438 2945 78 36 Vt
477 2945 195 36 sanctificem
633 2945 117 36 nomen
712 2945 104 36 meum
777 2945 143 36 maximum
881 2945 104 36 quod
933 2945 130 36 prophana

246 2980 81 44 tum
293 2980 92 44 fuit
350 2980 69 44 in
385 2980 150 44 Gentibus,
500 2980 92 44 quod
558 2980 173 44 prophanatis
696 2980 69 44 in
730 2980 104 44 medio
799 2980 115 44 earum,
880 2980 69 44 ut
915 2980 115 44 sciant
984 2980 92 44 gentes

243 3011 71 39 me
279 3011 95 39 esse
338 3011 142 39 Iehovam,
445 3011 119 39 dictum
528 3011 119 39 Domini
611 3011 131 39 Iehovi,
706 3011 95 39 quum
765 3011 190 39 sanctificabo
920 3011 71 39 me
955 3011 71 39 in
979 3011 95 39 vobis.

254 3046 92 34 ante
311 3046 114 34 oculos
391 3046 114 34 earum.
471 3046 103 34 Exod.
540 3046 103 34 9.16.
608 3046 149 34 Propterea
723 3046 92 34 feci
780 3046 69 34 ut
814 3046 149 34 exstares,
929 3046 69 34 ut
952 3046 114 34 ostendam

242 3084 74 37 in
279 3084 74 37 te
316 3084 161 37 potentiam
440 3084 112 37 meum,
515 3084 62 37 &
539 3084 74 37 ut
577 3084 161 37 enarretur
701 3084 112 37 nomen
775 3084 99 37 meum
837 3084 74 37 in
874 3084 99 37 tota
936 3084 124 37 terra.
1023 3084 74 37 Et

245 3112 92 36 cap.
303 3112 81 36 14.
349 3112 81 36 18.
395 3112 69 36 Et
430 3112 173 36 experientur
568 3112 138 36 Aegyptii
672 3112 69 36 me
707 3112 92 36 esse
764 3112 138 36 Iehovam,
868 3112 92 36 quum
914 3112 150 36 glorificabo

256 3146 66 41 in
289 3146 142 41 Pharaone,
399 3146 66 41 in
431 3146 132 41 curribus
530 3146 99 41 eius,
596 3146 55 41 &
618 3146 66 41 in
651 3146 142 41 equitibus
760 3146 99 41 eius.
826 3146 77 41 Ps.
870 3146 88 41 115.
925 3146 66 41 v.
958 3146 66 41 1.
990 3146 66 41 No
1012 3146 88 41 nobis,

262 3183 128 31 lehova,
355 3183 81 31 non
402 3183 105 31 nobis
471 3183 81 31 sed
518 3183 116 31 nomini
599 3183 81 31 tuo
646 3183 70 31 da
681 3183 128 31 honorem
774 3183 128 31 propter
867 3183 186 31 benignitatem
1006 3183 58 31 tua

247 3215 128 43 propter
341 3215 105 43 fidem
411 3215 105 43 tuam.
481 3215 82 43 Ps.
527 3215 82 43 67.
574 3215 93 43 Deus
632 3215 128 43 gratiam
726 3215 105 43 facit
796 3215 117 43 nobis,
877 3215 58 43 &
901 3215 152 43 benedicat
1006 3215 58 43 no¬

1065 164 94 47 bis,
1124 164 153 47 illustret
1242 164 106 47 facie
1312 164 94 47 suam
1371 164 94 47 erga
1430 164 82 47 nos
1477 164 129 47 maxime.
1571 164 71 47 Vt
1607 164 165 47 agnoscamus
1736 164 71 47 in
1772 164 106 47 terra
1830 164 71 47 viam

1078 201 105 36 tuam,
1148 201 70 36 in
1183 201 128 36 omnibus
1277 201 140 36 gentibus
1382 201 128 36 salutem
1475 201 105 36 tuam.
1545 201 152 36 Celebrent
1662 201 70 36 te
1697 201 117 36 populi
1778 201 105 36 Deus,
1837 201 58 36 co¬-

1086 232 129 45 lebrent
1180 232 71 45 te
1216 232 118 45 populi
1298 232 118 45 omnes.
1380 232 153 45 Laetentur
1498 232 59 45 &
1521 232 129 45 cantent
1615 232 153 45 nationes;
1733 232 94 45 quum
1780 232 129 45 iudicabis

1097 266 121 41 populos
1185 266 99 41 recte
1251 266 55 41 &
1273 266 132 41 nationes
1372 266 99 41 ipsas
1438 266 66 41 in
1471 266 99 41 terra
1537 266 121 41 deduces
1625 266 187 41 potentissime.
1768 266 132 41 Celebrentt

1089 303 123 37 populi
1175 303 110 37 Deus,
1248 303 159 37 celebrent
1371 303 74 37 te
1407 303 123 37 populi
1493 303 123 37 omnes.
1579 303 110 37 Terra
1653 303 110 37 dante
1726 303 159 37 proventum
1836 303 74 37 suum

1097 330 152 46 benedicat
1214 330 105 46 nobis
1285 330 105 46 Deus,
1355 330 94 46 Deus
1413 330 129 46 noster.
1507 330 152 46 Benedicat
1624 330 105 46 nobis
1694 330 105 46 Deus,
1765 330 59 46 &
1776 330 129 46 reverean¬-

1090 365 74 39 tur
1133 365 74 39 eum
1175 365 95 39 omnes
1238 365 95 39 fines
1302 365 116 39 terrae.
1386 365 106 39 Psalm.
1460 365 85 39 145.
1513 365 63 39 v.
1545 365 63 39 4,
1576 365 63 39 6,
1608 365 63 39 7.
1640 365 63 39 8,
1672 365 63 39 9,
1703 365 74 39 10,
1746 365 74 39 11,
1788 365 74 39 21.
1819 365 85 39 Genera

1093 400 80 36 tio
1138 400 172 36 generationi
1276 400 137 36 laudibus
1379 400 137 36 commedet
1482 400 103 36 opera
1550 400 92 36 tua,
1607 400 103 36 prout
1676 400 92 36 haec
1733 400 137 36 indicant
1825 400 80 36 omni¬-

1091 434 114 43 modam
1167 434 165 43 potentiam
1294 434 114 43 tuam.
1371 434 76 43 Et
1409 434 114 43 robur
1485 434 178 43 mirabilium
1625 434 127 43 tuorum
1714 434 127 43 operum
1790 434 114 43 praedi¬-

1095 467 106 44 cent;
1166 467 106 44 prout
1236 467 129 44 singula
1331 467 106 44 magna
1401 467 106 44 gesta
1472 467 82 44 tua
1519 467 176 44 enarraturus
1660 467 94 44 sum,
1719 467 141 44 Memoriam
1813 467 94 44 ampli¬-

1092 496 150 42 bonitatis
1208 496 92 42 tuae
1265 496 150 42 eructent,
1380 496 58 42 &
1403 496 150 42 iustitiam
1519 496 92 42 tuam
1576 496 138 42 cantent:
1680 496 150 42 gratiosum
1795 496 58 42 &
1806 496 104 42 miseri¬-

1088 530 127 42 cordem
1177 530 140 42 Iehovam
1279 530 114 42 esse,
1355 530 178 42 longanimem
1494 530 63 42 &
1520 530 127 42 magnum
1609 530 203 42 benignitate,
1773 530 114 42 bonum
1837 530 76 42 est.

1107 565 123 39 ehovam
1193 565 135 39 omnibus
1291 565 62 39 &
1316 565 209 39 misericordiam
1488 565 98 39 eius
1550 565 74 39 in
1587 565 135 39 omnibus
1685 565 148 39 operibus
1796 565 111 39 eius.
1857 565 62 39 Ce¬-

1099 592 128 43 lebrent
1193 592 70 43 te
1228 592 117 43 Iehova
1309 592 105 43 omnia
1379 592 105 43 opera
1449 592 93 43 tua,
1508 592 58 43 &
1531 592 93 43 quos
1589 592 175 43 benignitate
1729 592 175 43 prosequeris
1858 592 58 43 be¬-

1102 628 137 43 nedicant
1204 628 103 43 tibi:
1273 628 126 43 gloriam
1364 628 103 43 regni
1433 628 80 43 tui
1479 628 171 43 praedicent,
1616 628 57 43 &
1639 628 149 43 potentiam
1753 628 91 43 tuam
1799 628 114 43 eloquan¬-

1095 665 97 40 tur.
1155 665 181 40 Laudationem
1300 665 133 40 Iehovae
1397 665 157 40 eloquatur
1518 665 72 40 os
1554 665 109 40 meum:
1626 665 60 40 &
1650 665 157 40 benedicat
1771 665 109 40 omnis
1832 665 72 40 car¬-

1089 701 113 35 nomini
1168 701 113 35 sancto
1247 701 102 35 eius,
1314 701 68 35 in
1348 701 124 35 saculum
1438 701 56 35 &
1461 701 181 35 sempiternum.
1608 701 79 35 Ps.
1653 701 79 35 57.
1698 701 68 35 v.
1732 701 68 35 6.
1766 701 56 35 &
1788 701 79 35 17.
1833 701 56 35 &
1845 701 56 35 Ps.

1100 730 89 39 108.
1155 730 67 39 v.
1189 730 67 39 6,
1222 730 67 39 7.
1255 730 133 39 Exaltare
1355 730 100 39 supra
1422 730 122 39 caelos,
1511 730 55 39 o
1533 730 100 39 Deus;
1599 730 55 39 &
1621 730 100 39 super
1688 730 100 39 totam
1755 730 111 39 terram
1821 730 89 39 glorie

1103 765 89 40 tua:
1159 765 67 40 ut
1192 765 156 40 liberentur
1315 765 123 40 dilecti
1404 765 89 40 tui,
1459 765 100 40 serva
1526 765 123 40 dextera
1615 765 78 40 tua
1660 765 56 40 &
1682 765 111 40 exaudi
1760 765 78 40 me.
1805 765 111 40 Psalm.
1871 765 45 40 9.

1103 797 65 36 v.
1136 797 76 36 17.
1179 797 98 36 Notum
1245 797 65 36 se
1278 797 98 36 fecit
1343 797 109 36 Iehova
1419 797 120 36 iudicio
1507 797 87 36 quod
1561 797 142 36 exereuit,
1670 797 87 36 quum
1725 797 76 36 suo
1768 797 109 36 ipsius
1834 797 76 36 facti

1109 830 178 39 illaqueatus
1252 830 83 39 est
1299 830 154 39 improbus:
1418 830 202 39 remmeditandam
1584 830 119 39 summe.
1667 830 83 39 Ps.
1714 830 95 39 115.
1774 830 59 39 1
1797 830 83 39 Non
1833 830 83 39 nobis

1107 863 129 41 Domine,
1201 863 82 41 non
1248 863 117 41 nobis,
1330 863 82 41 sed
1377 863 117 41 nomini
1458 863 82 41 tuo
1505 863 70 41 da
1540 863 140 41 gloriam.
1646 863 105 41 Ezech
1716 863 82 41 20.
1763 863 70 41 v.
1798 863 82 41 41.
1833 863 82 41 Cumo¬-

1101 901 95 37 dore
1161 901 107 37 grato
1232 901 143 37 acceptos
1339 901 119 37 habebo
1422 901 95 37 vos,
1482 901 119 37 quando
1565 901 131 37 eduxero
1660 901 83 37 vos
1708 901 71 37 ex
1744 901 131 37 populis
1839 901 59 37 &
1851 901 71 37 con¬-

1109 932 142 42 gregavero
1218 932 76 42 vos
1262 932 65 42 ex
1294 932 153 42 regionibus
1414 932 65 42 in
1447 932 87 42 quos
1502 932 131 42 dispersi
1600 932 142 42 fueritis:
1709 932 55 42 &
1731 932 174 42 sanctificabo
1861 932 55 42 me,

1104 964 64 38 in
1136 964 96 38 vobis
1201 964 86 38 ante
1254 964 107 38 oculos
1329 964 118 38 ipsarum
1414 964 128 38 gentium,
1511 964 86 38 item
1564 964 86 38 cap.
1618 964 75 38 38,
1660 964 75 38 16,
1703 964 75 38 23.
1746 964 96 38 Jesa.
1810 964 64 38 5.
1842 964 64 38 v.
1864 964 53 38 16.

1111 998 68 37 Et
1145 998 147 37 exaltatur
1258 998 113 37 Iehova
1337 998 159 37 exercituum
1462 998 125 37 tudicio
1552 998 91 37 suo,
1609 998 57 37 &
1632 998 91 37 Deus
1688 998 125 37 fortis,
1768 998 147 37 anctissimus

1101 1028 206 41 sanctificatur
1271 1028 158 41 iustitia.
1392 1028 73 41 Et
1428 1028 73 41 c.
1464 1028 85 41 64.
1513 1028 73 41 6.
1549 1028 182 41 Quemadmodum
1695 1028 194 41 conflagrante
1840 1028 85 41 igne.

1105 1070 139 37 cremia,
1206 1070 139 37 aquarum
1308 1070 126 37 bullas
1396 1070 139 37 excitat
1497 1070 126 37 ignis,
1586 1070 76 37 ut
1624 1070 114 37 notum
1699 1070 139 37 faceres
1788 1070 139 37 nomentuum

1110 1094 130 38 hostibus
1208 1094 98 38 tuis,
1273 1094 54 38 a
1295 1094 98 38 facie
1360 1094 76 38 tua
1403 1094 109 38 gentes
1468 1094 163 38 contremiscant

1122 1125 138 42 Inprimis
1226 1125 104 42 facit
1295 1125 69 42 id
1330 1125 92 42 Deus
1387 1125 69 42 in
1422 1125 81 42 hac
1468 1125 104 42 vita,
1537 1125 173 42 patefaciedo
1676 1125 69 42 se
1710 1125 69 42 in
1745 1125 127 42 Christo
1837 1125 69 42 in
1860 1125 69 42 mun¬-

1116 1162 74 47 do
1153 1162 160 47 universo,
1276 1162 135 47 docendo
1374 1162 86 47 nos
1423 1162 98 47 vias
1484 1162 98 47 suas
1546 1162 123 47 Psalm.
1632 1162 86 47 25.
1681 1162 74 47 4.
1718 1162 61 47 &
1743 1162 135 47 vocando
1841 1162 86 47 nos
1878 1162 49 47 ad

1124 1202 137 42 gnitionem
1230 1202 126 42 Christi.
1324 1202 63 42 2.
1356 1202 126 42 Thessal.
1451 1202 63 42 1.
1482 1202 63 42 v.
1514 1202 74 42 11,
1545 1202 53 42 12.

1142 1222 114 53 Plene
1218 1222 101 53 vero
1282 1222 215 53 sanctificabit
1459 1222 101 53 Deus
1522 1222 114 53 nomen
1599 1222 101 53 suum
1662 1222 76 53 in
1700 1222 139 53 extremo
1801 1222 101 53 illo
1852 1222 76 53 die,

1119 1265 100 42 quum
1181 1265 150 42 Christus
1293 1265 112 42 judex
1368 1265 137 42 vivorum
1467 1265 62 42 &
1492 1265 162 42 mortuorum
1617 1265 150 42 venerit.
1729 1265 75 42 2.
1766 1265 100 42 Thes
1829 1265 75 42 1.
1854 1265 62 42 16.

1144 1300 61 37 A
1168 1300 159 37 creaturis
1290 1300 85 37 Dei
1339 1300 208 37 sanctificatur
1510 1300 110 37 nomen
1583 1300 85 37 Dei
1632 1300 98 37 quum
1693 1300 110 37 illae
1766 1300 171 37 majestatem
1888 1300 37 37 &

1109 1330 209 37 beneficentiam
1281 1330 135 37 divinam
1379 1330 160 37 testantur
1503 1330 74 37 ac
1539 1330 172 37 celebrant,
1675 1330 111 37 omnes
1749 1330 86 37 suo
1798 1330 98 37 modo
1847 1330 74 37 sibi

1110 1365 82 42 que
1157 1365 176 42 congruente.
1298 1365 105 42 Psal.
1368 1365 94 42 103.
1427 1365 70 42 22
1462 1365 164 42 Binedicite
1591 1365 129 42 Iohovae
1685 1365 105 42 omnia
1755 1365 105 42 opera
1825 1365 94 42 eius
1872 1365 47 42 in

1112 1406 112 37 mnibus
1190 1406 101 37 locis
1258 1406 180 37 dominationis
1404 1406 101 37 eius,
1471 1406 56 37 &
1494 1406 90 37 104.
1550 1406 79 37 31.
1595 1406 79 37 Sit
1640 1406 101 37 honor
1707 1406 124 37 Iehovae
1797 1406 67 37 in
1820 1406 112 37 saculum,

1101 1434 140 40 laetetur
1206 1434 117 40 Iehova
1288 1434 70 40 in
1323 1434 140 40 operibus
1428 1434 105 40 suis.
1498 1434 58 40 &
1522 1434 93 40 145.
1580 1434 82 40 10.
1627 1434 152 40 celebrent
1743 1434 70 40 te
1778 1434 117 40 Iehova
1848 1434 82 40 omnia

1122 1465 83 42 opera
1168 1465 55 42 tua.

1132 1500 108 39 lisque
1208 1500 76 39 tum
1251 1500 119 39 ratione
1338 1500 162 39 carentibus,
1468 1500 65 39 ut
1500 1500 108 39 caelo,
1576 1500 130 39 stellis,
1673 1500 108 39 aquis,
1749 1500 141 39 meteoris,
1846 1500 87 39 terra,

1120 1537 161 36 pascentibus
1249 1537 54 36 e
1271 1537 108 36 terra,
1346 1537 118 36 bestiis
1432 1537 129 36 denique,
1529 1537 75 36 Ps.
1572 1537 86 36 148.
1626 1537 54 36 a
1647 1537 65 36 v.
1680 1537 65 36 3.
1712 1537 97 36 usque
1776 1537 65 36 ad
1798 1537 129 36 undecimum:

1117 1566 132 41 Laudate
1213 1566 84 41 eum
1261 1566 84 41 Sol
1309 1566 60 41 &
1332 1566 108 41 Luna,
1404 1566 132 41 laudate
1500 1566 84 41 eum
1548 1566 108 41 omnes
1620 1566 132 41 stellae
1716 1566 144 41 lucidae.
1811 1566 120 41 Laudate.

1109 1601 82 39 eum
1156 1601 105 39 caeli
1226 1601 152 39 caelorum,
1343 1601 58 39 &
1366 1601 105 39 aquae
1436 1601 93 39 quae
1495 1601 105 39 supra
1565 1601 82 39 hoc
1612 1601 117 39 caelum
1693 1601 105 39 sunt.
1763 1601 128 39 Laudent
1845 1601 82 39 nomet

1109 1634 122 38 Iehovae,
1201 1634 82 38 quae
1251 1634 82 38 ipso
1302 1634 163 38 praecipiente
1435 1634 102 38 illico
1506 1634 102 38 creata
1577 1634 92 38 sunt,
1639 1634 82 38 Quae
1690 1634 143 38 stabilivit
1802 1634 61 38 in
1822 1634 112 38 sempiter¬-

1116 1668 96 33 num,
1176 1668 72 33 in
1212 1668 145 33 saculum,
1321 1668 121 33 quibus
1405 1668 145 33 decretum
1514 1668 109 33 dedit
1586 1668 96 33 quod
1647 1668 121 33 nullum
1731 1668 217 33 transgrediatur

1121 1699 128 43 Laudate
1215 1699 128 43 Iehovam
1308 1699 175 43 terrestria;
1448 1699 93 43 cete
1507 1699 58 43 &
1530 1699 105 43 omnes
1600 1699 128 43 abyssi:
1693 1699 105 43 Ignis
1764 1699 58 43 &
1787 1699 128 43 grando,
1869 1699 58 43 nis

1114 1734 57 36 &
1136 1734 161 36 exhalatio;
1263 1734 115 36 ventus
1343 1734 149 36 turbineus
1458 1734 149 36 efficiens
1572 1734 115 36 verbum
1653 1734 103 36 eius:
1722 1734 92 36 Ipsi
1779 1734 126 36 montes,
1871 1734 57 36 &
1882 1734 46 36 o¬-

1115 1773 86 33 mnes
1169 1773 118 33 colles,
1255 1773 118 33 arbores
1341 1773 161 33 fructiferae
1469 1773 129 33 omnesque
1566 1773 107 33 cedri:
1641 1773 97 33 Ipsae
1706 1773 129 33 bestiae,
1802 1773 54 33 &
1824 1773 97 33 omnia
1877 1773 54 33 iu¬-

1112 1798 105 51 menta;
1186 1798 137 51 reptilia,
1292 1798 53 51 &
1313 1798 84 51 aves
1366 1798 116 51 alatae.
1450 1798 95 51 Psal.
1513 1798 63 51 8.
1545 1798 53 51 &
1566 1798 74 51 19.
1608 1798 53 51 &
1629 1798 74 51 97.
1671 1798 63 51 6.
1703 1798 84 51 Jes.
1756 1798 74 51 43.
1798 1798 74 51 20.
1830 1798 105 51 Glorifi¬-

1114 1836 98 38 cabit
1179 1836 65 38 me
1212 1836 109 38 bestia
1288 1836 98 38 agri,
1353 1836 130 38 dracones
1451 1836 54 38 &
1462 1836 87 38 ulula.

1147 1860 85 42 Tum
1196 1860 61 42 a
1220 1860 195 42 rationalibus
1379 1860 171 42 creaturis,
1513 1860 134 42 Angelis
1610 1860 61 42 &
1623 1860 146 42 hominibus.

1147 1893 67 45 De
1180 1893 123 45 Angelis
1269 1893 123 45 dicitur
1359 1893 100 45 Psal.
1425 1893 89 45 103.
1481 1893 78 45 20,
1526 1893 78 45 21.
1570 1893 156 45 Benedicite
1693 1893 123 45 Iehovae
1782 1893 111 45 angeli
1849 1893 78 45 eius,

1124 1940 171 31 valentissimi
1263 1940 117 31 robore,
1348 1940 160 31 efficientes
1476 1940 107 31 verbum
1551 1940 96 31 eius,
1615 1940 171 31 auscultantes
1753 1940 85 31 voci
1807 1940 96 31 verbi
1860 1940 64 31 eius

1120 1966 151 43 Benedicite
1239 1966 119 43 Iehovae
1325 1966 97 43 omnis
1390 1966 140 43 exercitus
1498 1966 129 43 Iehovae,
1595 1966 129 43 ministri
1692 1966 86 43 eius
1746 1966 140 43 facientes
1843 1966 86 43 placi¬-

1108 2004 84 42 tum
1156 2004 108 42 eius.
1228 2004 72 42 Et
1264 2004 120 42 Psalm.
1348 2004 96 42 148.
1408 2004 72 42 2.
1444 2004 132 42 Laudate
1541 2004 84 42 eum
1589 2004 108 42 omnes
1661 2004 120 42 Angeli
1745 2004 108 42 eius,
1805 2004 120 42 Laudate.

1108 2037 77 41 eum
1152 2037 99 41 omnes
1218 2037 142 41 exercitus
1327 2037 99 41 eius,
1393 2037 88 41 Jes.
1447 2037 66 41 6.
1480 2037 66 41 v.
1502 2037 44 41 2,

1147 2066 188 45 Abhominibus
1298 2066 100 45 vero
1361 2066 213 45 sanctificatur
1536 2066 113 45 nomen
1612 2066 88 45 Dei
1662 2066 88 45 tum
1712 2066 75 45 in
1750 2066 113 45 caelo
1825 2066 88 45 jam
1863 2066 75 45 tri¬-

1108 2103 172 41 umphantibus,
1248 2103 119 41 Apocal.
1335 2103 65 41 4.
1367 2103 65 41 v.
1399 2103 75 41 10,
1442 2103 75 41 11.
1485 2103 54 41 &
1507 2103 86 41 cap.
1561 2103 54 41 5
1582 2103 65 41 v.
1615 2103 75 41 13,
1658 2103 75 41 14.
1701 2103 54 41 &
1722 2103 86 41 cap.
1776 2103 65 41 6.
1809 2103 65 41 v.
1841 2103 65 41 9,
1873 2103 75 41 10,
1906 2103 32 41 &

1111 2138 55 40 &
1133 2138 89 40 cap.
1188 2138 66 40 7.
1222 2138 66 40 v.
1255 2138 66 40 9,
1288 2138 78 40 10.
1333 2138 55 40 &
1355 2138 89 40 cap.
1410 2138 78 40 18.
1454 2138 144 40 versicul.
1565 2138 78 40 20.
1610 2138 55 40 &
1632 2138 111 40 capite
1709 2138 78 40 19,
1754 2138 111 40 primis
1820 2138 111 40 versibus

1103 2165 90 47 octo.

1159 2191 85 44 Tum
1207 2191 60 44 a
1231 2191 109 44 nobis
1304 2191 109 44 adhuc
1376 2191 193 44 militantibus
1533 2191 72 44 in
1570 2191 109 44 terra
1642 2191 205 44 sanctificatur
1811 2191 109 44 nomen
1872 2191 60 44 di¬-

1118 2236 112 36 vinum,
1196 2236 78 36 tum
1241 2236 168 36 communtter,
1375 2236 89 36 sive
1431 2236 67 36 in
1464 2236 201 36 Ecclesiasticis
1632 2236 134 36 coetibus
1732 2236 56 36 a
1754 2236 145 36 ministris
1866 2236 78 36 Ec¬

1111 2264 121 46 clesiae
1199 2264 55 46 &
1221 2264 99 46 plebe
1287 2264 198 46 Ecclesiastica,
1452 2264 88 46 sive
1507 2264 66 46 in
1541 2264 121 46 politia
1629 2264 110 46 civili
1706 2264 55 46 a
1728 2264 154 46 Magistratu
1849 2264 55 46 &
1860 2264 66 46 sub¬-

1113 2301 124 46 ditis,
1199 2301 99 46 sive
1261 2301 74 46 in
1299 2301 174 46 Oeconomiis
1435 2301 62 46 a
1460 2301 149 46 patribus
1571 2301 62 46 &
1596 2301 248 46 matribusfamilias
1807 2301 62 46 &
1819 2301 112 46 reliqua

1119 2337 122 42 familia
1208 2337 100 42 tota;
1274 2337 78 42 tum
1318 2337 188 42 singulariter,
1474 2337 55 42 a
1496 2337 133 42 quolibet
1596 2337 133 42 fidelium
1695 2337 78 42 pro
1729 2337 55 42 sex

1153 2358 68 47 in
1187 2358 204 47 Ecclesiasticis
1356 2358 136 47 coetibus
1458 2358 192 47 sanctificatur
1617 2358 102 47 nomen
1684 2358 79 47 Dei
1730 2358 57 47 a
1752 2358 147 47 ministris
1865 2358 79 47 Ec¬

1124 2399 134 43 clesiae,
1225 2399 90 43 quum
1281 2399 90 43 illi
1337 2399 146 43 doctrinam
1449 2399 56 43 &
1471 2399 168 43 disciplinam
1605 2399 146 43 Ecclesiae
1717 2399 67 43 ex
1751 2399 168 43 praescripto
1874 2399 56 43 Dei

1112 2431 204 48 administrant
1278 2431 127 48 Aplebe
1367 2431 229 48 Ecclesiastica,
1558 2431 102 48 quum
1621 2431 140 48 exhibet
1723 2431 127 48 cultum
1812 2431 89 48 Deo
1851 2431 76 48 debi

1117 2462 83 46 tum
1164 2462 71 46 in
1200 2462 201 46 auscultatione
1365 2462 106 46 verbi
1436 2462 130 46 divini,
1530 2462 201 46 Sacramentorum
1695 2462 189 46 perceptione,
1837 2462 94 46 preci¬-

1111 2501 94 40 bus
1164 2501 67 40 &
1191 2501 174 40 gratiarum
1325 2501 147 40 actione
1432 2501 80 40 ad
1472 2501 120 40 Deum,
1552 2501 228 40 eleemosynarum
1726 2501 201 40 distributione

1116 2531 83 55 &c.
1163 2531 71 55 In
1199 2531 130 55 politia
1294 2531 118 55 civili
1376 2531 201 55 sanctificatur
1542 2531 106 55 nomen
1613 2531 83 55 Dei
1660 2531 59 55 a
1684 2531 166 55 Magistratu
1814 2531 83 55 per
1849 2531 83 55 legum

1121 2579 226 31 exsequutionem:
1309 2579 63 31 a
1334 2579 150 31 subditis
1447 2579 88 31 per
1497 2579 138 31 debitam
1585 2579 163 31 obedientiam

1146 2598 58 47 A
1169 2598 138 47 quolibet
1272 2598 115 47 fideli
1353 2598 184 47 singulariter
1502 2598 92 47 vera
1560 2598 81 47 ide
1606 2598 58 47 &
1629 2598 104 47 bonis
1686 2598 115 47 operibus

1152 2628 103 49 Vera
1216 2628 103 49 fide
1281 2628 116 49 nomen
1358 2628 90 49 Dei
1409 2628 232 49 sanctificamus,
1602 2628 103 49 quum
1667 2628 103 49 Deum
1731 2628 167 49 ipsiusque
1847 2628 90 49 opera

1124 2665 112 44 recte
1198 2665 186 44 agnoscimus,
1347 2665 223 44 promissionibus
1533 2665 99 44 ejus
1594 2665 161 44 credimus,
1718 2665 62 44 &
1743 2665 74 44 in
1780 2665 99 44 ipso
1830 2665 99 44 omnem.

1123 2698 128 46 fiducia
1217 2698 175 46 collocamus,
1357 2698 58 46 &
1380 2698 70 46 in
1415 2698 93 46 ipso
1473 2698 163 46 collocatam
1601 2698 117 46 libere
1683 2698 58 46 &
1706 2698 152 46 intrepide
1811 2698 117 46 profiter

1121 2728 97 48 mur,
1181 2728 109 48 certo
1254 2728 182 48 statuentes,
1400 2728 85 48 nos
1448 2728 133 48 propter
1545 2728 121 48 solius
1630 2728 133 48 Christi
1727 2728 133 48 meritum
1812 2728 121 48 servari,

1120 2765 91 53 Num.
1176 2765 79 53 20.
1222 2765 79 53 12.
1267 2765 79 53 Jes
1312 2765 68 53 8.
1346 2765 79 53 13.
1391 2765 124 53 Iehovam
1482 2765 158 53 exercituum
1606 2765 102 53 ipsum
1663 2765 181 53 sanctificate.,

1146 2796 111 55 Bonis
1220 2796 148 55 operibus
1331 2796 111 55 nomen
1405 2796 86 55 Dei
1454 2796 222 55 sanctificamus,
1639 2796 86 55 tum
1688 2796 111 55 recte
1762 2796 136 55 colendo
1849 2796 86 55 Deum,

1115 2833 76 48 in
1153 2833 126 48 primis
1241 2833 227 48 glorificatione
1430 2833 63 48 &
1455 2833 214 48 praedicatione
1632 2833 151 48 virtutum
1745 2833 63 48 &
1770 2833 126 48 operum
1846 2833 88 48 ejus.

1115 2873 76 40 Ps.
1159 2873 76 40 71.
1202 2873 65 40 8.
1235 2873 142 40 Impleatur
1344 2873 65 40 os
1376 2873 87 40 meum
1431 2873 98 40 laude
1496 2873 87 40 tua,
1551 2873 87 40 toto
1605 2873 76 40 die
1649 2873 109 40 gloria
1725 2873 87 40 tua.
1779 2873 87 40 Jes.
1834 2873 76 40 29.
1867 2873 54 40 21.

1113 2895 85 49 Nam
1162 2895 98 49 quum
1223 2895 134 49 videbit
1320 2895 110 49 natos
1393 2895 110 49 suos,
1467 2895 159 49 opificium
1588 2895 122 49 manuum
1674 2895 122 49 mearum
1759 2895 73 49 in
1796 2895 110 49 medio
1857 2895 73 49 sui,

1117 2928 213 53 sanctificantes
1295 2928 107 53 nomen
1366 2928 107 53 meum;
1437 2928 83 53 tum
1484 2928 213 53 sanctificabunt
1662 2928 130 53 sanctum
1756 2928 130 53 lacobi,
1851 2928 59 53 &
1863 2928 59 53 Dei

1120 2960 134 58 Israelis
1220 2960 189 58 expavescendum
1376 2960 189 58 praedicabunt.
1532 2960 67 58 1.
1565 2960 100 58 Petr.
1632 2960 67 58 2.
1666 2960 67 58 9.
1699 2960 78 58 Vos
1744 2960 100 58 autem
1811 2960 100 58 genus
1866 2960 56 58 ele

1112 2996 101 53 ctum,
1179 2996 113 53 regate
1258 2996 180 53 sacerdotium,
1404 2996 90 53 gens
1461 2996 113 53 sancta
1539 2996 124 53 populus
1629 2996 79 53 que
1674 2996 90 53 sibi
1731 2996 90 53 Deus
1787 2996 68 53 ut
1809 2996 113 53 proprium

1117 3024 138 58 vendicat,
1223 3024 64 58 ut
1255 3024 127 58 virtutes
1351 3024 159 58 praedicetis
1478 3024 106 58 illius
1552 3024 74 58 qui
1595 3024 74 58 vos
1637 3024 117 58 vocavit
1722 3024 53 58 e
1743 3024 127 58 tenebris
1839 3024 64 58 in
1860 3024 74 58 admi¬-

1116 3061 127 49 rabilem
1209 3061 92 49 suam
1267 3061 116 49 lucem:
1347 3061 81 49 tum
1394 3061 139 49 virtutis
1498 3061 127 49 studio;
1590 3061 104 49 idque
1659 3061 69 49 ad
1694 3061 92 49 hunc
1752 3061 116 49 finem,
1833 3061 69 49 ne
1856 3061 69 49 san¬-

1122 3089 158 63 ctissimum
1244 3089 110 63 nomen
1317 3089 85 63 Dei
1366 3089 134 63 propter
1463 3089 85 63 nos
1512 3089 171 63 contumelia
1646 3089 183 63 afficiatur,
1792 3089 85 63 sed
1829 3089 97 63 potius

1122 3125 73 56 ut
1158 3125 97 56 alii
1219 3125 146 56 videntes
1328 3125 122 56 nostra
1413 3125 97 56 bona
1474 3125 109 56 opera
1547 3125 182 56 glorificent
1693 3125 122 56 Patrem
1778 3125 134 56 nostrum
1863 3125 73 56 cae¬

1096 3180 108 46 lestem

1150 3188 114 69 Rursus
1230 3188 183 69 sanctifigari
1379 3188 92 69 nome
1436 3188 126 69 divinum
1527 3188 57 69 a
1550 3188 103 69 nobis
1619 3188 103 69 debet
1688 3188 80 69 tum
1733 3188 69 69 in
1768 3188 149 69 spiritis,
1871 3188 57 69 tum
