2063 3439
127 180 66 45 in
160 180 120 45 corpore
247 180 120 45 nostro.
335 180 66 45 1.
368 180 87 45 Cor.
422 180 66 45 6.
455 180 77 45 20.
499 180 77 45 Nam
543 180 98 45 empti
608 180 98 45 estis
674 180 120 45 pretio:
761 180 164 45 glorificate
882 180 87 45 igitur

125 214 89 43 Deum
180 214 67 43 in
214 214 122 43 corpore
302 214 122 43 vestro,
391 214 55 43 &
413 214 67 43 in
446 214 122 43 spiritu
535 214 111 43 vestro
613 214 89 43 quae
668 214 89 43 sunt
712 214 67 43 Dei.

166 244 102 41 Idque
234 244 80 41 tum
279 244 68 41 in
313 244 91 41 tota
370 244 102 41 vita,
438 244 91 41 sive
495 244 80 41 res
541 244 102 41 nobis
609 244 91 41 sint
666 244 148 41 secundae,
779 244 91 41 sive
825 244 125 41 adversae;

120 279 110 43 sicut
193 279 110 43 Jobus
266 279 207 43 sanctificavit
436 279 110 43 nomen
510 279 85 43 Dei
558 279 73 43 in
595 279 122 43 mediis
680 279 207 43 calamitatibus
851 279 97 43 Job.
899 279 49 43 1.

131 322 82 32 21,
178 322 82 32 22.
225 322 105 32 Nudus
295 322 105 32 exivi
365 322 70 32 ex
400 322 105 32 utero
470 322 117 32 matris
551 322 93 32 meo,
610 322 58 32 &
633 322 105 32 nudus
703 322 117 32 redibo
785 322 117 32 illuc,
855 322 93 32 Iehova

123 343 115 44 dedit,
204 343 58 44 &
227 343 115 44 lehova
308 343 139 44 recepit:
412 343 81 44 sit
458 343 104 44 nomen
527 343 127 44 Iehovae
620 343 173 44 benedictum.
758 343 69 44 In
793 343 81 44 hoc
839 343 92 44 toto
885 343 58 44 non

133 382 130 37 peccavit
231 382 87 37 Iob,
285 382 98 37 neque
350 382 141 37 attribuit
458 382 173 37 insulsitatem
599 382 87 37 Deo.
653 382 65 37 Et
686 382 76 37 cap
729 382 65 37 2.
762 382 76 37 10.
805 382 130 37 Scilicet
892 382 54 37 bo¬-

122 414 81 41 num
169 414 173 41 acceperimus
307 414 58 41 a
330 414 92 41 Deo,
388 414 58 41 &
411 414 104 41 malum
480 414 81 41 non
526 414 184 41 acciperemus?
676 414 69 41 1.
710 414 104 41 Petr.
780 414 69 41 3.
814 414 69 41 v.
849 414 81 41 14,
883 414 58 41 15.

126 452 81 33 Sed
173 452 69 33 si
207 452 92 33 quid
265 452 185 33 perpetiamini
415 452 127 33 propter
508 452 162 33 iustitiam,
635 452 104 33 beati
704 452 104 33 tamen
774 452 116 33 estis.
843 452 104 33 Caterum

122 484 142 46 timorem
226 484 117 46 eorum
303 484 78 46 ne
342 484 130 46 timete
433 484 117 46 neque
511 484 181 46 turbumini:
653 484 91 46 sed
705 484 142 46 Dominum
808 484 104 46 Deum
860 484 78 46 san¬-

129 510 85 51 ctsi
182 510 85 51 cate
235 510 64 51 in
267 510 127 51 cordibus
352 510 106 51 vestris.

162 549 81 45 Tum
209 549 70 45 in
244 549 93 45 ipsa
302 549 116 45 morte,
383 549 93 45 Job.
442 549 81 45 13.
488 549 70 45 v.
523 549 81 45 15.
570 549 70 45 Si
605 549 151 45 occideret
721 549 70 45 me
756 549 81 45 non
802 549 151 45 sperarem?
907 549 35 45 a

131 581 175 44 praesertim
268 581 137 44 propter
368 581 162 44 Christum:
492 581 100 44 quam
555 581 137 44 ratione
655 581 112 44 morte
729 581 187 44 glorificant
867 581 87 44 Deum;

122 619 83 32 tam
170 619 154 32 infantes,
288 619 107 32 sicut
360 619 142 32 infantes
466 619 226 32 Bethlehemitici,
656 619 83 32 qui
704 619 95 32 quum
763 619 142 32 Christus
870 619 71 32 ad
894 619 59 32 ne¬-

141 652 72 40 em
177 652 72 40 ab
213 652 120 40 Herode
297 652 180 40 quaereretur
441 652 120 40 occisi
525 652 108 40 sunt,
596 652 120 40 Matth.
680 652 72 40 2.
716 652 96 40 quam
776 652 132 40 adulti,
872 652 108 40 sicut

132 681 70 45 de
167 681 106 45 Petro
238 681 141 45 Apostolo
344 681 141 45 legitur.
449 681 94 45 Joh.
508 681 82 45 21.
555 681 82 45 19.
602 681 82 45 Hoc
649 681 106 45 autem
719 681 117 45 dixit,
790 681 164 45 significans,

131 717 83 44 qua
178 717 106 44 morte
249 717 212 44 glorificaturus
426 717 106 44 esset
485 717 71 44 Deum

174 740 150 47 Caeterum
287 740 100 47 haec
350 740 138 47 petitio
450 740 113 47 prima
526 740 150 47 ponitur,
638 740 75 47 ut
676 740 138 47 sciamus
776 740 138 47 quodnam
864 740 88 47 primo

136 781 65 37 &
162 781 181 37 praecipuum
304 781 130 37 omnium
395 781 142 37 votorum
499 781 168 37 nostrorum
628 781 104 37 esse
693 781 142 37 debeat,
797 781 65 37 &
822 781 91 37 quo
861 781 91 37 diri¬-

140 816 111 42 genda
214 816 99 42 sint
275 816 111 42 omnia
349 816 123 42 nostra
435 816 173 42 desideria,
571 816 160 42 cogitata,
694 816 111 42 dicta
768 816 62 42 &
793 816 123 42 facta,
879 816 86 42 imo
916 816 37 42 &

132 852 168 33 quaecunque
264 852 144 33 eveniunt
372 852 108 33 nobis
444 852 108 33 laeta
516 852 72 33 ac
551 852 144 33 tristia,
659 852 108 33 atque
731 852 96 33 adeo
791 852 96 33 tota
851 852 96 33 vita
899 852 60 33 no¬-

141 885 95 32 stra
201 885 59 32 &
224 885 95 32 mors
284 885 95 32 ipsa
343 885 178 32 corporalis.
486 885 202 32 Sanctificatio
653 885 95 32 enim
712 885 131 32 nominis
807 885 119 32 divini
879 885 83 32 anter

141 917 113 42 omnia
217 917 88 42 est
267 917 175 42 expetenda:
405 917 113 42 eadem
480 917 125 42 scopus
568 917 88 42 est
618 917 213 42 desideriorum,
781 917 175 42 cogitationum

133 948 179 38 sermonum
267 948 75 38 &
297 948 149 38 operum
401 948 253 38 Christianorum
610 948 164 38 omnium,
729 948 75 38 &
759 948 149 38 omnium
849 948 104 38 bono¬-

143 981 85 44 rum
191 981 61 44 &
216 981 133 44 malorum
313 981 97 44 quae
373 981 109 44 nobis
446 981 158 44 accidunt:
567 981 97 44 haec
628 981 73 44 si
664 981 133 44 fuerint
761 981 73 44 in
797 981 121 44 scopum
870 981 85 44 illum

144 1017 138 40 directa,
248 1017 81 40 non
294 1017 115 40 facile
364 1017 138 40 aberrabunt

178 1040 122 53 Sensus
263 1040 122 53 igitur
348 1040 122 53 primae
433 1040 170 53 peritionis
567 1040 97 53 est:
628 1040 85 53 Hoc
676 1040 122 53 primum
761 1040 85 53 est
810 1040 61 53 &
822 1040 146 53 principale

138 1083 122 39 votum
220 1083 122 39 atque
301 1083 135 39 summum
395 1083 189 39 desiderium
544 1083 162 39 nostrum,
666 1083 81 39 ut
706 1083 122 39 nomen
787 1083 68 39 &
814 1083 135 39 gloria
895 1083 68 39 tua

141 1118 155 32 exaltetur
260 1118 60 32 &
284 1118 131 32 emineat
380 1118 107 32 super
451 1118 107 32 omnia
523 1118 72 32 in
558 1118 107 32 caelo
630 1118 60 32 &
654 1118 72 32 in
690 1118 119 32 terra,
773 1118 119 32 Psalm.
857 1118 83 32 72.
892 1118 60 32 19.

147 1148 70 38 Et
182 1148 164 38 benedictum
311 1148 105 38 nomen
381 1148 129 38 gloriae
475 1148 94 38 eius
534 1148 70 38 in
569 1148 141 38 saculum:
674 1148 187 38 impleaturque
826 1148 117 38 gloria
897 1148 70 38 eius

143 1183 87 38 tota
198 1183 109 38 terra.
274 1183 65 38 Et
306 1183 109 38 Psalm.
382 1183 76 38 67.
426 1183 65 38 2,
459 1183 65 38 3.
491 1183 65 38 4,
524 1183 65 38 5.
556 1183 65 38 6.
589 1183 87 38 Deus
644 1183 120 38 gratiam
731 1183 109 38 faciat
807 1183 98 38 nobis
872 1183 54 38 &
883 1183 76 38 bene¬-

150 1213 104 34 dicat
220 1213 116 34 nobis,
301 1213 128 34 illustr
394 1213 70 34 et
429 1213 116 34 faciem
510 1213 93 34 suam
568 1213 93 34 erga
626 1213 81 34 nos
672 1213 128 34 maxime:
765 1213 70 34 Vt
800 1213 162 34 agnoscamus
916 1213 46 34 in

149 1246 109 36 terra
222 1246 97 36 viam
282 1246 109 36 tuam,
355 1246 73 36 in
391 1246 133 36 omnibus
488 1246 145 36 Gentibus
597 1246 133 36 salutem
694 1246 109 36 tuam.
766 1246 157 36 Celebrent
887 1246 73 36 te
911 1246 61 36 po¬-

145 1281 107 40 puli,
216 1281 107 40 Deus,
287 1281 154 40 celebrent
406 1281 71 40 te
441 1281 118 40 populi
524 1281 118 40 omnes.
607 1281 154 40 Laetentur
725 1281 59 40 &
749 1281 130 40 cantent
832 1281 130 40 nationes.

161 1314 87 40 quum
216 1314 142 40 iudicabis
325 1314 120 40 populos
412 1314 109 40 recte,
488 1314 55 40 &
510 1314 131 40 nationes
608 1314 98 40 ipsas
674 1314 65 40 in
706 1314 98 40 terra
772 1314 120 40 deduces
848 1314 120 40 potentis¬-

144 1345 99 54 sime.
210 1345 142 54 Celebrent
319 1345 66 54 te
352 1345 121 54 populi,
440 1345 99 54 Deus,
506 1345 142 54 celebrent
615 1345 66 54 te
648 1345 110 54 populi
725 1345 110 54 omnes:
802 1345 66 54 ut
834 1345 66 54 tu
856 1345 110 54 magnifi¬-

154 1379 107 39 teris
225 1379 71 39 in
261 1379 130 39 omnibus
355 1379 142 39 operibus
450 1379 83 39 tuis.

163 1411 199 43 Sanctificare
324 1411 125 43 igitur
412 1411 112 43 inter
486 1411 100 43 nos,
549 1411 112 43 dando
623 1411 75 43 ut
661 1411 112 43 nomen
735 1411 100 43 tuum
798 1411 87 43 per
835 1411 137 43 universum

147 1450 113 35 orbem
223 1450 189 35 inclarescat
374 1450 63 35 &
399 1450 163 35 adoretur:
525 1450 113 35 dando
600 1450 113 35 nobis
675 1450 176 35 agnitionem
814 1450 88 35 tui
864 1450 126 35 veram,
939 1450 38 35 &

153 1480 111 38 vivam
227 1480 111 38 fidem
301 1480 74 38 in
338 1480 74 38 te
375 1480 62 38 &
400 1480 173 38 charitatem
535 1480 99 38 erga
597 1480 74 38 te
634 1480 62 38 &
659 1480 161 38 proximum,
782 1480 99 38 spem
832 1480 148 38 patientem,

153 1513 86 38 &c.
202 1513 197 38 Sanctificare
362 1513 111 38 inter
436 1513 86 38 nos
485 1513 185 38 conservando
633 1513 62 38 &
657 1513 160 38 liberando
780 1513 86 38 nos
829 1513 74 38 ab
854 1513 123 38 hostibus

147 1546 62 41 &
171 1546 112 41 malis
246 1546 150 41 omnibus,
359 1546 62 41 &
384 1546 175 41 ostendendo
521 1546 162 41 potentiam
646 1546 100 41 tuam
709 1546 75 41 in
746 1546 150 41 hostibus
859 1546 112 41 tuis,
921 1546 50 41 ut

147 1587 98 33 olim
208 1587 73 33 in
244 1587 159 33 Pharaone.
367 1587 195 33 Sanctificare
525 1587 110 33 inter
599 1587 85 33 nos
647 1587 110 33 dando
721 1587 110 33 nobis
794 1587 73 33 ut
830 1587 110 33 totam
892 1587 85 33 vitam

156 1612 139 44 nostram,
260 1612 104 44 omnia
330 1612 115 44 nostra
410 1612 150 44 cogitata,
526 1612 162 44 desideria,
653 1612 104 44 dicta
722 1612 58 44 &
745 1612 104 44 facta
814 1612 104 44 atque
884 1612 92 44 adeo
930 1612 46 44 o¬-

150 1653 109 40 mnia
219 1653 136 40 nostra
314 1653 68 40 &
341 1653 96 40 nos
396 1653 123 40 ipsos
478 1653 191 40 impendamus
628 1653 82 40 ad
669 1653 109 40 tuam
737 1653 150 40 gloriam
846 1653 68 40 &
860 1653 109 40 laudem

156 1681 70 36 Da
191 1681 70 36 ut
226 1681 70 36 te
261 1681 198 36 sanctificemus
424 1681 82 36 non
471 1681 116 36 tantum
552 1681 70 36 in
587 1681 105 36 rebus
657 1681 128 36 laetis,
750 1681 82 36 sed
797 1681 105 36 etiam
867 1681 70 36 in
890 1681 93 36 morbis

160 1718 59 34 &
184 1718 106 34 aliis
254 1718 212 34 calamitatibus.
431 1718 188 34 Sanctificare
584 1718 71 34 in
619 1718 94 34 vita
678 1718 59 34 &
702 1718 106 34 morte
772 1718 129 34 nostra.
866 1718 118 34 Effice
937 1718 47 34 in

155 1751 110 35 nobis
228 1751 146 35 quicquid
338 1751 134 35 novisti
435 1751 122 35 nomini
521 1751 85 35 tuo
569 1751 98 35 fore
630 1751 195 35 honorificum.
789 1751 171 35 Econtrario
911 1751 61 35 au¬-

152 1781 93 37 tem
205 1781 119 37 abige
284 1781 93 37 aut
337 1781 133 37 impedi
430 1781 119 37 omnia
510 1781 106 37 illa
576 1781 133 37 quibus
669 1781 119 37 nomen
749 1781 106 37 tuum
802 1781 159 37 prophanatu

159 1812 138 38 eradica
259 1812 75 38 ex
296 1812 150 38 cordibus
409 1812 138 38 nostris
509 1812 113 38 omnem
584 1812 225 38 infidelitatem,
771 1812 163 38 haeresin,
884 1812 88 38 idolo

165 1850 157 39 satriam;
282 1850 130 39 coerce
374 1850 157 39 peccata,
491 1850 144 39 propter
596 1850 104 39 quae
661 1850 117 39 nomen
739 1850 104 39 tuum
791 1850 183 39 blasphematur

153 1877 108 37 inter
225 1877 132 37 Gentes:
321 1877 144 37 deficiat
429 1877 120 37 quaeso
513 1877 108 37 malum
586 1877 168 37 improborum
718 1877 108 37 Psal.
790 1877 72 37 7.
826 1877 72 37 v.
862 1877 84 37 10.
898 1877 72 37 con¬-

164 1910 106 38 velle
235 1910 154 38 maleficia
353 1910 95 38 sive
412 1910 142 38 servatis
519 1910 118 38 adhuc,
602 1910 95 38 sive
661 1910 142 38 perditis
767 1910 154 38 improbis.
874 1910 106 38 Largire

162 1942 184 39 quemadmodum
309 1942 74 39 tu
346 1942 98 39 unus
408 1942 74 39 es
444 1942 123 39 omnium
530 1942 135 39 gloria,
629 1942 86 39 ita
678 1942 123 39 nullus
764 1942 74 39 de
801 1942 74 39 se
838 1942 160 39 glorietur

155 1976 90 36 sed
207 1976 103 36 suam
271 1976 194 36 agnoscentes
426 1976 207 36 indignitatem
594 1976 142 36 tuamque
698 1976 233 36 munificentiam,
892 1976 78 36 in
917 1976 65 36 te¬-

160 2008 161 50 glorientur
286 2008 115 50 omnes,
366 2008 92 50 quae
424 2008 92 50 sola
481 2008 80 50 est
527 2008 92 50 vera
573 2008 92 50 gloria

414 2049 106 56 Haec
480 2049 80 56 de
520 2049 120 56 prima
587 2049 160 56 petitione.

199 2094 272 50 SECUNDAPETITIO
425 2094 121 50 est:
501 2094 151 50 Veniat
607 2094 151 50 regnum
712 2094 136 50 tuum,
803 2094 106 50 Hac
848 2094 136 50 petimus

160 2135 120 43 regni
240 2135 93 43 Dei
293 2135 173 43 adventum:
426 2135 67 43 &
453 2135 67 43 e
479 2135 173 43 contrario
612 2135 226 43 destructionem
799 2135 120 43 atque
879 2135 173 43 abolitio¬

161 2168 84 42 nem
209 2168 108 42 regni
281 2168 144 42 Satanae,
389 2168 144 42 peccati,
497 2168 180 42 Antichristi
642 2168 60 42 &
666 2168 132 42 denique
750 2168 108 42 mortis.

208 2193 121 47 Regnum
293 2193 85 47 Dei
341 2193 97 47 quod
402 2193 121 47 venire
486 2193 145 47 petimus,
595 2193 85 47 est
644 2193 85 47 quo
692 2193 109 47 solus
765 2193 97 47 Deus
826 2193 121 47 regnat
910 2193 61 47 &
922 2193 61 47 do¬-

168 2234 128 44 minium
245 2234 128 44 exercet.

205 2257 113 55 Estque
284 2257 125 55 duplex:
375 2257 159 55 Universale
500 2257 79 55 vel
534 2257 113 55 specialo

204 2300 166 44 Universale
335 2300 119 44 regnum
418 2300 95 44 Dei,
478 2300 83 44 est
525 2300 95 44 quod
585 2300 95 44 Deus
644 2300 71 44 in
680 2300 95 44 toto
739 2300 107 44 mundo
811 2300 131 44 exercet
906 2300 71 44 in
929 2300 48 44 u¬-

167 2334 146 39 niversas
276 2334 170 39 creaturas,
410 2334 158 39 potentiam
531 2334 97 39 suam
592 2334 158 39 declarans
713 2334 73 39 in
749 2334 146 39 movendis
859 2334 85 39 vel
895 2334 85 39 coer¬-

170 2367 116 36 cendis
252 2367 116 36 omnibs
333 2367 70 36 in
368 2367 186 36 conservandis
520 2367 105 36 illis
590 2367 93 36 quas
648 2367 93 36 vult
706 2367 163 36 conservare
834 2367 58 36 &
846 2367 128 36 destruen¬-

166 2403 76 40 dis
210 2403 87 40 quas
264 2403 87 40 vult
319 2403 153 40 destruere.
439 2403 76 40 Hoc
483 2403 109 40 regnum
559 2403 120 40 usitate
646 2403 120 40 dicitur
734 2403 109 40 regnum
810 2403 142 40 potentiae
908 2403 66 40 Dei.

205 2435 136 41 Speciale
306 2435 113 41 regnum
385 2435 90 41 Dei,
442 2435 79 41 est
487 2435 90 41 quod
544 2435 90 41 Deus
600 2435 68 41 in
634 2435 136 41 Ecclesia
736 2435 79 41 sua
781 2435 124 41 exercet
871 2435 68 41 in
894 2435 79 41 crea¬-

171 2468 110 40 turas
244 2468 183 40 rationales,
390 2468 134 40 Angelos
488 2468 61 40 &
500 2468 122 40 homines.

210 2500 114 48 Estque
289 2500 125 48 duplex:
381 2500 125 48 gratiae
472 2500 125 48 nimirum
563 2500 57 48 &
574 2500 103 48 gloriae

203 2533 135 40 REGNUM
297 2533 161 40 GRATIAE,
418 2533 94 40 est
472 2533 108 40 quod
539 2533 108 40 Deus
606 2533 81 40 in
647 2533 94 40 hac
700 2533 108 40 vita
768 2533 148 40 exercet
875 2533 81 40 in
902 2533 81 40 ter¬-

172 2566 80 41 ris
217 2566 149 41 adhibitis
332 2566 115 41 mediis
412 2566 69 41 ab
447 2566 126 41 aeterno
538 2566 69 41 ad
573 2566 69 41 id
607 2566 172 41 destinatis,
744 2566 103 41 nempe
813 2566 137 41 missione
905 2566 80 41 Fili¬-

174 2601 168 40 Mediatoris
306 2601 72 40 in
342 2601 132 40 mundum,
438 2601 192 40 institutione
594 2601 60 40 &
618 2601 204 40 conservatione
786 2601 168 40 ministerii
918 2601 84 40 Ec¬

177 2634 188 41 clesiastici,
330 2634 153 41 vocatione
448 2634 59 41 &
471 2634 176 41 collectione
612 2634 153 41 Ecclesiae
730 2634 71 41 ex
765 2634 118 41 genere
848 2634 118 41 humano
918 2634 59 41 pe¬-

171 2676 209 33 praedicationem
345 2676 162 33 Evangelii,
473 2676 151 33 efficacia
589 2676 139 33 Spiritus
693 2676 116 33 Sancti
774 2676 151 33 operantis
890 2676 70 33 in
913 2676 70 33 ele¬-

167 2705 95 40 ctis
226 2705 154 40 hominibus
345 2705 107 40 fidem
416 2705 107 40 vivam
488 2705 59 40 &
511 2705 225 40 resipiscentiam,
701 2705 214 40 justificatione
867 2705 119 40 gratuita

173 2734 181 41 credentium,
317 2734 229 41 sanctificatione
510 2734 145 41 continua
619 2734 145 41 illorum,
727 2734 181 41 liberatione
872 2734 132 41 illorum
956 2734 36 41 a

171 2767 152 41 peccatis,
288 2767 187 41 gubernatione
440 2767 82 41 per
487 2767 105 41 verbi
557 2767 117 41 divini
638 2767 187 41 ministerium,
790 2767 163 41 defensione
907 2767 70 41 cor¬-

180 2808 83 37 tra
228 2808 130 37 hostes,
322 2808 130 37 consola
417 2808 95 37 ione
476 2808 142 37 adversus
583 2808 107 37 omnes
654 2808 142 37 miserias
761 2808 119 37 quibus
844 2808 71 37 in
879 2808 83 37 hac
915 2808 83 37 vita.

171 2834 111 40 sumus
245 2834 160 40 subjecti,
368 2834 62 40 &
392 2834 74 40 si
429 2834 98 40 quae
491 2834 98 40 sunt
552 2834 98 40 alia
614 2834 111 40 media
687 2834 98 40 quae
749 2834 98 40 Deus
810 2834 74 40 ad
835 2834 160 40 gubernandam

163 2869 78 36 in
202 2869 91 36 hac
254 2869 104 36 vita
319 2869 169 36 Ecclesiam
448 2869 104 36 suam
513 2869 156 36 adhibet.
630 2869 78 36 De
669 2869 91 36 hoc
721 2869 117 36 regno
798 2869 143 36 dicitur
889 2869 91 36 Roman

176 2899 86 39 24.
225 2899 86 39 17.
274 2899 123 39 Regnum
360 2899 86 39 Dei
409 2899 86 39 est
458 2899 160 39 iustitia,
581 2899 98 39 pax,
642 2899 61 39 &
667 2899 135 39 gaudium
765 2899 86 39 per
814 2899 147 39 Spiritum
912 2899 74 39 San¬-

186 2931 95 40 ctum.
250 2931 106 40 Colos.
324 2931 63 40 4.
356 2931 63 40 v.
377 2931 42 40 11

218 2962 89 55 Hoc
269 2962 128 55 regnum
359 2962 166 55 nominatur
486 2962 115 55 saepe
563 2962 153 55 absolute
677 2962 140 55 regnum,
779 2962 102 55 item
843 2962 128 55 regnum
920 2962 77 55 Dei,

177 3000 118 41 regnum
260 3000 142 41 Christi,
366 3000 118 41 regnum
437 3000 130 41 caelorum.

220 3029 111 43 Regnum
298 3029 155 43 appellatur
419 3029 166 43 simpliciter
553 3029 111 43 Matth.
630 3029 67 43 4.
663 3029 67 43 v.
697 3029 78 43 23.
741 3029 55 43 &
763 3029 67 43 9.
796 3029 78 43 35.
841 3029 78 43 ubi
885 3029 133 43 legitur,

189 3063 105 44 Iesum
259 3063 175 44 praedicusse
400 3063 164 44 Evangelium
528 3063 117 44 regni.
610 3063 187 44 Intelligitur
762 3063 105 44 autem
832 3063 152 44 promissum
938 3063 58 44 il¬-

178 3098 76 49 lud
222 3098 54 49 a
243 3098 76 49 Deo
287 3098 109 49 regnum
363 3098 130 49 gratiae,
460 3098 109 49 regnum
536 3098 119 49 Messiae
623 3098 76 49 seu
666 3098 130 49 Christi.
764 3098 76 49 Sic
808 3098 87 49 Luc.
862 3098 76 49 19,
905 3098 76 49 12,
938 3098 54 49 15.

210 3139 122 39 Regnum
295 3139 85 39 Dei
344 3139 146 39 dicitur,
453 3139 97 39 quia
514 3139 97 39 Deus
575 3139 73 39 in
611 3139 73 39 eo
636 3139 97 39 regnat

222 3158 125 54 Regnum
309 3158 137 54 Christ.
408 3158 150 54 dicitur,
521 3158 100 54 quia
583 3158 87 54 per
633 3158 150 54 Christum
745 3158 174 54 Mediatorem
882 3158 100 54 Deus
932 3158 62 54 Ec¬-

191 3195 129 52 clesiam
285 3195 94 52 suam
332 3195 94 52 regit.

1023 180 126 40 Regnum
1111 180 151 40 caelorum
1224 180 151 40 dicitur,
1337 180 88 40 tum
1388 180 100 40 quia
1450 180 88 40 per
1501 180 113 40 illud
1576 180 75 40 ad
1614 180 126 40 regnum
1701 180 138 40 caleste
1789 180 38 40 &

1004 213 126 47 loriae
1093 213 202 47 praepatamur:
1257 213 88 47 tum
1307 213 101 47 quia
1370 213 214 47 administratio
1547 213 101 47 eju:
1610 213 88 47 non
1660 213 88 47 est
1698 213 126 47 mundana,

983 254 84 41 sed
1031 254 157 41 caelestis
1152 254 60 41 &
1176 254 193 41 spiritualis:
1332 254 84 41 tum
1380 254 96 41 quia
1441 254 157 41 plenitudo
1561 254 96 41 ejus
1621 254 157 41 contingit
1730 254 84 41 demum

996 283 139 39 electis,
1101 283 93 39 quum
1159 283 151 39 translati
1275 283 128 39 fuerint
1368 283 70 39 in
1391 283 105 39 caelum.

1020 318 146 36 REGNUM
1123 318 175 36 GLORIAE,
1254 318 102 36 est
1313 318 117 36 quod
1386 318 117 36 Deus
1459 318 117 36 post
1532 318 117 36 hanc
1605 318 132 36 vitam
1678 318 132 36 exerce¬-

994 345 85 41 bit
1043 345 73 41 in
1079 345 122 41 caelo,
1165 345 171 41 spectandam
1299 345 146 41 praebens
1409 345 134 41 electis
1506 345 159 41 manifeste
1628 345 134 41 gloriam
1726 345 98 41 suam
1774 345 37 41 &

993 384 129 42 gloriam
1087 384 129 42 Christi
1181 384 94 42 quam
1239 384 94 42 illi
1298 384 117 42 dedit,
1380 384 59 42 &
1404 384 141 42 Ecclesia
1509 384 94 42 suam
1568 384 141 42 perfecte
1673 384 129 42 glorifi
1755 384 59 42 an¬-

991 417 79 44 non
1036 417 147 44 adhibitis
1149 417 113 44 mediis
1229 417 102 44 illis
1297 417 113 44 quibus
1376 417 68 44 in
1410 417 102 44 regno
1478 417 125 44 gratiae
1569 417 125 44 utitur,
1659 417 79 44 sed
1705 417 91 44 ipse
1750 417 68 44 eri¬-

1001 450 117 45 omnia
1079 450 78 45 in
1118 450 156 45 omnibus,
1235 450 195 45 patefaciens
1391 450 65 45 &
1418 450 195 45 communicans
1574 450 78 45 se
1613 450 130 45 beatis
1691 450 130 45 immedia¬-

987 483 77 39 te.
1031 483 66 39 1.
1064 483 88 39 Cor.
1119 483 77 39 13.
1163 483 77 39 10.
1206 483 55 39 &
1228 483 88 39 cap.
1283 483 77 39 15.
1327 483 77 39 28.
1371 483 99 39 Apoc.
1437 483 77 39 21.
1481 483 66 39 v.
1514 483 77 39 22.
1558 483 77 39 23.
1601 483 55 39 &
1612 483 154 39 sequentibus.

1024 515 88 38 Hoc
1075 515 125 38 quoque
1162 515 150 38 absolute
1275 515 138 38 dicitur
1375 515 125 38 regnum
1462 515 125 38 Matth.
1550 515 88 38 25.
1600 515 75 38 34
1637 515 100 38 Luc.
1700 515 88 38 12.
1750 515 88 38 32.
1787 515 38 38 &

1001 552 86 33 cap.
1055 552 75 33 22.
1098 552 75 33 29.
1141 552 86 33 Jac.
1194 552 64 33 2.
1226 552 64 33 v.
1259 552 64 33 5.
1291 552 86 33 item
1344 552 107 33 regnum
1419 552 86 33 Dei,
1473 552 96 33 Marc.
1537 552 64 33 9.
1569 552 75 33 47.
1612 552 54 33 &
1634 552 75 33 10.
1677 552 64 33 v.
1709 552 75 33 14.
1752 552 54 33 &
1762 552 54 33 res

999 581 100 46 gnum
1062 581 125 46 Patris
1150 581 150 46 Christi.
1262 581 125 46 Matth.
1350 581 88 46 26.
1400 581 100 46 vers
1463 581 75 46 28
1500 581 63 46 &
1525 581 125 46 regnum
1613 581 125 46 Patris
1688 581 138 46 iustorum,

992 614 119 42 Matth.
1075 614 83 42 13,
1123 614 83 42 43.
1171 614 59 42 &
1194 614 119 42 Regnum
1278 614 143 42 caelorum
1385 614 119 42 Matth.
1468 614 71 42 5.
1504 614 71 42 v.
1527 614 48 42 3.

1012 639 122 43 Regnum
1097 639 122 43 gratie
1183 639 61 43 &
1208 639 135 43 gloriae
1306 639 86 43 est
1355 639 122 43 quidem
1440 639 98 43 unum
1501 639 135 43 reipsa,
1599 639 86 43 sed
1648 639 159 43 differunt
1759 639 73 43 tem¬-

993 685 100 43 pore
1056 685 63 43 &
1081 685 113 43 modo.
1157 685 88 43 Nam
1207 685 75 43 I.
1245 685 126 43 regnum
1332 685 138 43 gratiae
1433 685 88 43 est
1483 685 75 43 in
1521 685 88 43 hac
1571 685 113 43 vita,
1646 685 126 43 regnum
1722 685 100 43 gloria

998 715 98 48 post
1059 715 98 48 hanc
1108 715 85 48 vitam

1022 742 92 61 II.
1074 742 131 61 Regnum
1166 742 145 61 gratiae
1272 742 197 61 administrat
1429 742 105 61 Deus
1495 742 92 61 per
1548 742 131 61 media,
1640 742 131 61 regnum
1719 742 118 61 gloriae

988 784 161 42 mmediate.

1027 817 103 42 III.
1091 817 129 42 Regnum
1182 817 142 42 gratiae
1285 817 116 42 finem
1362 817 142 42 habebit
1465 817 77 42 1.
1503 817 103 42 Cor.
1568 817 90 42 15.
1619 817 90 42 24.
1671 817 90 42 Nam
1709 817 129 42 Christus

1001 849 126 34 tradet
1090 849 126 34 regnum
1178 849 88 34 Deo
1229 849 63 34 &
1254 849 126 34 Patri,
1342 849 101 34 quia
1406 849 139 34 desinet
1507 849 126 34 facere
1595 849 152 34 officium
1709 849 152 34 Mediato¬

1008 882 94 38 cis,
1067 882 82 38 non
1114 882 129 38 amplius
1208 882 141 38 colliget
1314 882 153 38 Ecclesiam
1432 882 82 38 per
1479 882 212 38 praedicationem
1655 882 165 38 Evangelii,
1773 882 59 38 sed

1011 919 69 43 am
1046 919 150 43 collectam
1161 919 115 43 sistet
1242 919 92 43 Deo,
1299 919 81 43 &c.
1345 919 81 43 Sed
1391 919 104 43 regni
1461 919 127 43 gloriae
1553 919 81 43 non
1599 919 92 43 erit
1656 919 115 43 finis,
1737 919 92 43 Luc.
1783 919 46 43 1.

1006 946 74 49 33.
1049 946 95 49 Hebr.
1112 946 74 49 12.
1143 946 53 49 28.

1116 988 159 69 Hactenus
1235 988 185 69 distinctio
1380 988 119 69 regni
1460 988 93 69 Dei
1513 988 172 69 declavata
1632 988 79 69 est.

1029 1058 146 43 Adventus
1139 1058 110 43 regni
1212 1058 98 43 Dei,
1273 1058 85 43 est
1322 1058 146 43 continua
1431 1058 171 43 patefactio
1566 1058 207 43 gubernationis
1724 1058 110 43 divinae

1011 1097 102 43 quam
1075 1097 76 43 in
1113 1097 102 43 toto
1177 1097 115 43 mundo
1253 1097 140 43 adhibet
1355 1097 191 43 omnipotenti
1508 1097 191 43 operatione,
1661 1097 64 43 &
1686 1097 153 43 inprimis
1788 1097 51 43 in

1011 1126 145 41 Ecclesia
1120 1126 85 41 tum
1168 1126 73 41 in
1205 1126 121 41 giatia
1290 1126 73 41 in
1326 1126 85 41 hac
1374 1126 109 41 vita,
1447 1126 85 41 tum
1496 1126 73 41 in
1532 1126 121 41 gloria
1617 1126 133 41 aeterna
1714 1126 97 41 post
1762 1126 73 41 hanc

996 1164 103 38 vitam.

1046 1191 81 55 Est
1093 1191 115 55 igitur
1173 1191 138 55 adventus
1277 1191 104 55 regni
1346 1191 150 55 duplicis,
1461 1191 104 55 regni
1530 1191 173 55 universalis
1668 1191 58 55 &
1691 1191 104 55 regni
1749 1191 92 55 parti¬

1004 1225 103 41 cularis.

1041 1254 186 44 Universalis
1189 1254 112 44 regni
1264 1254 87 44 Dei
1314 1254 161 44 adventus,
1438 1254 87 44 est
1487 1254 99 44 quum
1549 1254 99 44 Deus
1611 1254 74 44 in
1649 1254 99 44 dies
1698 1254 149 44 cognoscen¬-

1019 1292 91 40 dum
1071 1292 142 40 praebet
1174 1292 103 40 toti
1239 1292 129 40 mundo,
1330 1292 78 40 se
1368 1292 155 40 potentia
1485 1292 91 40 sua
1537 1292 168 40 univerium
1666 1292 129 40 mundum
1744 1292 103 40 guber¬-

1021 1332 96 40 nare.
1085 1332 85 40 Dan.
1139 1332 64 40 4.
1171 1332 64 40 v.
1203 1332 64 40 17
1235 1332 75 40 23,
1267 1332 53 40 25.

1049 1357 195 45 Patticularis
1207 1357 110 45 regni
1280 1357 85 45 Dei
1329 1357 158 45 adventus,
1451 1357 85 45 est
1500 1357 85 45 cum
1549 1357 98 45 Deus
1609 1357 85 45 Pet
1658 1357 146 45 Christum
1756 1357 85 45 regem

1025 1397 103 38 caeli
1093 1397 57 38 &
1116 1397 114 38 terrae
1196 1397 160 38 manifestat
1321 1397 80 38 tum
1367 1397 68 38 in
1401 1397 103 38 regno
1469 1397 125 38 gratiae
1561 1397 80 38 tum
1606 1397 68 38 in
1640 1397 103 38 regno
1697 1397 103 38 gloriae

1044 1431 159 41 Adventus
1163 1431 119 41 regni
1242 1431 159 41 gratiae,
1361 1431 93 41 est
1414 1431 93 41 cum
1467 1431 106 41 Deus
1533 1431 119 41 Pater
1612 1431 159 41 Christum
1731 1431 93 41 pro
1771 1431 79 41 rege

1023 1461 110 37 nobis
1096 1461 98 37 dat,
1157 1461 122 37 ejecto
1243 1461 61 37 e
1267 1461 110 37 nobis
1340 1461 110 37 foras
1414 1461 122 37 Satana
1499 1461 147 37 Principe
1609 1461 122 37 mundi,
1694 1461 61 37 &
1707 1461 134 37 destructo

1021 1496 107 37 regno
1093 1496 143 37 Satanae,
1200 1496 131 37 peccati
1295 1496 60 37 &
1319 1496 131 37 mortis,
1415 1496 60 37 &
1439 1496 107 37 regno
1510 1496 191 37 Antichristi;
1665 1496 72 37 ac
1701 1496 131 37 proinde
1784 1496 60 37 Pa¬-

1010 1527 107 46 ter,
1076 1527 133 46 Filius
1170 1527 67 46 &
1196 1527 160 46 Spiritus
1316 1527 147 46 Sanctus
1423 1527 80 46 ad
1463 1527 93 46 nos
1517 1527 147 46 veniunt
1623 1527 67 46 &
1650 1527 173 46 mansionem
1770 1527 80 46 apud

1015 1561 78 39 nos
1060 1561 123 39 faciunt
1149 1561 112 39 Johan.
1227 1561 78 39 14.
1272 1561 78 39 23.
1317 1561 90 39 Rom.
1373 1561 67 39 8.
1407 1561 67 39 v.
1440 1561 67 39 9,
1474 1561 78 39 11.
1518 1561 67 39 1.
1552 1561 112 39 Johan.
1630 1561 67 39 2.
1664 1561 78 39 27.
1709 1561 78 39 nos
1742 1561 101 39 gratia,

1027 1594 192 45 nisericordia
1183 1594 60 45 &
1207 1594 108 45 amore
1280 1594 205 45 prosequuntur,
1448 1594 84 45 nos
1496 1594 72 45 ad
1532 1594 72 45 se
1568 1594 144 45 tiahunt,
1677 1594 96 45 Joh.
1737 1594 72 45 6.
1761 1594 60 45 44.

1057 1626 119 38 Estque
1140 1626 131 38 duplex:
1235 1626 83 38 tum
1283 1626 71 38 ad
1318 1626 142 38 singulos
1425 1626 142 38 electos,
1532 1626 83 38 tum
1580 1626 71 38 ad
1615 1626 107 38 totam
1675 1626 142 38 Ecclesiam.

1053 1664 149 41 Adventus
1164 1664 112 41 regni
1239 1664 136 41 gratiae
1338 1664 74 41 ad
1375 1664 112 41 totam
1449 1664 174 41 Ecclesiam,
1586 1664 87 41 est
1635 1664 87 41 cum
1685 1664 99 41 Deus
1747 1664 74 41 in
1772 1664 74 41 toto

1023 1698 109 40 mundo
1095 1698 157 40 Ecclesiam
1216 1698 96 40 sibi
1276 1698 145 40 codigit,
1385 1698 60 40 &
1409 1698 84 40 eam
1457 1698 157 40 ubicunque
1578 1698 96 40 illa
1638 1698 84 40 sit
1686 1698 121 40 tuetur
1771 1698 60 40 &
1783 1698 72 40 gra¬-

1025 1728 81 44 tios
1076 1728 51 44 e
1086 1728 71 44 regi:

1056 1764 109 41 Idque
1129 1764 182 41 dupliciter:
1274 1764 85 41 tum
1323 1764 182 41 institvendo
1468 1764 158 41 Ecclesias
1589 1764 85 41 ubi
1638 1764 121 41 nullae
1723 1764 121 41 erant:
1795 1764 61 41 tum

1020 1798 201 35 conservando
1180 1798 67 35 &
1207 1798 147 35 augendo
1314 1798 94 35 eas
1367 1798 67 35 &
1394 1798 201 35 conservando
1555 1798 201 35 ministerium
1702 1798 147 35 Ecclesia¬-

1031 1829 123 31 ticum,
1117 1829 123 31 Psalm.
1203 1829 86 31 67.
1252 1829 98 31 toto
1314 1829 123 31 Psalm.
1400 1829 74 31 3.
1437 1829 74 31 v9
1474 1829 111 31 Suter
1547 1829 135 31 populum
1646 1829 98 31 tuum
1707 1829 86 31 sit
1744 1829 111 31 benedi¬-

1020 1862 95 35 ctio
1080 1862 95 35 tua,
1139 1862 107 35 Sela.
1210 1862 71 35 Et
1246 1862 119 35 Psalm.
1329 1862 83 35 26.
1377 1862 71 35 9.
1413 1862 83 35 tum
1460 1862 167 35 destruendo
1591 1862 119 35 regnum
1675 1862 131 35 peccati
1770 1862 59 35 &
1782 1862 71 35 dia¬-

1023 1892 109 46 boli,
1095 1892 145 46 amovendo
1204 1892 60 46 e
1228 1892 109 46 medio
1301 1892 121 46 populi
1386 1892 85 46 sui
1434 1892 145 46 haereses
1543 1892 60 46 &
1567 1892 157 46 scandala.
1688 1892 121 46 Psalm.
1772 1892 85 46 7..
1809 1892 48 46 v.

1025 1927 75 43 6,
1063 1927 75 43 7.
1101 1927 125 43 Jerem.
1188 1927 75 43 10
1226 1927 75 43 v.
1263 1927 88 43 25.
1314 1927 150 43 perdendo
1426 1927 125 43 regnum
1514 1927 188 43 Antichristi
1664 1927 63 43 &
1689 1927 150 43 abolendo
1789 1927 63 43 de¬-

1020 1960 120 42 nique
1100 1960 133 42 rignum
1179 1960 120 42 mortis.

1050 1981 150 45 Adventus
1162 1981 112 45 regni
1237 1981 137 45 gratiae
1337 1981 75 45 ad
1374 1981 150 45 singulos
1487 1981 150 45 electos,
1599 1981 87 45 est
1649 1981 100 45 quum
1712 1981 100 45 Deus
1762 1981 87 45 unum¬-

1024 2026 137 43 quemque
1123 2026 162 43 electorum
1247 2026 87 43 non
1297 2026 124 43 tantum
1384 2026 137 43 externa
1483 2026 162 43 vocatione
1608 2026 162 43 Ecclesiae
1732 2026 149 43 visibili

1029 2063 150 40 adjungit,
1145 2063 81 40 sed
1191 2063 104 40 etiam
1260 2063 127 40 interna
1353 2063 150 40 vocatione
1468 2063 150 40 Ecclesiae
1584 2063 162 40 Catholicae
1699 2063 150 40 invisibilis

1020 2093 131 40 membrum
1115 2093 95 40 actu
1175 2093 143 40 cfficit,
1282 2093 119 40 eumque
1365 2093 95 40 fide
1425 2093 155 40 salvifica
1544 2093 71 40 de
1579 2093 107 40 natum
1651 2093 167 40 justificat
1782 2093 59 40 &
1794 2093 59 40 re¬-

1037 2128 126 45 enerat,
1128 2128 103 45 atque
1196 2128 80 45 ita
1242 2128 103 45 regit
1311 2128 103 45 verbo
1379 2128 57 45 &
1402 2128 126 45 Spiritu
1493 2128 91 45 suo,
1550 2128 68 45 ut
1584 2128 68 45 se
1619 2128 91 45 illi
1676 2128 103 45 magis
1733 2128 114 45 magisque

1033 2161 165 41 lubjiciat,
1163 2161 82 41 sic
1210 2161 71 41 ut
1245 2161 118 41 regnum
1327 2161 129 41 peccati
1421 2161 59 41 &
1445 2161 129 41 Satanae
1539 2161 129 41 adeoque
1633 2161 165 41 impietatem
1762 2161 106 41 omnen
1821 2161 35 41 e

1032 2194 107 40 corde
1103 2194 83 40 suo
1151 2194 178 40 exterminate
1293 2194 119 40 studio
1376 2194 130 40 habeat,
1471 2194 107 40 donec
1542 2194 119 40 carnem
1625 2194 142 40 exuerit.
1720 2194 130 40 Incestuo¬-

1027 2225 80 34 sus
1072 2225 91 34 ille
1129 2225 159 34 Corinthius
1254 2225 68 34 de
1288 2225 80 34 quo
1334 2225 68 34 I.
1368 2225 91 34 Cor.
1425 2225 57 34 5
1448 2225 91 34 erat
1505 2225 114 34 quidem
1584 2225 80 34 jam
1630 2225 68 34 in
1664 2225 137 34 Ecclesia
1755 2225 91 34 exter¬-

1027 2261 82 34 na,
1074 2261 82 34 sed
1121 2261 117 34 nondum
1203 2261 94 34 erat
1261 2261 94 34 actu
1320 2261 70 34 in
1355 2261 140 34 Ecclesia
1460 2261 152 34 Catholica
1577 2261 175 34 invisibili,
1717 2261 70 34 ac
1741 2261 105 34 proinde

1025 2293 124 38 nondum
1111 2293 74 38 ad
1149 2293 112 38 illum
1223 2293 161 38 advenerat
1347 2293 124 38 regnum
1434 2293 149 38 gratiae,
1546 2293 112 38 donec
1621 2293 99 38 vera
1683 2293 99 38 fide
1745 2293 62 38 &
1757 2293 87 38 resi¬-

1039 2326 140 40 iscentia
1145 2326 129 40 donatus
1238 2326 105 40 fuit.
1309 2326 82 40 Sic
1355 2326 140 40 precatur
1461 2326 105 40 David
1531 2326 105 40 Psal.
1601 2326 94 40 5.9.
1660 2326 117 40 Iehova
1742 2326 105 40 deduc
1800 2326 47 40 me

1026 2361 67 40 in
1059 2361 134 40 iustitia
1160 2361 78 40 tua
1205 2361 123 40 propter
1294 2361 179 40 observatores
1439 2361 101 40 meos.
1506 2361 67 40 q.
1540 2361 67 40 d.
1574 2361 78 40 Sis
1618 2361 67 40 tu
1652 2361 89 40 mihi
1708 2361 78 40 dux
1752 2361 56 40 &
1764 2361 89 40 rector

1020 2387 72 47 in
1056 2387 84 47 via
1104 2387 84 47 tua
1151 2387 60 47 &
1175 2387 72 47 in
1211 2387 155 47 justitiam
1319 2387 96 47 omnem.

1058 2420 115 46 Eodem
1135 2420 153 46 pertinet
1250 2420 141 46 paterna
1352 2420 179 46 castigatio
1493 2420 115 46 nobis
1570 2420 141 46 nunquam
1672 2420 89 46 non
1710 2420 128 46 necessa¬-

1014 2459 94 38 tia:
1073 2459 82 38 est
1120 2459 94 38 enim
1179 2459 153 38 gratiosae
1296 2459 200 38 gubernationis
1461 2459 106 38 pars,
1532 2459 94 38 quam
1590 2459 82 38 nos
1637 2459 94 38 Deus
1696 2459 106 38 Pater
1767 2459 82 38 vel
1802 2459 47 38 in

1036 2491 122 44 officio
1124 2491 144 44 continet,
1235 2491 77 44 vel
1279 2491 66 44 ad
1312 2491 133 44 officium
1412 2491 133 44 revocat,
1511 2491 66 44 ut
1545 2491 88 44 boni
1600 2491 55 44 &
1622 2491 88 44 fidi
1677 2491 100 44 cives
1744 2491 100 44 regni
1799 2491 44 44 i¬-

1043 2526 100 37 psius
1110 2526 145 37 maneamus,
1221 2526 89 37 Job.
1277 2526 67 37 5.
1311 2526 78 37 17.
1355 2526 89 37 Ecce
1411 2526 112 37 beatus
1489 2526 78 37 est
1534 2526 145 37 mortalis,
1645 2526 89 37 quem
1701 2526 112 37 arguit
1768 2526 78 37 Deus:

1035 2554 155 47 quapropter
1157 2554 188 47 castigationem
1311 2554 177 47 omnipotentis
1455 2554 66 47 ne
1488 2554 133 47 spernas.
1588 2554 66 47 1.
1621 2554 133 47 Cortnth.
1720 2554 77 47 11.
1765 2554 77 47 31,
1798 2554 55 47 32.

1035 2589 104 43 Hebr.
1105 2589 81 43 12.
1151 2589 69 43 6.
1186 2589 58 43 &
1198 2589 69 43 seqd

1061 2621 84 44 Ideo
1114 2621 116 44 fideles
1199 2621 148 44 subjiciunt
1315 2621 63 44 se
1347 2621 169 44 castigationi
1484 2621 127 44 divinae,
1579 2621 106 44 Psalm.
1653 2621 63 44 6.
1685 2621 95 44 vers.
1748 2621 63 44 2.
1780 2621 53 44 &
1790 2621 53 44 Ps.

1034 2657 81 37 38.
1081 2657 69 37 2.
1115 2657 116 37 Jerem.
1196 2657 81 37 10.
1243 2657 81 37 24.
1289 2657 127 37 Castiga
1381 2657 69 37 me
1416 2657 116 37 Ihova,
1497 2657 162 37 verumtamen
1624 2657 69 37 in
1659 2657 104 37 modo:
1728 2657 69 37 ne
1751 2657 93 37 casci.

1038 2693 84 41 gos
1086 2693 72 41 in
1122 2693 84 41 ira
1169 2693 96 41 tua,
1229 2693 72 41 ut
1265 2693 84 41 non
1313 2693 155 41 comminuas
1432 2693 84 41 me.
1480 2693 96 41 Hinc
1540 2693 131 41 orandus
1635 2693 107 41 Deus,
1707 2693 72 41 ut
1731 2693 119 41 castiget

1039 2718 195 44 impoenitentes
1199 2718 80 44 quo
1245 2718 184 44 resipiscant.
1394 2718 92 44 Jobi
1452 2718 80 44 34.
1497 2718 69 44 v.
1532 2718 80 44 36,
1578 2718 69 44 37
1612 2718 103 44 petit
1681 2718 115 44 Elihu,
1761 2718 69 44 ut
1784 2718 69 44 Deus

1044 2757 109 40 Jobum
1116 2757 157 40 tantisper
1237 2757 169 40 flagellet,
1370 2757 109 40 donec
1442 2757 84 40 Deo
1490 2757 109 40 cedat
1563 2757 60 40 &
1587 2757 157 40 victoriae
1707 2757 121 40 laudem
1780 2757 72 40 tri¬-

1046 2796 74 34 puat.

1073 2823 133 45 Adventus
1173 2823 100 45 regni
1239 2823 133 45 gloriae,
1339 2823 78 45 est
1384 2823 155 45 patefactio
1506 2823 122 45 Christi
1594 2823 111 45 Domini
1672 2823 67 45 in
1694 2823 100 45 gloria.

1072 2852 115 45 Estque
1153 2852 115 45 itidem
1234 2852 127 45 duplex:
1326 2852 81 45 tum
1372 2852 69 45 ad
1407 2852 138 45 singulos
1511 2852 138 45 fideles,
1614 2852 81 45 tum
1661 2852 69 45 ad
1695 2852 104 45 totam
1753 2852 92 45 Eccle¬

1004 2885 89 54 siam

1067 2925 71 54 Ad
1103 2925 142 54 singulos
1209 2925 142 54 fideles,
1316 2925 95 54 quum
1375 2925 71 54 ad
1411 2925 178 54 unumquemque
1553 2925 142 54 fidelium
1660 2925 119 54 venit,
1743 2925 71 54 ut
1767 2925 71 54 ani¬-

1037 2971 91 33 mam
1089 2971 104 33 ejus
1154 2971 78 33 ad
1194 2971 78 33 se
1233 2971 78 33 in
1272 2971 170 33 caelestem
1402 2971 144 33 gloriam
1507 2971 196 33 transferat.
1663 2971 104 33 Quem
1716 2971 130 33 adventum

1030 3002 123 40 exoptat
1119 3002 123 40 Paulus,
1208 3002 78 40 cum
1253 3002 89 40 ait;
1309 3002 100 40 Cupio
1376 3002 145 40 dissolvi,
1487 3002 56 40 &
1509 3002 89 40 esse
1565 3002 78 40 cum
1599 3002 112 40 Christo.

1064 3029 144 42 Adventus
1172 3029 108 42 regni
1244 3029 132 42 gloriae
1340 3029 72 42 ad
1376 3029 108 42 totam
1448 3029 168 42 Ecclesiam,
1581 3029 96 42 erit
1641 3029 96 42 quum
1701 3029 144 42 Christus
1797 3029 48 42 in

1049 3068 120 39 loria
1128 3068 133 39 Patris
1221 3068 146 39 redibit
1328 3068 80 39 in
1368 3068 146 39 nubibus
1474 3068 80 39 ad
1514 3068 159 39 judicium
1633 3068 133 39 omnium
1726 3068 146 39 vivorum
1819 3068 40 39 &

1044 3105 159 34 mortuorum
1166 3105 73 34 ex
1203 3105 134 34 pulvere
1300 3105 122 34 terrae
1386 3105 232 34 resuscitatorum,
1581 3105 159 34 assuturus
1703 3105 86 34 nos
1752 3105 73 34 in
1777 3105 73 34 cae¬-

1035 3132 86 39 lum
1084 3132 74 39 ut
1121 3132 148 39 videamus
1232 3132 136 39 gloriam
1331 3132 124 39 ipsius
1418 3132 136 39 ejusque
1516 3132 173 39 participes
1652 3132 111 39 simus
1714 3132 136 39 aesernum.

1044 3167 129 36 Itaque
1134 3167 90 36 hac
1186 3167 168 36 petitione
1315 3167 180 36 postulamus
1457 3167 155 36 adventum
1572 3167 129 36 ultimi
1663 3167 103 36 diei
1727 3167 64 36 &
1740 3167 116 36 futuram

1041 3201 159 55 corporum
1160 3201 239 55 resurrectionem
1346 3201 172 55 universalem
