2063 3436
226 185 71 47 ab
262 185 94 47 omni
320 185 82 47 aut
367 185 59 47 a
391 185 106 47 certo
462 185 94 47 cibi
520 185 141 47 potusque
626 185 118 47 genere
709 185 153 47 abstinet,
826 185 94 47 sive
885 185 71 47 ad
920 185 176 47 sanctitatis
1050 185 35 47 A

231 223 110 43 famam
304 223 74 43 ex
341 223 147 43 jejuniis
451 223 159 43 venandam,
574 223 98 43 sive
635 223 74 43 ad
672 223 172 43 corporalia
807 223 61 43 &
832 223 184 43 spiritualia
966 223 74 43 bona

228 259 156 40 romerendi

268 288 79 43 Est
313 288 159 43 fugiendum:
438 288 68 43 I.
472 288 91 43 Quia
529 288 147 43 displicet
642 288 79 43 Deo
687 288 102 43 Jesa.
755 288 79 43 58.
801 288 68 43 v.
835 288 68 43 3.
869 288 68 43 4,
892 288 45 43 5.

271 323 86 45 II.
320 323 98 45 Quia
381 323 172 45 prohibetur
516 323 61 45 a
540 323 98 45 Deo,
602 323 123 45 Matth.
687 323 74 45 6.
712 323 61 45 10.

263 356 100 37 III.
326 356 100 37 Quia
389 356 113 37 cibus
464 356 138 37 hominem
564 356 88 37 non
615 356 150 37 polluit,
727 356 125 37 Matth.
815 356 88 37 15.
853 356 50 37 11

273 389 142 48 Ieiunium
380 389 142 48 Medicum,
486 389 83 48 est
534 389 178 48 abstinentia
676 389 59 48 a
699 389 95 48 cibo
759 389 59 48 &
782 389 95 48 potu
842 389 59 48 a
865 389 130 48 Medicis
948 389 83 48 prae¬-

236 421 120 43 scripta
323 421 164 43 valetudinis
444 421 98 43 gratia.

262 447 150 49 Ieiunium
374 447 150 49 coactum,
486 447 87 49 est
536 447 187 49 abstinentia
685 447 62 49 a
710 447 100 49 eibo
772 447 62 49 &
797 447 100 49 potu
860 447 75 49 ob
897 447 100 49 ejus
947 447 87 49 defe¬-

237 486 109 36 ctum,
310 486 109 36 quale
383 486 85 36 est
431 486 109 36 eorum
504 486 85 36 qui
552 486 97 36 cibo
613 486 61 36 &
637 486 97 36 potu
698 486 170 36 privantur,
832 486 85 36 aut
880 486 97 36 fame
929 486 109 36 moriun¬-

231 517 83 45 tur
278 517 83 45 vel
326 517 71 45 ob
361 517 154 45 violentum
479 517 165 45 fuperioris
609 517 154 45 imperium,
728 517 106 45 quale
799 517 95 45 fuit
858 517 142 45 jejunium
952 517 83 45 Israe

239 550 111 44 ditici
316 550 144 44 exercitus
427 550 55 44 a
449 550 100 44 Saule
515 550 144 44 violenter
626 550 144 44 injunctum
736 550 66 44 1.
770 550 88 44 Sam.
825 550 77 44 14.
869 550 100 44 vers.
935 550 66 44 24
969 550 55 44 &
980 550 55 44 se¬

236 586 138 43 quentibus.

265 618 84 38 DE
307 618 154 38 JEJUNIO
419 618 237 38 QUADRAGESIMAE
614 618 195 38 quaeritur,
768 618 84 38 an
810 618 98 38 sit
851 618 182 38 observandum

241 652 146 39 Papistae
350 652 158 39 affirmant
472 652 146 39 allegato
581 652 134 39 exemplo
678 652 122 39 Mosis,
764 652 109 39 Eliae
837 652 61 39 &
861 652 146 39 Christi.
958 652 73 39 RESI

230 683 139 42 Exempla
331 683 101 42 sunt
395 683 139 42 prorsus
496 683 177 42 dissimilia
635 683 63 42 a
660 683 139 42 jejunio
761 683 215 42 quadragesimae
938 683 88 42 pro
976 683 63 42 quo

235 718 162 40 Papistae
357 718 203 40 contendunt.
520 718 95 40 Nam
574 718 162 40 jejunium
695 718 243 40 quadragesimale
885 718 162 40 Papisticum

229 750 163 41 quotannis
355 750 188 41 observatur:
506 750 75 41 at
543 750 138 41 jejunio
644 750 188 41 quadraginta
794 750 126 41 dierum
882 750 126 41 Moses,
958 750 75 41 Elia

240 791 59 37 &
264 791 141 37 Christus
369 791 164 37 jejunarunt
499 791 117 37 tantum
581 791 117 37 semel.
663 791 117 37 Deinde
745 791 141 37 Papistae
851 791 70 37 in
886 791 129 37 jejunio
969 791 70 37 qua¬-

236 818 187 41 dragesimali
385 818 87 41 non
435 818 162 41 abstinent
560 818 75 41 ab
598 818 100 41 omni
660 818 100 41 cibo
722 818 62 41 &
747 818 112 41 potu:
822 818 75 41 at
860 818 125 41 Moses,
947 818 112 41 Elias
1010 818 37 41 &

240 855 155 35 Christus
356 855 77 35 ab
395 855 103 35 omni
459 855 103 35 cibo
524 855 65 35 &
550 855 103 35 potu
614 855 219 35 abstinuerunt.
795 855 103 35 Tale
859 855 155 35 jejunium
963 855 77 35 neme

230 890 138 37 aliorum
331 890 138 37 hominum
431 890 113 37 recte
507 890 151 37 alioquin
620 890 163 37 valentium
745 890 75 37 in
783 890 100 37 ista
833 890 201 37 imbecillitatie

244 917 144 36 imitatus
352 917 132 36 fuerit.
448 917 132 36 Tertio,
544 917 144 36 jejunium
653 917 120 36 Mosis,
737 917 108 36 Eliae
809 917 60 36 &
833 917 132 36 Christi
917 917 120 36 mitaculo

240 953 94 36 sum
293 953 108 36 fuit
361 953 67 36 &
388 953 121 36 plane
469 953 270 36 extraordinarium:
698 953 81 36 at
739 953 189 36 Papisticum
887 953 67 36 &
914 953 148 36 commune
1009 953 40 36 &

248 989 158 38 quotannis
370 989 183 38 ordinarium.
516 989 134 38 Quarto,
613 989 122 38 Moses,
698 989 110 38 Elias
771 989 61 38 &
795 989 146 38 Christus
905 989 170 38 jejunarunt

247 1026 187 35 quadraginta
396 1026 100 35 dies
458 1026 62 35 &
483 1026 137 35 noctes,
583 1026 75 35 ut
620 1026 224 35 comprobaretur,
807 1026 174 35 vocationem
932 1026 112 35 illorum

230 1059 93 31 non
283 1059 160 31 humanam,
403 1059 93 31 sed
456 1059 147 31 divinam
563 1059 120 31 esse;
643 1059 67 31 &
669 1059 173 31 doctrinam
803 1059 107 31 quam
869 1059 213 31 annunciabant

242 1089 83 36 non
290 1089 71 36 ab
325 1089 119 36 humano
408 1089 130 36 ingenio
503 1089 190 36 excogitatam,
657 1089 83 36 sed
704 1089 59 36 e
728 1089 107 36 caelo
799 1089 154 36 profectam
918 1089 107 36 esse:
977 1089 71 36 tale

230 1120 102 35 fine
294 1120 154 35 jejunium
409 1120 179 35 Papistarum
550 1120 90 35 non
601 1120 128 35 habet.
691 1120 141 35 Quinto,
793 1120 115 35 Moses
870 1120 64 35 &
895 1120 115 35 Elias
959 1120 90 35 jeju¬-

246 1149 123 44 narunt
332 1149 86 44 per
381 1149 185 44 quadraginta
529 1149 99 44 dies
591 1149 62 44 &
616 1149 123 44 noctes
702 1149 74 44 ut
739 1149 99 44 typi
801 1149 148 44 Christi:
912 1149 62 44 &
937 1149 148 44 Christus
1035 1149 62 44 je¬-

236 1187 144 37 junando
341 1187 197 37 quadraginta
498 1187 105 37 dies
564 1187 66 37 &
590 1187 144 37 totidem
695 1187 144 37 noctes,
800 1187 118 37 typum
879 1187 118 37 Mosis
957 1187 66 37 &
970 1187 79 37 Elia

230 1222 168 45 implevit:
359 1222 77 45 At
398 1222 180 45 Papisticum
539 1222 155 45 jejunium
655 1222 232 45 quadragesimale
849 1222 116 45 cujus
926 1222 90 45 est
965 1222 90 45 typus

241 1252 79 40 vel
275 1252 101 40 veritas

266 1277 97 54 Nos
321 1277 124 54 autem
404 1277 152 54 negamus
515 1277 166 54 jejunium
639 1277 248 54 quadragesimale
832 1277 221 54 anniversarium.

257 1322 107 39 uale
324 1322 134 39 Papani
417 1322 201 39 commendant,
578 1322 107 39 esse
632 1322 174 39 observandum

267 1349 74 42 I.
304 1349 98 42 Quia
365 1349 74 42 in
402 1349 123 42 Sacris
488 1349 135 42 literis
586 1349 135 42 nusquam
684 1349 160 42 fidelibus
807 1349 86 42 est
844 1349 123 42 mandatum

266 1380 90 39 II.
317 1380 103 39 Quia
382 1380 167 39 doctrinae
510 1380 141 39 Christi
612 1380 64 39 &
638 1380 192 39 Apostolorum
792 1380 192 39 adversatur.
933 1380 115 39 Christu

239 1420 90 35 enim
295 1420 101 35 dicit
362 1420 112 35 Matth.
441 1420 79 35 15.
486 1420 67 35 v.
519 1420 79 35 11.
564 1420 79 35 Non
609 1420 90 35 quod
665 1420 157 35 ingreditur
789 1420 67 35 in
822 1420 79 35 os,
867 1420 123 35 polluit
946 1420 112 35 hominem.

240 1452 119 35 Paulus
324 1452 96 35 vero
383 1452 96 35 Rom.
443 1452 84 35 14.
491 1452 72 35 v.
527 1452 84 35 17.
574 1452 84 35 Non
622 1452 84 35 est
670 1452 119 35 regnum
753 1452 84 35 Dei
801 1452 96 35 esca
861 1452 60 35 &
885 1452 107 35 potus
956 1452 96 35 Col.
1004 1452 48 35 2.

238 1490 67 40 2.
271 1490 78 40 16.
316 1490 67 40 Ne
349 1490 89 40 quis
405 1490 78 40 vos
449 1490 111 40 damnet
527 1490 67 40 ob
561 1490 100 40 cibum
628 1490 78 40 vel
672 1490 111 40 potum.
750 1490 67 40 1.
784 1490 78 40 Tim
828 1490 67 40 4.
862 1490 67 40 v.
895 1490 67 40 1,
928 1490 67 40 2,
962 1490 67 40 3.
995 1490 67 40 4,
1017 1490 45 40 5.

240 1518 100 45 Tit.
302 1518 75 45 1.
339 1518 87 45 15.
389 1518 112 45 Omnia
464 1518 112 45 munda
526 1518 112 45 mundis.

277 1544 110 50 III.
346 1544 110 50 Quia
414 1544 82 50 si
456 1544 165 50 Apostoli
579 1544 233 50 quadragesimam
771 1544 110 50 esse
839 1544 206 50 observandam
990 1544 55 50 de

240 1588 181 41 crevissent,
385 1588 85 41 tum
433 1588 109 41 omnes
506 1588 157 41 Ecclesiae
627 1588 181 41 Apostolicae
772 1588 109 41 illam
844 1588 109 41 eodem
917 1588 97 41 ritu
977 1588 60 41 &
990 1588 60 41 mo¬-

238 1621 72 34 do
274 1621 205 34 celebrassent,
443 1621 169 34 praesertim
576 1621 84 34 cum
624 1621 169 34 Pontificii
757 1621 181 34 contendant,
901 1621 157 34 Ecclesias
1010 1621 48 34 in

244 1654 169 44 Apostolicis
379 1654 136 44 statutis
481 1654 147 44 fideliter
594 1654 181 44 perstitisse.
741 1654 68 44 At
775 1654 90 44 vero
831 1654 124 44 maximam
921 1654 113 44 fuisse
989 1654 68 44 pri¬-

251 1693 90 34 mis
303 1693 180 34 temporibus
444 1693 116 34 hujus
521 1693 142 34 jejunii
624 1693 193 34 varietatem,
779 1693 90 34 non
830 1693 103 34 modo
895 1693 77 34 in
920 1693 142 34 temporum,

243 1721 78 39 sed
288 1721 101 39 etiam
355 1721 67 39 in
388 1721 123 39 ciborum
478 1721 123 39 ratione
568 1721 101 39 patet
635 1721 67 39 ex
669 1721 123 39 Eusebii
758 1721 78 39 li.
803 1721 67 39 5.
837 1721 67 39 c.
870 1721 78 39 26.
915 1721 135 39 Socratis
1005 1721 56 39 hi¬-

251 1752 84 49 stor.
307 1752 103 49 Eccles.
382 1752 75 49 lib.
428 1752 56 49 5.
457 1752 56 49 c.
475 1752 47 49 22.

304 1796 135 46 Tantum
399 1796 81 46 de
440 1796 163 46 ieiunio:
562 1796 163 46 sequitur
684 1796 81 46 de
724 1796 163 46 gestibus
846 1796 163 46 externis
955 1796 54 46 in

565 1842 169 50 precatione.

494 1939 249 47 CAPUT
633 1939 166 47 XIX.

365 1989 96 63 In
413 1989 112 63 quo
477 1989 96 63 de
525 1989 192 63 gestibus
670 1989 224 63 precantium
830 1989 112 63 Deum.

317 2042 121 54 ESTUS
397 2042 148 54 EXTERNI
505 2042 81 54 in
545 2042 161 54 precando
666 2042 121 54 sunt,
747 2042 121 54 situs
827 2042 175 54 corporis:
948 2042 121 54 capitis

317 2083 166 39 rnuditas:
445 2083 153 39 expansio
560 2083 140 39 manuum:
662 2083 153 39 oculorum
777 2083 89 39 vel
828 2083 153 39 elevatio
942 2083 77 39 ad
968 2083 102 39 caelum

288 2106 90 62 vel
339 2106 166 62 depressio
467 2106 128 62 versus
557 2106 141 62 terram:
659 2106 128 62 tunsio
749 2106 166 62 pectoris:
877 2106 166 62 Iacrymae:
992 2106 77 62 Vox.

249 2148 118 45 clara,
320 2148 59 45 &c.

285 2181 97 45 Quod
346 2181 73 45 ad
382 2181 109 45 situm
455 2181 146 45 corporis
564 2181 146 45 attinet,
674 2181 134 45 perinde
771 2181 85 45 est
820 2181 134 45 quomodo
917 2181 122 45 corpus
990 2181 73 45 con¬-

244 2217 137 37 stitutum
347 2217 80 37 sit
392 2217 69 37 ad
427 2217 137 37 orandum,
530 2217 126 37 perinde
622 2217 80 37 est
667 2217 92 37 sive
725 2217 137 37 stantes,
828 2217 92 37 sive
885 2217 149 37 sedentes,
988 2217 69 37 sivi

257 2258 104 32 mumi
322 2258 130 32 procum
414 2258 130 32 bentes
505 2258 104 32 sive
570 2258 78 32 in
609 2258 117 32 lecto
688 2258 196 32 decumbentes
844 2258 170 32 precemur,
962 2258 104 32 dummo¬-

246 2284 79 53 do
285 2284 132 53 animus
378 2284 93 53 Deo
431 2284 159 53 praesens
550 2284 146 53 peragat
656 2284 199 53 intentionem
815 2284 119 53 suam.
895 2284 106 53 Vide
948 2284 119 53 August.

256 2324 98 40 tom.
317 2324 61 40 4
342 2324 86 40 pag
378 2324 74 40 465.

251 2341 114 47 Stans
327 2341 152 47 precatus
442 2341 89 47 est
493 2341 89 47 Rex
543 2341 140 47 Salomon
645 2341 76 47 1.
683 2341 102 47 Reg.
747 2341 76 47 8.
785 2341 76 47 v.
823 2341 89 47 22.
874 2341 152 47 Christus
975 2341 89 47 Domi¬-

249 2388 81 37 nus
296 2388 93 37 Joh.
354 2388 81 37 11.
401 2388 81 37 41.
447 2388 163 37 publicanus
575 2388 93 37 Luc.
633 2388 81 37 18.
668 2388 58 37 11.

292 2413 109 45 Iaceis
368 2413 65 45 in
401 2413 98 45 lecto
466 2413 130 45 precatus
564 2413 76 45 est
607 2413 98 45 David
672 2413 65 45 2.
705 2413 87 45 Sam.
759 2413 65 45 7.
792 2413 76 45 18.
835 2413 76 45 Ps.
878 2413 65 45 6.
911 2413 65 45 v.
944 2413 65 45 7.
965 2413 98 45 Ezechis

259 2455 71 35 us
295 2455 71 35 2.
330 2455 95 35 Reg.
389 2455 83 35 20.
436 2455 71 35 2,
472 2455 71 35 3.
507 2455 59 35 &
531 2455 177 35 patalyticus
673 2455 118 35 Matth.
756 2455 71 35 9.
791 2455 71 35 2.
827 2455 59 35 &
850 2455 142 35 jacentes
945 2455 118 35 precantu

250 2483 118 48 morbo
328 2483 78 48 in
368 2483 131 48 lectum
446 2483 144 48 conjecti¬-

291 2517 116 46 Sedens
372 2517 104 46 super
442 2517 116 46 lectum
523 2517 93 46 suum
581 2517 139 46 precatus
685 2517 81 46 est
732 2517 127 46 Isaacus
824 2517 93 46 Gen.
882 2517 81 46 27.
928 2517 69 46 v.
963 2517 81 46 30,
1010 2517 81 46 31.
1044 2517 35 46 &

259 2547 125 49 Jacobus
350 2547 160 49 Patriarcha
475 2547 91 49 Gen.
532 2547 80 49 48.
578 2547 68 49 v.
612 2547 80 49 15,
658 2547 80 49 16,
692 2547 57 49 20.

294 2595 173 44 Ambulantes
430 2595 161 44 precantur
553 2595 136 44 fideles
652 2595 74 44 in
690 2595 186 44 itineribus,
838 2595 74 44 ut
875 2595 111 44 David
949 2595 87 44 cum
986 2595 87 44 fuge¬-

247 2630 76 41 ret
291 2630 174 41 crudelitatem
432 2630 120 41 Saulis,
519 2630 65 41 ut
552 2630 163 41 confessores
682 2630 141 41 veritatis
791 2630 141 41 caelestis
900 2630 87 41 fuga
954 2630 65 41 se
976 2630 87 41 cripi¬-

257 2668 112 38 entes
331 2668 62 38 e
356 2668 198 38 persecutorum
517 2668 136 38 manibus
616 2668 124 38 Vectus
703 2668 112 38 curru
777 2668 149 38 precatus
889 2668 87 38 est
926 2668 149 38 Josaphatus

252 2696 66 43 1.
285 2696 88 43 Reg.
340 2696 66 43 22
373 2696 66 43 v.
406 2696 77 43 32.
450 2696 66 43 2.
484 2696 110 43 Chron.
561 2696 77 43 18.
605 2696 66 43 v.
627 2696 44 43 31

304 2741 118 44 udaei
382 2741 131 44 versus
474 2741 183 44 Occidentem
618 2741 131 44 faciem
710 2741 209 44 convertebant
880 2741 105 44 quum
932 2741 131 44 precaban

254 2774 103 37 tur.
318 2774 77 37 ex
357 2774 141 37 adverso
460 2774 218 37 Jerosolymorum
639 2774 103 37 Dan.
704 2774 77 37 6.
742 2774 77 37 v.
781 2774 90 37 11.
832 2774 167 37 adorantes
948 2774 128 37 Orientem

259 2810 121 38 versus
344 2810 206 38 improbabantur
513 2810 121 38 Ezech.
597 2810 73 38 8.
634 2810 73 38 v.
670 2810 85 38 16.
718 2810 169 38 Christiani
851 2810 109 38 autem
924 2810 133 38 veteres
1009 2810 60 38 vul

261 2843 74 33 tu
298 2843 74 33 ad
335 2843 148 33 Orientem
446 2843 148 33 converso
557 2843 198 33 precabantur.
718 2843 87 33 Sed
768 2843 136 33 perinde
867 2843 87 33 est
916 2843 124 33 versus
990 2843 87 33 quam¬-

270 2875 125 41 cunque
357 2875 125 41 plagam
444 2875 112 41 caeli
519 2875 125 41 vultum
606 2875 174 41 convertant
743 2875 149 41 fideles,
855 2875 87 41 dum
905 2875 100 41 modo
967 2875 87 41 cum
1004 2875 75 41 vera

258 2907 100 41 fide
320 2907 75 41 ad
357 2907 137 41 thronum
457 2907 137 41 gratiae
557 2907 162 41 accedant.
682 2907 150 41 Videatur
794 2907 200 41 Commentarius
956 2907 125 41 noster
1031 2907 50 41 in

260 2940 113 47 caput
336 2940 138 47 octavum
424 2940 163 47 Ezechielis,

300 2974 156 51 Procidere
420 2974 72 51 in
456 2974 120 51 faciem
540 2974 84 51 seu
588 2974 96 51 humi
648 2974 72 51 in
684 2974 108 51 genua
757 2974 180 51 procumbere,
901 2974 96 51 quum
961 2974 108 51 fieri
1021 2974 60 51 po¬-

270 3018 109 33 test,
343 3018 85 33 non
391 3018 121 33 tantum
476 3018 121 33 decet,
561 3018 73 33 ut
597 3018 182 33 humilitatem
743 3018 133 33 nostram
840 3018 61 33 &
864 3018 194 33 observantiam
1009 3018 61 33 ex¬-

271 3052 72 39 ga
307 3052 96 39 Deum
367 3052 107 39 tanto
438 3052 107 39 magis
510 3052 155 39 testemur:
629 3052 84 39 sed
677 3052 107 39 etiam
749 3052 143 39 expedit,
856 3052 72 39 ut
892 3052 72 39 ad
928 3052 167 39 humilitate

268 3085 123 34 coram
350 3085 95 34 Deo
405 3085 68 34 &
432 3085 150 34 majorem
541 3085 218 34 venerationem
718 3085 123 34 tanto
800 3085 123 34 magis
882 3085 95 34 nos
923 3085 150 34 excitemus

273 3112 109 39 Elias
345 3112 145 39 Propheta
454 3112 169 39 precaturus
587 3112 121 39 pronum
671 3112 72 39 se
707 3112 133 39 abjecit
804 3112 72 39 in
840 3112 121 39 terram
924 3112 60 39 &
948 3112 121 39 posuit
1021 3112 60 39 fa¬-

270 3149 92 41 ciem
328 3149 92 41 suam
386 3149 104 41 inter
455 3149 104 41 genua
525 3149 81 41 sua
571 3149 69 41 1.
605 3149 92 41 Reg.
663 3149 81 41 18.
709 3149 81 41 42.
756 3149 139 41 Christus
860 3149 92 41 ipse
917 3149 104 41 Matt.
987 3149 81 41 26.
1021 3149 58 41 39.

273 3177 138 49 fideles
374 3177 175 49 communiter
511 3177 88 49 Pl.
562 3177 88 49 95.
612 3177 75 49 6.
649 3177 125 49 Venite
737 3177 175 49 incurvemus
875 3177 88 49 nos
925 3177 63 49 &
937 3177 138 49 procumba¬-

266 3214 93 44 mus:
324 3214 151 44 flectamus
440 3214 104 44 genua
510 3214 104 44 coram
580 3214 116 44 Iehova
661 3214 81 44 qui
707 3214 104 44 fecit
765 3214 70 44 nos.

1063 187 137 48 Fideles
1162 187 162 48 plerunque
1287 187 162 48 precantur
1412 187 100 48 Deum
1475 187 125 48 capite
1562 187 112 48 nudo,
1637 187 100 48 quia
1699 187 87 48 non
1737 187 162 48 erubescunt;

1063 221 72 45 ut
1099 221 192 45 Tertullianus
1255 221 72 45 in
1291 221 180 45 Apologetico
1436 221 72 45 c.
1472 221 84 45 30.
1508 221 60 45 ait

1110 246 113 54 Manus
1186 246 100 54 suas
1248 246 150 54 expandit
1361 246 125 54 versus
1448 246 125 54 caelum
1536 246 138 54 Salomon
1636 246 100 54 ante
1698 246 125 54 altare
1773 246 113 54 Jehova.

1080 291 117 34 prans,
1162 291 58 34 1
1185 291 93 34 Reg.
1244 291 70 34 8.
1279 291 82 34 22.
1326 291 105 34 David
1396 291 117 34 Psalm.
1477 291 82 34 28.
1524 291 70 34 2.
1559 291 93 34 ait:
1618 291 93 34 Audi
1676 291 93 34 voce
1723 291 175 34 deprecationum

1079 321 145 36 mearum,
1184 321 92 36 dum
1237 321 172 36 vociferor
1369 321 79 36 ad
1409 321 92 36 te;
1462 321 92 36 dum
1514 321 145 36 attollo
1620 321 119 36 manus
1699 321 106 36 meas
1765 321 79 36 ad
1791 321 106 36 adytum

1088 352 154 44 sanctitatis
1211 352 93 44 tuae.
1273 352 62 44 Et
1304 352 72 44 Ps.
1345 352 82 44 141.
1397 352 62 44 2.
1427 352 82 44 ait:
1479 352 134 44 Statuatur
1582 352 103 44 oratio
1654 352 82 44 mea,
1705 352 62 44 ut
1736 352 124 44 suffitus
1819 352 82 44 coram¬-

1083 386 83 38 te;
1131 386 118 38 elatio
1213 386 118 38 manuum
1296 386 130 38 mearum,
1391 386 71 38 ut
1426 386 107 38 munus
1497 386 189 38 vespertinum.
1651 386 71 38 Et
1687 386 83 38 Ps.
1734 386 95 38 143.
1793 386 71 38 6.
1817 386 71 38 Pan¬-

1085 422 72 36 do
1121 422 108 36 manus
1193 422 96 36 meas
1252 422 72 36 ad
1288 422 84 36 te.
1336 422 72 36 Et
1372 422 120 36 Paulus
1456 422 155 36 Apostolus
1575 422 84 36 ait
1623 422 72 36 I.
1659 422 132 36 Timoth.
1755 422 72 36 2.
1790 422 108 36 vers.
1850 422 48 36 8.

1087 456 86 50 Volo
1141 456 97 50 viros
1206 456 97 50 orare
1271 456 65 50 in
1303 456 108 50 quovis
1379 456 97 50 loco,
1444 456 97 50 puras
1508 456 97 50 manus
1573 456 162 50 attollentes
1703 456 108 50 absque
1778 456 76 50 ira
1821 456 54 50 &
1832 456 65 50 dis¬

1064 485 161 45 ceptatione.

1108 510 116 53 Oculos
1190 510 70 53 in
1224 510 116 53 caelum
1306 510 139 53 elevavit
1410 510 139 53 Christus
1514 510 162 53 precaturus
1642 510 116 53 Matth.
1723 510 81 53 14.
1769 510 70 53 v,
1804 510 81 53 19.
1839 510 58 53 Jo¬-

1082 553 91 41 han.
1138 553 80 41 11.
1184 553 80 41 41.
1229 553 57 41 &
1252 553 91 41 cap.
1309 553 80 41 17.
1354 553 68 41 1.
1388 553 114 41 Contra
1468 553 159 41 publicanus
1593 553 170 41 resipiscens
1729 553 125 41 nolebat
1820 553 80 41 vel
1854 553 34 41 o

1080 588 102 41 culos
1148 588 68 41 in
1182 588 114 41 caelum
1261 588 148 41 attollere
1375 588 91 41 Luc.
1432 588 79 41 18.
1477 588 79 41 13.
1522 588 125 41 Uterque
1613 588 114 41 recte:
1693 588 136 41 Christus
1795 588 68 41 ex
1818 588 79 41 certa

1081 621 108 42 animi
1153 621 144 42 fiducia:
1261 621 168 42 publicanus
1393 621 72 42 ex
1429 621 108 42 serio
1502 621 120 42 suorum
1586 621 168 42 peccatorum
1706 621 96 42 sensu.

1117 652 121 41 Tunsio
1202 652 145 41 pectoris
1311 652 73 41 ex
1347 652 157 41 vehementi
1468 652 121 41 cordis
1553 652 121 41 dolore
1638 652 61 41 &
1662 652 133 41 affectu
1759 652 170 41 adhibetur,

1086 686 102 38 sicut
1154 686 159 38 publicanus
1279 686 170 38 resipiscens
1415 686 91 38 Luc.
1472 686 80 38 18.
1517 686 80 38 13.
1563 686 136 38 caedebat
1665 686 114 38 pectus
1744 686 102 38 suum,
1801 686 91 38 dicens

1084 722 105 40 Deus,
1154 722 151 40 propitius
1270 722 93 40 esto
1328 722 93 40 mihi
1387 722 163 40 peccatori.
1514 722 81 40 Sic
1561 722 128 40 Christo
1654 722 70 40 in
1689 722 105 40 cruce
1759 722 116 40 mortuo
1828 722 70 40 omni

1080 755 101 38 turba
1147 755 90 38 quae
1204 755 101 38 simul
1271 755 68 38 ad
1305 755 79 38 hoc
1350 755 169 38 spectaculum
1485 755 169 38 accesserat,
1620 755 135 38 spectans
1721 755 90 38 quae
1777 755 101 38 facta
1834 755 68 38 fue¬-

1089 788 102 38 rant,
1157 788 125 38 caedens
1247 788 125 38 pectora
1338 788 79 38 sua
1383 788 193 38 revertebatur,
1542 788 79 38 Luc
1587 788 79 38 23.
1632 788 68 38 v.
1666 788 79 38 48.
1711 788 79 38 nam
1757 788 125 38 pectora
1836 788 68 38 tun¬-

1087 821 121 47 dendo,
1171 821 133 47 piaculi
1268 821 121 47 reatum
1352 821 157 47 deprecati
1473 821 109 47 sunt,
1545 821 96 47 quod
1606 821 157 47 sentirent
1726 821 145 47 piaculum
1823 821 84 47 inju¬-

1086 855 83 36 sta
1133 855 59 36 &
1157 855 130 36 nefanda
1251 855 106 36 caede
1322 855 165 36 contractum
1440 855 83 36 esse.

1111 885 206 38 LACRTMAEcum
1276 885 165 38 precibus
1400 885 138 38 piorum
1496 885 193 38 conjunctae
1648 885 110 38 sunt
1716 885 179 38 interdum,
1854 885 83 38 ut

1089 923 160 35 ostendunt
1212 923 148 35 exempla,
1322 923 135 35 Channae
1421 923 123 35 matris
1507 923 148 35 Samuelis
1618 923 74 35 1.
1655 923 98 35 Sam.
1716 923 74 35 1.
1753 923 74 35 v.
1790 923 86 35 10.
1827 923 86 35 Davi¬-

1101 953 62 44 lis
1136 953 62 44 Ps.
1172 953 53 44 6.
1198 953 53 44 v.
1216 953 35 44 9.

1118 988 153 39 Lacrymae
1233 988 115 39 illae
1310 988 128 39 piorum
1399 988 166 39 profluunt
1527 988 89 39 vel
1578 988 64 39 a
1604 988 192 39 cogitatione
1745 988 153 39 peccatorum

1096 1022 96 44 quum
1156 1022 132 44 dolemus
1253 1022 96 44 quod
1313 1022 96 44 Deum
1373 1022 108 44 illis
1445 1022 169 44 offedimus,
1578 1022 72 44 ut
1614 1022 108 44 David
1686 1022 84 44 Ps.
1734 1022 72 44 6.
1770 1022 72 44 v.
1807 1022 72 44 7.
1831 1022 84 44 Ezra¬-

1101 1055 61 38 v.
1131 1055 71 38 10.
1172 1055 61 38 1.
1202 1055 71 38 vel
1243 1055 51 38 a
1263 1055 132 38 gravitate
1364 1055 162 38 afflictionum
1496 1055 71 38 Ps.
1536 1055 71 38 77.
1567 1055 40 38 3:

1120 1081 99 42 VOX
1176 1081 141 42 CLARA,
1275 1081 99 42 est
1332 1081 141 42 quidem
1431 1081 198 42 adjumentum
1587 1081 85 42 ad
1629 1081 212 42 attentionem
1799 1081 85 42 in
1827 1081 85 42 pre¬-

1098 1120 110 36 cando
1171 1120 61 36 &
1195 1120 183 36 vehementiam
1341 1120 85 36 Ps.
1390 1120 73 36 5.
1426 1120 73 36 2,
1463 1120 73 36 3.
1499 1120 61 36 &
1524 1120 85 36 77.
1572 1120 73 36 2.
1609 1120 122 36 clamor
1694 1120 97 36 enim
1755 1120 134 36 ardorem
1840 1120 61 36 ve¬-

1095 1156 166 35 hemensque
1223 1156 141 35 studium
1325 1156 77 35 in
1364 1156 153 35 precando
1479 1156 128 35 innuit
1568 1156 64 35 &
1594 1156 166 35 accendit:
1721 1156 89 35 non
1772 1156 115 35 tamen
1836 1156 77 35 sem¬-

1109 1190 85 45 per
1157 1190 85 45 est
1206 1190 182 45 necessaria:
1352 1190 85 45 non
1400 1190 97 45 enim
1461 1190 85 45 tam
1509 1190 85 45 vox
1558 1190 134 45 externa
1655 1190 109 45 oris,
1728 1190 97 45 quam
1789 1190 134 45 gemitus
1874 1190 36 45 &

1101 1222 123 42 clamor
1187 1222 123 42 cordis
1272 1222 184 42 requititur;
1419 1222 110 42 sicut
1493 1222 98 42 Deus
1554 1222 98 42 Mosi
1616 1222 110 42 dixit
1689 1222 110 42 Exod.
1763 1222 86 42 14.
1812 1222 86 42 15.
1848 1222 74 42 Quid

1091 1254 129 44 clamas
1181 1254 77 44 ad
1220 1254 90 44 me?
1272 1254 90 44 Non
1323 1254 116 44 tamen
1400 1254 116 44 Moses
1478 1254 90 44 ore
1529 1254 155 44 corporis
1645 1254 90 44 tum
1697 1254 180 44 inclamabat
1826 1254 90 44 Deum,

1104 1288 81 42 sed
1151 1288 69 42 in
1185 1288 139 42 silentio
1289 1288 104 42 vocis
1359 1288 104 42 coram
1428 1288 81 42 Deo
1463 1288 92 42 corde¬-

1125 1312 149 50 Inprimis
1237 1312 87 50 vox
1286 1312 112 50 clara
1361 1312 162 50 adhibetur
1485 1312 75 50 si
1523 1312 112 50 cantu
1597 1312 162 50 precemur,
1722 1312 75 50 ut
1759 1312 87 50 fit
1797 1312 124 50 plurimum

1118 1361 56 41 a
1140 1361 134 41 publicis
1241 1361 167 41 conventibus
1363 1361 190 41 Ecclesiasticis:

1128 1388 69 39 De
1163 1388 104 39 aliis
1232 1388 139 39 gestibus
1336 1388 196 39 idololatricis
1498 1388 58 39 &
1521 1388 219 39 superstitiosis,
1706 1388 69 39 ut
1741 1388 92 39 quod
1787 1388 127 39 Baalitici

1103 1421 152 37 sacerdotes
1223 1421 152 37 incidebant
1343 1421 87 37 sese
1397 1421 76 37 pro
1441 1421 120 37 ratione
1528 1421 120 37 irsorum
1615 1421 120 37 gladiis
1702 1421 54 37 &
1724 1421 76 37 spi
1768 1421 109 37 culis,
1844 1421 98 37 usque

1092 1455 90 43 adeo
1148 1455 68 43 ut
1182 1455 181 43 perfunderent
1329 1455 68 43 se
1363 1455 147 43 sanguine,
1476 1455 68 43 ut
1510 1455 124 43 legitur
1600 1455 68 43 1.
1634 1455 90 43 Reg.
1690 1455 79 43 18.
1735 1455 68 43 v.
1769 1455 79 43 28.
1814 1455 102 43 idque
1871 1455 45 43 ex

1080 1485 62 45 E
1104 1485 99 45 more
1166 1485 148 45 Gentium;
1277 1485 86 45 suo
1327 1485 99 45 loco
1376 1485 111 45 dicetur

1148 1532 134 46 Dictum
1241 1532 94 46 est
1295 1532 80 46 de
1335 1532 174 46 adiunctis
1469 1532 201 46 adminiculis
1630 1532 188 46 religiosae
1764 1532 107 46 preca¬-

1299 1572 137 57 tionis:
1398 1572 150 57 sequitur
1511 1572 75 57 de
1536 1572 187 57 dissentaneis.

1368 1676 243 45 CAPUT
1530 1676 189 45 XX.

1238 1717 94 71 In
1285 1717 110 71 quo
1348 1717 94 71 de
1396 1717 205 71 omissione
1553 1717 157 71 precum
1663 1717 94 71 ad
1695 1717 110 71 Deum.

1158 1771 190 50 RECATIONI
1305 1771 88 50 ad
1349 1771 117 50 Deum
1422 1771 190 50 opponitur
1568 1771 102 50 tum
1626 1771 161 50 omissio
1743 1771 161 50 precum,
1846 1771 73 50 tum

1154 1817 145 43 precatio
1250 1817 97 43 prava.

1194 1839 139 53 Omissio
1295 1839 126 53 precum
1384 1839 76 53 ad
1422 1839 114 53 Deum,
1498 1839 88 53 est
1548 1839 152 53 peccatum
1662 1839 88 53 eum
1712 1839 101 53 quis
1775 1839 152 53 negligit
1876 1839 51 53 in

1100 1884 189 40 vocationem
1248 1884 108 40 Dei,
1315 1884 148 40 perinde
1423 1884 81 40 ac
1464 1884 81 40 si
1504 1884 148 40 auxilio
1612 1884 67 40 &
1639 1884 216 40 benedictione
1814 1884 94 40 Dei
1855 1884 67 40 non

1109 1922 113 43 egeret.

1130 1939 177 53 Omittendas
1269 1939 114 53 autem
1345 1939 126 53 preces
1433 1939 76 53 ad
1471 1939 101 53 Deum
1534 1939 88 53 tum
1584 1939 126 53 ἀθενν,
1673 1939 88 53 tum
1723 1939 164 53 haeretici
1849 1939 101 53 qui¬

1116 1981 86 45 dam
1165 1981 208 45 contenderunt.
1336 1981 122 45 ἀθeoc,
1421 1981 98 45 quia
1482 1981 122 45 nullam
1568 1981 98 45 suae
1629 1981 171 45 sententiae
1763 1981 110 45 ratic
1836 1981 86 45 tem
1873 1981 49 45 ex

1110 2017 113 40 verbo
1186 2017 100 40 Dei,
1248 2017 88 40 sed
1299 2017 88 40 nec
1349 2017 176 40 probabilem
1487 2017 138 40 aliunde
1587 2017 163 40 afferunt,
1712 2017 63 40 a
1737 2017 113 40 nobis
1800 2017 113 40 contem¬-

1107 2048 144 43 nantur.
1211 2048 170 43 Haeretici
1342 2048 104 43 vero
1407 2048 91 43 qui
1459 2048 104 43 Deum
1525 2048 170 43 adorandum
1655 2048 170 43 negarunt,
1786 2048 104 43 sunt
1838 2048 78 43 Ada¬-

1111 2081 112 44 mitae
1185 2081 62 44 &
1210 2081 187 44 Prodiciani:
1359 2081 112 44 teste
1434 2081 149 44 Clemente
1546 2081 187 44 Alexandrino
1695 2081 100 44 lib.
1757 2081 75 44 7.
1782 2081 137 44 Stromatum

1114 2113 110 45 Atque
1187 2113 73 45 hi
1224 2113 98 45 suam
1285 2113 171 45 sententiam
1420 2113 184 45 sequentibus
1567 2113 184 45 argumentis,
1714 2113 98 45 quae
1763 2113 171 45 Syllogistice

1118 2150 189 45 proponemus,
1270 2150 177 45 concludere
1409 2150 101 45 sunt
1459 2150 114 45 conati¬

1447 2183 84 33 I.

1143 2202 72 54 Si
1179 2202 95 54 Deus
1238 2202 83 54 per
1286 2202 72 54 se
1322 2202 107 54 scit,
1393 2202 119 54 quibus
1477 2202 143 54 egeamus;
1584 2202 155 54 neutiquam
1703 2202 83 54 est
1751 2202 179 54 invocandus;
1882 2202 48 54 At

1112 2245 92 45 Deus
1170 2245 81 45 per
1216 2245 69 45 se
1251 2245 104 45 scit,
1320 2245 115 45 quibus
1401 2245 150 45 egeamus;.
1516 2245 92 45 Ergo
1574 2245 150 45 neutiquam
1689 2245 81 45 est
1724 2245 150 45 invocandus.

1146 2282 139 40 Assumtio
1251 2282 139 40 probatur
1355 2282 69 40 ab
1390 2282 104 40 ipsis
1459 2282 81 40 his
1505 2282 162 40 Scripturae
1633 2282 185 40 testimoniis.
1783 2282 93 40 Heb.
1841 2282 69 40 4.
1864 2282 58 40 13.

1110 2313 106 41 Omnia
1181 2313 94 41 sunt
1240 2313 94 41 nuda
1299 2313 59 41 &
1323 2313 142 41 patentia
1429 2313 118 41 oculus
1512 2313 130 41 ipsius.
1606 2313 83 41 Ps.
1653 2313 94 41 121.
1712 2313 71 41 v.
1748 2313 71 41 4.
1783 2313 83 41 Non
1819 2313 94 41 dormit

1112 2351 100 37 neque
1178 2351 144 37 dormitat,
1289 2351 78 37 qui
1334 2351 133 37 custodit
1434 2351 144 37 Israelem.
1545 2351 111 37 Matth.
1622 2351 67 37 6.
1656 2351 67 37 v.
1689 2351 78 37 23.
1733 2351 100 37 Novit
1800 2351 100 37 Pater
1855 2351 67 37 ille

1119 2381 102 42 vester
1190 2381 142 42 caelestis,
1302 2381 71 42 vos
1342 2381 122 42 indigere
1434 2381 71 42 his
1464 2381 102 42 omnibus.

1141 2413 120 43 RESP.
1221 2413 80 43 I.
1261 2413 187 43 Propositio
1408 2413 93 43 est
1461 2413 133 43 falsa,
1554 2413 93 43 dum
1608 2413 173 43 finguntur
1741 2413 160 43 pugnare,
1848 2413 80 43 quae

1107 2444 94 52 non
1160 2444 161 52 pugnant:
1281 2444 148 52 nimirum
1388 2444 94 52 per
1442 2444 81 52 se
1482 2444 121 52 scire
1563 2444 134 52 quibus
1657 2444 121 52 rebus
1737 2444 148 52 egeamus
1845 2444 67 52 &
1858 2444 67 52 in¬-

1093 2477 57 45 d
1115 2477 102 45 vocar

1149 2501 77 55 2.
1188 2501 192 55 Assumtionem
1341 2501 205 55 libentissime
1508 2501 128 55 damus,
1598 2501 90 55 imo
1649 2501 90 55 pro
1700 2501 115 55 nobis
1777 2501 90 55 eam
1816 2501 115 55 faceret

1116 2542 174 44 asserimus:
1253 2542 87 44 Nam
1302 2542 75 44 si
1340 2542 100 44 Deus
1402 2542 87 44 per
1452 2542 75 44 se
1489 2542 112 44 scit,
1564 2542 125 44 quibus
1651 2542 149 44 egeamus,
1763 2542 112 44 tanto
1825 2542 100 44 majore

1116 2573 162 45 desiderio
1240 2573 75 45 ad
1277 2573 112 45 ipsum
1352 2573 199 45 confugiamus,
1514 2573 112 45 certi
1589 2573 137 45 daturum
1688 2573 100 45 quae
1751 2573 149 45 petimus,
1850 2573 75 45 quia

1115 2613 100 40 scit
1178 2613 88 40 nos
1228 2613 125 40 omnium
1316 2613 138 40 egentes
1417 2613 113 40 esse.
1492 2613 151 40 Probatio
1605 2613 188 40 assumtionis
1755 2613 138 40 laborat
1843 2613 88 40 ωουρ¬-

1122 2645 99 43 γiᾳ,
1183 2645 99 43 quia
1245 2645 99 43 Soli
1306 2645 111 43 faces
1380 2645 148 43 admovet,
1491 2645 135 43 firmans
1590 2645 99 43 quod
1651 2645 99 43 nemo
1713 2645 123 43 negat:
1799 2645 74 43 ac
1824 2645 99 43 nostro

1118 2674 113 54 potius
1197 2674 147 54 instituto
1310 2674 102 54 dicta
1378 2674 159 54 Scripturae
1503 2674 113 54 citata
1582 2674 147 54 serviunt:
1695 2674 79 54 nam
1741 2674 147 54 cogitatio
1843 2674 79 54 omni¬-

1120 2717 163 46 scientiae
1246 2717 88 46 DEI
1296 2717 75 46 ad
1334 2717 175 46 invocandum
1471 2717 100 46 Deum
1534 2717 163 46 impellit.

1451 2745 102 42 II.

1146 2765 70 55 Si
1181 2765 93 55 Deus
1239 2765 104 55 citra
1309 2765 128 55 nostras
1402 2765 116 55 preces
1483 2765 104 55 omnia
1552 2765 151 55 largitur,
1668 2765 81 55 non
1715 2765 81 55 est
1761 2765 174 55 invocandus:
1889 2765 46 55 At

1119 2806 92 55 Deus
1176 2806 103 55 citra
1245 2806 126 55 nostras
1336 2806 115 55 preces
1416 2806 103 55 omnia
1485 2806 149 55 largitur:
1600 2806 80 55 Non
1646 2806 80 55 est
1691 2806 115 55 igitur
1760 2806 149 55 invocandus.

1146 2839 145 48 Assumtio
1255 2839 145 48 probatur
1364 2839 85 48 his
1412 2839 133 48 dictis,
1509 2839 97 48 Jes.
1570 2839 85 48 65.
1618 2839 73 48 v.
1655 2839 85 48 24.
1703 2839 97 48 Ante
1764 2839 97 48 quam
1812 2839 109 48 clament

1128 2869 79 61 rgo
1173 2869 148 61 exaudiam.
1287 2869 102 61 Psal.
1355 2869 79 61 21.
1400 2869 68 61 v.
1434 2869 68 61 4.
1468 2869 125 61 Quoniam
1559 2869 170 61 praevenisti
1695 2869 79 61 eum
1729 2869 193 61 benedictionibus

1123 2907 99 54 boni.
1189 2907 110 54 Matth.
1266 2907 55 54 6
1288 2907 66 54 v.
1321 2907 66 54 8.
1353 2907 99 54 Novit
1419 2907 99 54 Pater
1485 2907 88 54 ille
1540 2907 110 54 vester
1617 2907 110 54 quibus
1694 2907 77 54 sit
1737 2907 99 54 vobis
1803 2907 99 54 opus,
1858 2907 77 54 ante¬-

1118 2947 93 56 quam
1177 2947 82 56 vos
1223 2947 129 56 petatis
1317 2947 70 56 ab
1340 2947 47 56 eo

1150 2961 112 65 RESP.
1224 2961 112 65 Primo
1299 2961 174 65 propositio
1435 2961 137 65 laborat
1535 2961 112 65 vitio
1609 2961 99 65 παργ
1671 2961 186 65 τόἐπόμινον:
1820 2961 87 65 non
1857 2961 75 65 enim

1121 3017 161 42 consequens
1247 3017 103 42 istud
1316 3017 69 42 ex
1350 3017 92 42 illo
1407 3017 172 42 antecedente
1545 3017 138 42 sequitur

1157 3029 76 63 2.
1195 3029 190 63 Assumtionem
1348 3029 190 63 concedimus:
1500 3029 63 63 &
1525 3029 76 63 ex
1564 3029 76 63 ea
1602 3029 127 63 causae
1690 3029 140 63 nostrae
1779 3029 140 63 firmamen¬-

1124 3069 89 47 tum
1175 3069 153 47 petimus.
1290 3069 89 47 Nam
1340 3069 102 47 quia
1404 3069 102 47 Deus
1468 3069 114 47 citra
1544 3069 140 47 nostras
1646 3069 127 47 preces
1735 3069 114 47 omnia
1798 3069 140 47 largitur:

1126 3110 100 48 Ergo
1188 3110 112 48 multo
1262 3110 112 48 magis
1337 3110 75 48 ea
1375 3110 162 48 largietur
1499 3110 162 48 invocatus
1624 3110 62 48 &
1636 3110 112 48 rogatus

1145 3124 74 64 3.
1182 3124 148 64 Probatio
1292 3124 185 64 assumtionis
1440 3124 86 64 est
1489 3124 160 64 ωοιιργος:
1612 3124 86 64 nam
1662 3124 148 64 assumtio
1772 3124 86 64 est
1809 3124 111 64 manife¬-

1125 3168 98 51 sta,
1186 3168 135 51 quorsum
1284 3168 122 51 igitut
1369 3168 159 51 probatur?
1492 3168 86 51 Sed
1541 3168 110 51 major
1614 3168 171 51 propositio
1749 3168 122 51 fuerat
1822 3168 110 51 proban¬-

1127 3206 74 51 da,
1169 3206 84 51 quae
1221 3206 74 51 est
1263 3206 105 51 falsa:
1337 3206 63 51 ac
1368 3206 116 51 proinde
1452 3206 95 51 falsa
1515 3206 95 51 etiam
1578 3206 147 51 conclusio¬
