2063 3436
389 236 255 40 CAPUT
530 236 170 40 XXI.

305 276 85 56 In
347 276 99 56 quo
404 276 85 56 de
446 276 198 56 precatione
587 276 212 56 idololatrica.

174 337 152 55 PRECATIO
288 337 127 55 prava,
377 337 89 55 est
427 337 101 55 quae
491 337 190 55 destituitur
643 337 215 55 conditionibus
820 337 101 55 sive
870 337 89 55 omni¬-

149 372 90 56 bus
200 372 102 56 sive
264 372 166 56 aliquibus
392 372 102 56 quae
456 372 192 56 requiruntur
610 372 77 56 ad
648 372 192 56 precationem
802 372 90 56 Deo
840 372 115 56 gratam.

232 409 121 34 Estque
316 409 84 34 vel
365 409 145 34 precatio
473 409 193 34 idololatrica
630 409 84 34 vel
678 409 145 34 precatio
787 409 72 34 ad
823 409 109 34 verum
884 409 72 34 Deum

139 440 85 37 inanis.

181 461 131 46 Precatio
279 461 186 46 idololatrica,
432 461 77 46 est
476 461 87 46 quae
531 461 66 46 ad
564 461 87 46 deos
618 461 131 46 gentium,
717 461 77 46 vel
760 461 120 46 angelos
848 461 55 46 &
859 461 98 46 sanctos

145 504 156 45 demortuos
265 504 132 45 aliasve
361 504 84 45 res
410 504 132 45 creatas
506 504 84 45 aut
554 504 108 45 etiam
626 504 132 45 fictas,
722 504 84 45 vel
770 504 72 45 ad
807 504 144 45 daemones
903 504 84 45 etiam

152 541 167 44 ditigitur.
283 541 119 44 Qualis
367 541 84 44 est
415 541 179 44 Ethnicorum,
558 541 179 44 Papistarum,
690 541 179 44 incantatorum.

190 572 128 38 Exempla
284 572 163 38 Ethnicarum
412 572 186 38 precationum:
563 572 70 38 1.
598 572 93 38 Reg.
656 572 82 38 18.
703 572 105 38 vers.
773 572 82 38 26,
819 572 82 38 27,
866 572 82 38 28,
901 572 58 38 29.

159 604 155 36 Prophetae
278 604 119 36 Baalis
362 604 96 36 quum
422 604 179 36 invocassent
565 604 107 36 nomen
637 604 119 36 Baalis
720 604 60 36 a
744 604 96 36 mane
804 604 107 36 usque
875 604 72 36 ad
899 604 60 36 me¬-

148 642 101 33 ridie
215 642 134 33 dicendo,
315 642 56 33 o
338 642 89 33 Baal
394 642 112 33 exaudi
472 642 89 33 nos,
528 642 56 33 &
550 642 101 33 nulla
617 642 101 33 esset
684 642 78 33 vox
729 642 112 33 nullus
807 642 56 33 &
818 642 134 33 exaudiens:

157 671 173 34 insultarunt
296 671 69 34 in
330 671 115 34 altare
411 671 92 34 quod
469 671 127 34 fecerat
561 671 115 34 Elija.
641 671 92 34 Fuit
699 671 92 34 enim
757 671 92 34 ipso
814 671 138 34 meridie,
918 671 69 34 ut

153 704 168 36 ludificans
285 704 84 36 eos
333 704 108 36 Elija
406 704 144 36 diceret,
514 704 132 36 clamate
610 704 96 36 voce
670 704 108 36 magna
742 704 192 36 quandoquidem
887 704 72 36 Deus

156 736 86 34 est,
210 736 75 34 nam
253 736 161 34 colloquium,
381 736 75 34 aut
424 736 75 34 nam
467 736 150 34 insectatio
585 736 75 34 est
628 736 75 34 ei,
670 736 75 34 aut
713 736 75 34 nam
756 736 86 34 iter
810 736 75 34 est
853 736 75 34 ei:
885 736 64 34 for¬-

148 769 115 41 tassis
229 769 115 41 dormit
310 769 69 41 ut
344 769 150 41 evigilet.
460 769 81 41 Qui
506 769 150 41 clamabant
621 769 92 41 voce
678 769 104 41 magna
748 769 58 41 &
771 769 161 41 incidebant
886 769 69 41 sese

156 805 81 31 pro
203 805 127 31 ratione
295 805 127 31 ipsorum
387 805 127 31 gladiis
479 805 58 31 &
502 805 150 31 spiculis,
617 805 104 31 usque
686 805 92 31 adeo
743 805 69 31 ut
778 805 184 31 perfunderent
916 805 46 31 se

160 839 148 32 sanguine.
273 839 91 32 Fuit
330 839 91 32 vero
387 839 91 32 quum
443 839 193 32 praeteriisset
602 839 148 32 meridies,
716 839 68 32 ut
750 839 148 32 prophetas
852 839 102 32 agerent

156 869 139 45 usquedum
261 869 139 45 offertur
365 869 116 45 munus,
446 869 81 45 sed
492 869 104 45 nulla
562 869 93 45 erat
620 869 93 45 vox,
678 869 58 45 &
701 869 116 45 nullus
782 869 162 45 exaudiens,
898 869 69 45 nul¬-

158 904 88 43 daque
207 904 107 43 attentio.

197 924 115 54 Daniel.
280 924 63 54 3.
311 924 136 54 versicul.
415 924 63 54 2,
447 924 63 54 3,
478 924 63 54 4,
509 924 63 54 5,
541 924 63 54 6,
572 924 63 54 7.
603 924 83 54 Tunc
655 924 146 54 congregati
770 924 136 54 satrapae,
864 924 104 54 antisti¬-

159 972 81 36 tes,
210 972 51 36 &
230 972 101 36 duces,
301 972 142 36 senatores,
412 972 132 36 thesauris
513 972 142 36 praefecti,
625 972 162 36 legisperiti,
756 972 142 36 exactores,
858 972 101 36 omnesque

164 1003 192 34 dominotores
318 1003 205 34 provinciarum
484 1003 77 34 ad
523 1003 205 34 dedicationem
689 1003 166 34 imaginis,
817 1003 102 34 quam
869 1003 102 34 erexe¬-

155 1035 90 44 rat
206 1035 218 44 Nebucadnetzar
386 1035 103 44 Rex;
450 1035 141 44 stabant
553 1035 115 44 coram
630 1035 141 44 imagine
732 1035 103 44 quam
796 1035 154 44 erexerat
899 1035 64 44 Ne¬-

163 1067 182 47 bucadnetzar:
311 1067 68 47 Et
345 1067 114 47 praeco
425 1067 171 47 proclamavit
562 1067 137 47 strenue;
664 1067 103 47 vobis
733 1067 148 47 edicitur,
847 1067 57 47 o
858 1067 103 47 populi,

159 1090 142 46 nationes
266 1090 59 46 &
289 1090 142 46 linguae:
396 1090 83 46 Quo
443 1090 130 46 tempore
538 1090 142 46 audietis
644 1090 106 46 sonum
715 1090 118 46 cornu,
798 1090 154 46 fistulae,
916 1090 83 46 ci¬

162 1135 128 44 tharae,
255 1135 151 44 sambucae,
372 1135 198 44 psalteriorum,
535 1135 175 44 symphoniae,
674 1135 58 44 &
698 1135 116 44 omnium
779 1135 128 44 generum
861 1135 116 44 musices;

174 1165 195 46 prociditote,
332 1165 61 46 &
356 1165 134 46 adorate
454 1165 146 46 imaginem
563 1165 122 46 auream
649 1165 97 46 quam
709 1165 122 46 erexit
782 1165 183 46 Nebucadnetzar

161 1206 102 36 Rex:
225 1206 89 36 Nam
276 1206 76 36 is
314 1206 89 36 qui
365 1206 89 36 non
415 1206 178 36 prociderit
555 1206 64 36 &
581 1206 191 36 adoraverit,
733 1206 114 36 eadem
809 1206 102 36 hora
860 1206 102 36 proii¬-

170 1233 125 38 cietur
258 1233 75 38 in
296 1233 125 38 mediam
384 1233 150 38 fornacem
496 1233 113 38 ignis
572 1233 163 38 accensam.
697 1233 163 38 Propterea
822 1233 113 38 eodem
885 1233 75 38 tem¬-

170 1269 87 40 pore
224 1269 87 40 quum
278 1269 119 40 adirent
365 1269 97 40 omnes
430 1269 108 40 populi
506 1269 97 40 sonum
571 1269 119 40 cornis,
657 1269 130 40 fistula,
755 1269 141 40 citharae,
852 1269 119 40 sambucae,

159 1298 206 45 psalteriorum,
329 1298 158 45 omniumque
450 1298 133 45 generum
547 1298 145 45 musices:
656 1298 182 45 procidentes
801 1298 109 45 omnes
862 1298 109 45 populi,

171 1340 149 46 nationes
283 1340 62 46 &
308 1340 137 46 linguae
407 1340 162 46 adorarunt
532 1340 149 46 imaginem
644 1340 125 46 auream
731 1340 100 46 quam
793 1340 149 46 erexerat
893 1340 87 46 Nebu¬-

164 1366 166 44 cadnetzar
279 1366 77 44 Rex.

202 1397 97 44 Quod
263 1397 97 44 vero
323 1397 146 44 Papisias
433 1397 146 44 attinet,
542 1397 97 44 illi
603 1397 182 44 multiplicem
748 1397 194 44 idololatriam
894 1397 73 44 com¬-

171 1437 148 39 mittunt,
281 1437 74 39 in
318 1437 172 39 adoratione
454 1437 160 39 religiosa
577 1437 61 39 &
601 1437 184 39 invocatione
749 1437 160 39 creatorum
859 1437 111 39 Angelo¬-

162 1473 104 34 rum,
227 1473 130 34 beatae
319 1473 157 34 Virginis
436 1473 130 34 Mariae
527 1473 65 34 &
553 1473 144 34 aliorum
658 1473 144 34 divorum
762 1473 91 34 seu
801 1473 170 34 demortuorum

163 1501 186 44 sanctorum
306 1501 172 44 hominum,
435 1501 100 44 imo
492 1501 72 44 &
521 1501 129 44 eorum
607 1501 100 44 qui
664 1501 158 44 nunquam
779 1501 158 44 fuerunt
893 1501 86 44 in
922 1501 100 44 rerum

167 1534 126 41 natura.
258 1534 69 41 in
293 1534 161 41 adoratione
419 1534 149 41 imaginum,
534 1534 126 41 hostiae
626 1534 184 41 consecratae,
776 1534 126 41 crucis:
868 1534 69 41 in
891 1534 80 41 vene¬-

171 1573 140 35 ratione
273 1573 190 35 reliquiarum
425 1573 63 35 &
451 1573 114 35 rerum
514 1573 203 35 consecratarum.

207 1600 144 42 Papistae
315 1600 96 42 enim
375 1600 144 42 invocant
482 1600 60 42 &
506 1600 156 42 precantur
626 1600 132 42 Angelos
722 1600 144 42 creatos,
829 1600 120 42 beatam
901 1600 72 42 vir¬-

176 1640 116 38 ginem
254 1640 129 38 Mariam
344 1640 65 38 &
370 1640 116 38 alios
447 1640 116 38 divos
525 1640 90 38 seu
577 1640 168 38 demortuos
706 1640 142 38 sanctos
809 1640 155 38 homines;
912 1640 65 38 nec

175 1668 115 39 tantum
255 1668 69 39 ab
289 1668 80 39 eis
335 1668 115 39 perunt
415 1668 69 39 ut
450 1668 172 39 intercedant
587 1668 80 39 pro
633 1668 115 39 ipsis,
713 1668 80 39 sed
759 1668 126 39 idipsum
851 1668 69 39 ab
885 1668 80 39 eis
920 1668 57 39 di¬-

168 1708 110 33 recte
241 1708 134 33 petunt,
338 1708 97 33 quod
399 1708 61 33 a
423 1708 97 33 solo
484 1708 85 33 Deo
533 1708 146 33 petendum
642 1708 97 33 est,
703 1708 61 33 &
728 1708 97 33 quod
788 1708 61 33 a
813 1708 97 33 solo
874 1708 85 33 Deo
910 1708 73 33 san¬-

184 1732 83 33 cti
231 1732 94 33 ipsi
290 1732 118 33 semper
373 1732 177 33 petiverunt,
515 1732 94 33 quod
574 1732 106 33 solus
645 1732 106 33 etiam
715 1732 94 33 Deus
774 1732 142 33 tribuere
869 1732 106 33 potest.

179 1765 83 53 Nam
227 1765 59 53 a
250 1765 107 53 Maria
322 1765 119 53 petunt
405 1765 71 53 in
441 1765 119 53 hymno:
524 1765 83 53 Ave
572 1765 107 53 maris
643 1765 131 53 stella;
738 1765 119 53 Offic.
821 1765 71 53 B.
857 1765 119 53 Mariae
928 1765 48 53 i1

169 1802 177 36 Breviario
292 1802 123 36 Romano.

426 1825 196 47 Funda
557 1825 152 47 nos
644 1825 131 47 in
709 1825 196 47 pace:
840 1825 131 47 Et
883 1825 131 47 mox:

441 1865 94 40 Solve
503 1865 104 40 vincla
565 1865 73 40 reis,

443 1892 106 47 Profer
517 1892 95 47 lumen
570 1892 95 47 caecis,

423 1926 168 45 Mala
528 1926 210 45 nostra
675 1926 210 45 pelle.
822 1926 126 45 Et
864 1926 126 45 mox:

440 1963 75 44 Nos
483 1963 107 44 culpis
548 1963 107 44 solutos,

442 1996 95 43 Mites
506 1996 74 43 fac
548 1996 53 43 &
558 1996 95 43 castos.

445 2027 108 48 Vitam
517 2027 132 48 praesta
601 2027 96 48 puram.

442 2061 93 43 Iter
500 2061 93 43 para
547 2061 93 43 tutum,

460 2094 67 45 Vt
493 2094 134 45 videntes
583 2094 89 45 Iesum,

442 2127 113 44 Semper
521 2127 181 44 collaetemur.

182 2149 76 54 Et
220 2149 76 54 in
258 2149 126 54 hymno:
346 2149 138 54 Memento
447 2149 138 54 salutis
547 2149 126 54 autor.
635 2149 76 54 in
673 2149 138 54 Officio
774 2149 113 54 parvo
849 2149 76 54 B.
887 2149 126 54 Mariae
963 2149 50 54 in

220 2194 113 41 eodem
283 2194 151 41 Breviario.

445 2223 105 49 Maria
515 2223 105 49 mater
574 2223 117 49 gratiae,

455 2262 102 36 Mater
511 2262 181 36 misericordiae,

448 2293 64 43 Tu
480 2293 74 43 nos
523 2293 64 43 ab
555 2293 96 43 hoste
608 2293 106 43 protege,

452 2327 67 43 Et
485 2327 89 43 hora
541 2327 111 43 mortis
608 2327 111 43 suscipe.

216 2356 69 37 Et
251 2356 104 37 paulo
320 2356 92 37 post
378 2356 127 37 ibidem,
470 2356 104 37 talis
539 2356 81 37 est
585 2356 138 37 precatio
689 2356 69 37 ad
724 2356 127 37 eandem;
816 2356 81 37 Sub
862 2356 92 37 tuum
908 2356 81 37 prae¬-

193 2383 112 46 sidium
271 2383 157 46 confugimus
394 2383 112 46 sancta
472 2383 78 46 Dei
517 2383 145 46 genitrix,
629 2383 123 46 nostras
719 2383 190 46 deprecationes
875 2383 67 46 ne
898 2383 89 46 despi¬-

188 2427 84 31 cias
240 2427 63 31 in
271 2427 199 31 necessitatibus,
439 2427 73 31 sed
481 2427 52 31 a
502 2427 136 31 periculis
607 2427 115 31 cunctis
691 2427 105 31 libera
764 2427 73 31 nos
806 2427 105 31 semper
880 2427 94 31 virgo
932 2427 63 31 glo¬-

189 2457 99 43 riosa
255 2457 55 43 &
266 2457 131 43 benedicta.

217 2476 76 54 Et
255 2476 76 54 in
294 2476 140 54 officio
395 2476 127 54 Beatae
484 2476 127 54 Mariae
573 2476 165 54 Virginis,
700 2476 114 54 nuper
777 2476 178 54 reformato,
917 2476 64 54 &
942 2476 89 54 Pii
980 2476 51 54 V.

195 2523 105 34 Pont.
265 2523 93 34 Rom.
323 2523 105 34 jussu
393 2523 105 34 edito
463 2523 163 34 Roschachii
591 2523 93 34 anno
649 2523 105 34 1598.
719 2523 140 34 lectione
823 2523 128 34 tertia:
916 2523 58 34 O
928 2523 58 34 Re¬-

184 2557 89 41 gina
240 2557 112 41 mundi:
318 2557 101 41 scala
385 2557 112 41 caeli,
463 2557 123 41 thronus
553 2557 89 41 Dei,
609 2557 101 41 janua
676 2557 145 41 paradisi,
788 2557 78 41 &c.
832 2557 89 41 Dele
877 2557 112 41 peccata:

192 2594 107 30 relaxa
267 2594 139 30 facinora:
374 2594 96 30 erige
438 2594 117 30 lapsos:
523 2594 96 30 solve
587 2594 160 30 compeditos:
715 2594 75 30 per
757 2594 64 30 te
789 2594 160 30 succidantur
907 2594 85 30 vepres

195 2622 60 41 &
219 2622 131 41 germina
314 2622 155 41 vitiorum:
434 2622 179 41 praebeantur
577 2622 119 41 flores
660 2622 60 41 &
684 2622 155 41 ornamenta
803 2622 155 41 virtutum:
911 2622 83 41 placa

202 2655 134 44 precibus
302 2655 134 44 judicem,
391 2655 56 44 &c.

222 2685 123 39 Ibidem
308 2685 74 39 in
345 2685 136 39 Cantico
443 2685 99 39 S.S.
505 2685 160 39 Ambrosii,
628 2685 62 39 &
653 2685 173 39 Augustini,
789 2685 74 39 in
825 2685 123 39 laudem
899 2685 99 39 Beatae

198 2718 148 43 Virginis
309 2718 197 43 transformato
469 2718 74 43 in
506 2718 135 43 secundo
604 2718 111 43 tomo,
678 2718 111 43 opusc
752 2718 74 43 D.
789 2718 209 43 Bonaventurae,
949 2718 49 43 ad

195 2759 112 44 calcem
273 2759 145 44 Psalterii
385 2759 67 44 B.
407 2759 123 44 Virginis:

226 2782 130 57 Aeterna
321 2782 95 57 fac,
380 2782 83 57 pia
427 2782 118 57 Virgo,
510 2782 83 57 cum
557 2782 130 57 sanctis
652 2782 95 57 tuis
711 2782 83 57 nos
758 2782 118 57 gloria
841 2782 154 57 munerari.
948 2782 47 57 Et

194 2818 115 54 paulo
258 2818 89 54 post:

232 2853 135 39 Dignare,
333 2853 112 39 dulcis
412 2853 112 39 Maria,
490 2853 90 39 nunc
547 2853 56 39 &
569 2853 112 39 semper
648 2853 79 39 nos
693 2853 90 39 sine
749 2853 124 39 delicto
828 2853 146 39 conservare.

235 2888 127 46 Miserere
330 2888 74 46 pia
373 2888 105 46 nobis,
446 2888 127 46 miserere
531 2888 84 46 nobis.

227 2917 93 43 Fiat
286 2917 186 43 misericordia
437 2917 81 43 tua
483 2917 105 43 magna
553 2917 151 43 nobiscum,
670 2917 93 43 quia
728 2917 70 43 in
763 2917 70 43 te
798 2917 105 43 Virgo
867 2917 116 43 Maria,
937 2917 70 43 con¬

190 2949 113 46 fidimus.

230 2984 66 40 In
263 2984 77 40 te,
307 2984 110 40 dulcis
384 2984 110 40 Maria,
461 2984 143 40 speramus,
571 2984 77 40 nos
615 2984 132 40 defendas
714 2984 66 40 in
736 2984 121 40 aeternum.

230 3015 137 46 Abeadem
329 3015 87 46 non
379 3015 124 46 tantum
466 3015 137 46 petunt,
566 3015 75 46 ut
603 3015 174 46 intercedat
740 3015 87 46 pro
789 3015 112 46 ipsis
864 3015 100 46 apud
914 3015 87 46 Chri¬-

206 3046 102 44 stum,
274 3046 79 44 sed
319 3046 102 44 etiam
387 3046 68 44 ut
421 3046 125 44 imperet
511 3046 136 44 Christo.
613 3046 79 44 Sic
658 3046 91 44 enim
715 3046 68 44 in
749 3046 125 44 Missali
840 3046 158 44 Parisiensi
953 3046 45 44 ad

196 3086 111 38 Mariam
274 3086 134 38 cantant:
374 3086 56 38 O
396 3086 100 38 felix
463 3086 145 38 puerpera,
575 3086 111 38 nostra
653 3086 100 38 pians
719 3086 134 38 scelera,
820 3086 89 38 jure
875 3086 111 38 matris
942 3086 56 38 im¬-

205 3122 108 48 pera
273 3122 190 48 Redemtori.
422 3122 68 48 O
449 3122 203 48 detestandam
612 3122 217 48 blasphemiam!
788 3122 68 48 o
815 3122 163 48 insaniam
924 3122 81 48 igne

192 3151 192 39 sempiterno
329 3151 192 39 vindicandam!

243 3181 110 51 Verum
316 3181 73 51 ne
353 3181 98 51 sine
414 3181 134 51 ratione
512 3181 147 51 insanire
622 3181 171 51 videantur,
756 3181 171 51 argumentis
879 3181 134 51 quibusdam

204 3218 148 49 probare
311 3218 175 49 nituntur,
445 3218 148 49 Angelos
553 3218 148 49 creatos
660 3218 67 49 &
687 3218 175 49 demortuos
821 3218 148 49 sauctos
915 3218 94 49 homi¬

992 210 86 46 nes
1041 210 98 46 esse
1102 210 159 46 religiose
1224 210 183 46 invocandos,
1371 210 98 46 quae
1432 210 183 46 recitabimus
1579 210 61 46 &
1603 210 110 46 simul
1664 210 159 46 refellemus.

1258 252 270 44 PRIMVM.

1033 284 93 37 Gen.
1092 284 82 37 48.
1138 284 105 37 v.16.
1208 284 128 37 Angelus
1301 284 82 37 qui
1348 284 105 37 eruit
1418 284 70 37 me
1453 284 70 37 de
1488 284 128 37 cunctis
1581 284 116 37 malis,
1662 284 151 37 benedicat
1767 284 70 37 pue¬-

1005 324 84 40 ris
1053 324 120 40 istis.
1137 324 84 40 Hic
1185 324 120 40 aperte
1269 324 132 40 Sanctus
1365 324 108 40 Jacob
1436 324 132 40 Angelum
1532 324 168 40 invocavit,
1664 324 84 40 ait
1700 324 132 40 Bellarmi¬-

999 365 82 40 nus
1046 365 94 40 lib.
1105 365 71 40 1.
1141 365 71 40 de
1176 365 153 40 Sanctorum
1294 365 177 40 Beatitudine
1435 365 94 40 cap.
1482 365 59 40 19.

1258 393 190 57 Syllogismus
1410 393 101 57 erit
1461 393 101 57 talis:

1038 429 159 53 Quicunque
1160 429 61 53 a
1185 429 123 53 Sancto
1271 429 172 53 Patriarcha
1406 429 123 53 lacobo
1492 429 86 53 est
1541 429 172 53 invocatus,
1676 429 74 53 is
1712 429 86 53 est
1749 429 86 53 invo¬

998 476 101 40 candus

1044 495 132 58 Angelus
1140 495 60 58 a
1164 495 120 58 Sancto
1248 495 168 58 Patriarcha
1379 495 120 58 Iacobo
1463 495 84 58 est
1499 495 144 58 invocatus:

1038 536 95 46 Ergo
1097 536 118 46 Angeli
1180 536 95 46 sunt
1227 536 142 46 invocandi.

1031 565 162 45 RESPON.
1149 565 133 45 Primo
1237 565 162 45 negatur
1355 565 250 45 consequentia,
1561 565 118 45 quia
1635 565 118 45 plus
1694 565 147 45 infertur

1018 608 98 41 quam
1079 608 122 41 ferant
1165 608 184 41 praemissae:
1312 608 147 41 concludi
1422 608 98 41 enim
1483 608 147 41 debebat:
1593 608 98 41 Ergo
1655 608 135 41 Angelus
1740 608 86 41 ille,

1007 632 117 51 nempe
1085 632 65 51 a
1111 632 182 51 patriarcha
1253 632 130 51 Jacobo
1344 632 182 51 invocatus,
1487 632 117 51 nobis
1565 632 91 51 est
1617 632 195 51 invocandus:
1759 632 78 51 quod

1010 670 106 45 ultro
1069 670 153 45 concedimus.

1024 704 140 34 Deinde
1122 704 237 34 propositionem
1317 704 154 34 majorem
1429 704 168 34 libenter
1555 704 140 34 damus,
1652 704 112 34 modo
1722 704 98 34 hoc
1764 704 70 34 ob¬-

1014 737 166 37 servetur,
1142 737 140 37 exempla
1244 737 128 37 Jacobi
1333 737 102 37 esse
1397 737 166 37 sequenda,
1525 737 153 37 quatenus
1640 737 89 37 cum
1691 737 102 37 lege
1742 737 102 37 divina

1006 775 173 37 congruunt,
1142 775 111 37 quale
1216 775 87 37 est
1266 775 124 37 istud:
1352 775 87 37 Nam
1402 775 74 37 si
1439 775 124 37 idolum
1526 775 136 37 aliquod
1625 775 62 37 a
1649 775 124 37 Jacobo
1724 775 111 37 fuisset

1010 802 189 39 invocatum,
1159 802 108 39 ejus
1227 802 162 39 exemplum
1348 802 176 39 nequaquam
1484 802 81 39 ad
1524 802 203 39 imitationem
1686 802 122 39 esset
1754 802 81 39 tra¬

997 838 121 44 hendum.

1049 861 128 45 Tertio
1139 861 193 45 assumtionem
1293 861 218 45 distinguimus,
1473 861 103 45 quia
1537 861 167 45 homonymia
1665 861 90 45 est
1717 861 77 45 in
1742 861 90 45 nomi¬-

1020 907 73 34 ne
1056 907 133 34 Angeli.
1153 907 133 34 Angelus
1250 907 121 34 duplex
1335 907 97 34 est,
1396 907 133 34 creatus
1493 907 85 34 vel
1541 907 170 34 increatus.
1674 907 158 34 Increatus
1783 907 61 34 An¬-

1025 937 102 43 gelus
1093 937 80 43 est
1138 937 137 43 aeternus
1241 937 80 43 Dei
1286 937 125 43 Filius,
1377 937 80 43 qui
1423 937 125 43 Angelus
1514 937 68 43 ab
1548 937 125 43 officio
1639 937 171 43 appellatur,
1776 937 91 43 ipse

1014 980 113 26 enini
1090 980 100 26 inde
1152 980 75 26 ab
1190 980 125 26 initio
1277 980 175 26 quaecunque
1415 980 138 26 cognita
1515 980 138 26 oportet
1616 980 75 26 ad
1653 980 138 26 salutem
1741 980 100 26 annun¬-

1012 1000 107 47 ciat,
1083 1000 71 47 ut
1119 1000 142 47 Justinus
1225 1000 118 47 Martyr
1308 1000 83 47 ait
1356 1000 142 47 Apologia
1462 1000 130 47 secunda
1557 1000 83 47 pro
1604 1000 189 47 Christianis,
1746 1000 95 47 pagina

1020 1035 287 39 septuagesimaquinta.
1269 1035 100 39 Ipse
1332 1035 162 39 nunciavit
1457 1035 175 39 voluntatem
1594 1035 87 39 Dei
1644 1035 125 39 Patris
1732 1035 75 39 de
1757 1035 87 39 fede¬-

1014 1080 72 28 re
1050 1080 145 28 nobiscum
1159 1080 121 28 inito,
1243 1080 157 28 illiusque
1364 1080 133 28 federis
1461 1080 145 28 Mediator
1569 1080 60 28 &
1594 1080 181 28 conservator
1738 1080 85 28 est
1775 1080 60 28 in¬-

1019 1107 71 36 de
1055 1107 71 36 ab
1090 1107 130 36 initio,
1184 1107 59 36 &
1208 1107 94 36 bona
1267 1107 71 36 in
1302 1107 118 36 federe
1384 1107 141 36 promissa
1491 1107 130 36 confert
1585 1107 165 36 fidelibus,
1714 1107 59 36 &
1738 1107 94 36 mala
1785 1107 59 36 co¬-

1030 1135 114 42 traria
1109 1135 68 42 ab
1143 1135 102 42 illis
1212 1135 148 42 depellit.
1325 1135 91 42 Hinc
1382 1135 159 42 appellatur
1507 1135 125 42 Augelus
1598 1135 80 42 seu
1644 1135 125 42 nuncius
1723 1135 114 42 federis.

1017 1169 127 33 Malach.
1110 1169 69 33 3.
1145 1169 104 33 vers.
1214 1169 69 33 1.
1249 1169 58 33 &
1272 1169 139 33 absolute
1376 1169 127 33 Angelus
1469 1169 104 33 Exod.
1538 1169 81 33 14.
1585 1169 127 33 versic.
1677 1169 81 33 19.
1724 1169 81 33 sed
1770 1169 81 33 qui
1805 1169 46 33 i¬-

1031 1203 76 38 dem
1075 1203 120 38 dicitur
1162 1203 109 38 Iehova
1238 1203 98 38 Exod.
1303 1203 76 38 13.
1347 1203 98 38 vers.
1412 1203 76 38 21.
1456 1203 54 38 &
1478 1203 87 38 cap.
1532 1203 76 38 24.
1576 1203 120 38 versic.
1663 1203 76 38 24.
1706 1203 54 38 &
1728 1203 76 38 23.
1772 1203 65 38 v.
1794 1203 54 38 20.

1023 1234 120 38 Genes.
1107 1234 84 38 31.
1155 1234 96 38 ver.
1215 1234 84 38 11,
1263 1234 84 38 13.
1311 1234 120 38 Creati
1395 1234 120 38 Angeli
1480 1234 96 38 sunt
1540 1234 132 38 caeteri
1636 1234 84 38 qui
1684 1234 96 38 hunc
1732 1234 108 38 Angelum

1025 1273 151 38 increatum
1142 1273 140 38 adorant,
1247 1273 105 38 sicut
1317 1273 128 38 dicitur
1410 1273 93 38 Heb.
1468 1273 70 38 1.
1503 1273 70 38 v.
1538 1273 70 38 6,
1573 1273 70 38 7.
1608 1273 93 38 Quum
1666 1273 128 38 inducit
1748 1273 93 38 primo¬-

1027 1303 133 39 genitum
1124 1303 73 39 in
1160 1303 109 39 orbem
1232 1303 157 39 terrarum,
1353 1303 121 39 dicit,
1438 1303 73 39 Et
1474 1303 133 39 adorent
1571 1303 85 39 eum
1619 1303 109 39 omnes
1692 1303 121 39 Angeli
1764 1303 73 39 Dei.

1024 1336 70 42 Et
1059 1336 70 42 de
1094 1336 128 42 Angelis
1188 1336 117 42 quidem
1269 1336 117 42 dicit,
1351 1336 82 42 Qui
1398 1336 128 42 Angelos
1491 1336 93 42 suos
1550 1336 105 42 facit
1620 1336 128 42 ventos,
1713 1336 58 42 &
1725 1336 128 42 ministros

1030 1368 99 44 suos,
1096 1368 99 44 ignis
1151 1368 110 44 flammam.

1056 1406 147 39 Assumtio
1166 1406 123 39 igitur
1252 1406 74 39 de
1289 1406 123 39 Angelo
1374 1406 147 39 increato
1485 1406 147 39 accepta,
1595 1406 86 39 est
1644 1406 110 39 vera.
1717 1406 74 39 Ac
1742 1406 110 39 increa¬-

1038 1436 86 41 tum
1087 1436 135 41 Angelum
1185 1436 61 41 a
1209 1436 123 41 Jacobo
1295 1436 172 41 Patriarcha
1430 1436 172 41 intelligi,
1565 1436 123 41 patet:
1651 1436 98 41 quia
1712 1436 110 41 eadem
1773 1436 74 41 iis¬-

1033 1469 121 43 demque
1118 1469 121 43 verbis
1202 1469 133 43 Jacobus
1299 1469 73 43 ab
1336 1469 85 43 hoc
1384 1469 121 43 Angelo
1469 1469 121 43 perit,
1553 1469 97 43 quae
1614 1469 61 43 a
1638 1469 85 43 Deo
1687 1469 109 43 ipso,
1747 1469 97 43 eumque

1025 1503 112 38 eodem
1099 1503 137 38 honore,
1199 1503 87 38 quo
1248 1503 100 38 Deum
1311 1503 149 38 Abrahami
1423 1503 112 38 atque
1497 1503 124 38 Isaaci
1584 1503 149 38 afficit.
1696 1503 87 38 Sic
1734 1503 124 38 intelli¬-

1029 1541 98 45 gunt
1090 1541 110 45 locum
1163 1541 98 45 hunc
1224 1541 110 45 etiam
1298 1541 122 45 Patres
1371 1541 122 45 veteres.

1053 1566 242 40 TERTULLIANUS
1250 1566 121 40 sive
1326 1566 212 40 NOVATIANUS
1492 1566 167 40 Romanae
1614 1566 197 40 Ecclesiae
1750 1566 106 40 pres¬-

1026 1597 108 43 byter
1098 1597 108 43 libro
1170 1597 72 43 de
1207 1597 169 43 Ttinitate,
1339 1597 96 43 cap.
1399 1597 84 43 15.
1448 1597 96 43 Nemo
1508 1597 157 43 Christum,
1628 1597 108 43 sicut
1700 1597 132 43 Angelum
1785 1597 60 43 non

1024 1637 134 32 dubitat
1121 1637 134 32 dicere.
1219 1637 85 32 ita
1268 1637 110 32 etiam
1341 1637 98 32 Deum
1402 1637 147 32 haesitet
1512 1637 195 32 pronunciare,
1671 1637 98 32 quum
1732 1637 98 32 hunc
1781 1637 73 32 eun¬-

1031 1670 88 43 dem
1082 1670 63 43 &
1107 1670 152 43 puerorum
1221 1670 114 43 horum
1297 1670 215 43 benedictionem
1473 1670 88 43 per
1524 1670 189 43 Sacramentum
1675 1670 164 43 passionis
1789 1670 63 43 di¬-

1025 1700 127 42 gestum
1114 1700 76 42 in
1153 1700 127 42 figura
1242 1700 140 42 manuum,
1344 1700 64 42 &
1369 1700 102 42 Deum
1433 1700 64 42 &
1458 1700 140 42 Angelum
1560 1700 178 42 intelligat
1700 1700 165 42 invocatum

1032 1740 130 40 fuisse.
1127 1740 71 40 Ac
1163 1740 71 40 si
1198 1740 130 40 aliquis
1293 1740 166 40 haereticus
1423 1740 119 40 (nempe
1506 1740 71 40 de
1542 1740 178 40 Simoniacis,
1672 1740 178 40 Menandrianis,

1025 1770 217 39 Appelletianis
1204 1770 140 39 maxime,
1306 1770 89 39 uti
1357 1770 102 39 vult
1421 1770 153 39 Pamelius
1535 1770 140 39 Papista
1637 1770 77 39 in
1676 1770 115 39 Notis
1752 1770 77 39 ad
1778 1770 77 39 hunc

1036 1804 185 33 Tertulliani
1184 1804 99 33 sive
1245 1804 160 33 Novatiani
1369 1804 123 33 locum)
1455 1804 197 33 pertinaciter
1616 1804 160 33 obluctans
1727 1804 123 33 adversus

1032 1836 166 34 veritatem,
1163 1836 143 34 voluerit
1270 1836 71 34 in
1305 1836 83 34 his
1353 1836 131 34 omnibus
1448 1836 143 34 exemplis
1555 1836 131 34 proprie
1650 1836 131 34 angelum
1745 1836 83 34 aut
1781 1836 59 34 in¬-

1025 1870 150 34 telligere,
1143 1870 75 34 aut
1186 1870 182 34 intelligendum
1336 1870 86 34 esse
1389 1870 171 34 contenderit,
1528 1870 64 34 in
1560 1870 75 34 hoc
1603 1870 107 34 quoque
1678 1870 118 34 viribus
1753 1870 96 34 verita¬-

1035 1898 69 45 tis
1075 1898 128 45 frangatur
1173 1898 108 45 necesse
1242 1898 59 45 est.

1062 1926 73 44 Et
1098 1926 122 44 rursus
1183 1926 122 44 capite
1269 1926 243 44 vigesimoseptimo:
1475 1926 85 44 Non
1524 1926 122 44 cessat
1609 1926 109 44 eadem
1682 1926 158 44 Scriptura
1791 1926 61 44 di¬-

1024 1964 118 38 vina,
1103 1964 145 38 angelum
1208 1964 105 38 Deum
1274 1964 145 38 dicere,
1379 1964 105 38 Deum
1445 1964 145 38 angelum
1550 1964 211 38 pronunciare.
1722 1964 92 38 Nam
1761 1964 79 38 quum

1034 1997 135 44 Manassen
1135 1997 102 44 atque
1203 1997 113 44 Ephren
1282 1997 113 44 filios
1361 1997 113 44 Ioseph
1440 1997 181 44 benedicturus
1587 1997 113 44 esset,
1665 1997 79 44 hic
1711 1997 90 44 ipse
1756 1997 90 44 Iacob,

1033 2017 167 51 transversis
1167 2017 100 51 super
1233 2017 111 51 capita
1311 2017 134 51 puerorum
1412 2017 123 51 manibus
1501 2017 167 51 collocatis,
1634 2017 100 51 Deus,
1701 2017 123 51 inquit,
1790 2017 78 51 qui

1032 2068 114 37 pascit
1111 2068 68 37 me
1146 2068 57 37 a
1168 2068 148 37 iuventute
1282 2068 80 37 mea
1328 2068 103 37 usque
1396 2068 68 37 in
1431 2068 91 37 hunc
1488 2068 103 37 diem,
1556 2068 125 37 angelus
1647 2068 80 37 qui
1693 2068 148 37 liberavit
1795 2068 46 37 me

1026 2098 72 33 ex
1062 2098 131 33 omnibus
1157 2098 119 33 malis,
1241 2098 155 33 benedicat
1360 2098 119 33 pueris
1443 2098 95 33 his.
1503 2098 107 33 Vsque
1575 2098 95 33 adeo
1634 2098 107 33 autem
1706 2098 119 33 eundem
1777 2098 60 33 An¬-

1046 2127 103 41 gelum
1114 2127 103 41 ponit
1183 2127 92 41 quem
1241 2127 92 41 Deum
1298 2127 138 41 dixerat,
1402 2127 69 41 ut
1436 2127 184 41 singulariter
1585 2127 69 41 in
1620 2127 103 41 exitu
1689 2127 138 41 sermonis
1781 2127 57 41 sui

1040 2163 137 40 posuerit
1142 2163 137 40 personam
1245 2163 69 40 de
1280 2163 80 40 qua
1325 2163 160 40 loquebatur
1451 2163 137 40 dicendo,
1554 2163 149 40 benedicat
1668 2163 114 40 pueris
1749 2163 91 40 his.
1794 2163 46 40 Si

1028 2197 97 32 enim
1088 2197 133 32 alterum
1185 2197 133 32 Angelum
1282 2197 157 32 voluisset
1402 2197 169 32 intelligi,
1535 2197 133 32 plurali
1632 2197 121 32 numero
1716 2197 97 32 duas
1765 2197 72 32 per¬-

1035 2226 111 36 sonas
1109 2226 160 36 complexus
1232 2226 148 36 fuisset:
1343 2226 99 36 nunc
1404 2226 111 36 unius
1478 2226 136 36 persone
1577 2226 173 36 singularem
1712 2226 136 36 numerum
1799 2226 49 36 in

1030 2262 197 42 benedictione
1190 2262 160 42 deposuit,
1313 2262 74 42 ex
1350 2262 86 42 quo
1399 2262 123 42 eundem
1486 2262 99 42 Deum
1547 2262 111 42 atque
1621 2262 136 42 Angelum
1707 2262 136 42 intelligi

1038 2294 131 37 voluit.
1134 2294 84 37 Sed
1181 2294 96 37 enim
1241 2294 96 37 Deus
1301 2294 107 37 Pater
1372 2294 119 37 accipi
1456 2294 84 37 non
1504 2294 131 37 potest:
1599 2294 96 37 Deus
1659 2294 107 37 autem
1731 2294 60 37 &
1743 2294 107 37 Angelus

1032 2326 147 39 Christus
1142 2326 122 39 accipi
1227 2326 134 39 potest.
1325 2326 98 39 Quem
1386 2326 73 39 ut
1423 2326 110 39 huius
1496 2326 208 39 benedictionis
1667 2326 134 39 autorem
1752 2326 86 39 etiam

1028 2360 173 40 transversas
1167 2360 104 40 super
1236 2360 115 40 pueros
1316 2360 104 40 manus
1385 2360 104 40 lacob
1455 2360 127 40 ponendo
1547 2360 196 40 significavit,
1708 2360 104 40 quasi
1765 2360 81 40 patet

1036 2390 114 44 illorum
1119 2390 94 44 esset
1171 2390 114 44 Christus.

1058 2419 204 48 ATHANASIUS
1218 2419 131 48 primo
1306 2419 116 48 tomo
1378 2419 145 48 contra
1480 2419 160 48 Arianos
1597 2419 175 48 oratione
1713 2419 131 48 quarta,

1043 2458 128 40 pagina
1133 2458 192 40 ducentesima
1287 2458 282 40 quinquagesimanona:
1530 2458 103 40 Ipse
1595 2458 141 40 donandi
1697 2458 115 40 modus
1761 2458 90 40 clare

1037 2491 177 38 demonstrat
1177 2491 152 38 unitatem
1290 2491 127 38 Patris
1379 2491 63 38 &
1404 2491 114 38 Fili:
1480 2491 139 38 Nunquam
1581 2491 101 38 enim
1645 2491 152 38 quispiam
1746 2491 101 38 proca¬-

1047 2522 105 41 retur
1118 2522 140 41 accipere
1223 2522 59 41 a
1246 2522 94 41 Deo,
1305 2522 59 41 &
1328 2522 70 41 ab
1363 2522 140 41 Angelis,
1469 2522 82 41 aut
1515 2522 70 41 ab
1550 2522 105 41 ullis
1621 2522 105 41 rebus
1691 2522 140 41 creatis.
1784 2522 59 41 Ne¬-

1038 2557 86 40 que
1087 2557 148 40 quispiam
1198 2557 99 40 hanc
1259 2557 148 40 verborum
1370 2557 123 40 formam
1457 2557 160 40 concepit,
1580 2557 86 40 det
1629 2557 99 40 tibi
1691 2557 99 40 Deus
1752 2557 62 40 &
1765 2557 86 40 Ange¬-

1039 2594 91 35 lus,
1096 2594 80 35 sed
1141 2594 126 35 contra,
1233 2594 57 35 a
1255 2594 103 35 Patre
1324 2594 57 35 &
1347 2594 103 35 Filio
1415 2594 126 35 propter
1507 2594 148 35 unitatem,
1621 2594 183 35 uniformemque
1758 2594 91 35 ratio¬-

1043 2625 83 37 nem
1091 2625 119 37 dandi.
1174 2625 143 37 Siquidem
1281 2625 83 37 per
1329 2625 119 37 Filium
1412 2625 119 37 dantur
1496 2625 71 37 ea
1531 2625 95 37 quae
1591 2625 71 37 in
1627 2625 143 37 dationem
1722 2625 119 37 veniunt:

1045 2659 108 34 Nihil
1117 2659 108 34 autem
1189 2659 84 34 est
1237 2659 132 34 omnium,
1332 2659 96 34 quod
1392 2659 84 34 non
1440 2659 84 34 per
1488 2659 120 34 Filium
1572 2659 144 34 efficiat
1679 2659 120 34 Pater:
1763 2659 84 34 ita
1799 2659 48 34 e¬-

1035 2687 83 43 nim
1082 2687 83 43 qui
1130 2687 142 43 accipit,
1236 2687 106 43 tutam
1306 2687 59 43 &
1330 2687 118 43 certam
1413 2687 130 43 gratiam
1507 2687 189 43 adipiscitur.
1660 2687 83 43 Iam
1707 2687 71 43 si
1743 2687 106 43 lacob
1802 2687 47 43 in

1036 2723 206 40 benedicendis
1203 2723 167 40 nepotibus
1332 2723 142 40 Ephraim
1435 2723 64 40 &
1461 2723 142 40 Manasse
1564 2723 77 40 ad
1602 2723 116 40 istum
1680 2723 116 40 modum
1744 2723 103 40 loquu¬-

1045 2755 86 46 tus
1094 2755 98 46 est:
1155 2755 98 46 Deus
1216 2755 110 46 aluit
1290 2755 73 46 me
1326 2755 61 46 a
1351 2755 147 46 pueritia
1461 2755 86 46 mea
1510 2755 110 46 usque
1584 2755 73 46 in
1620 2755 98 46 hunc
1682 2755 110 46 diem,
1743 2755 110 46 Angelus

1050 2787 83 48 qui
1097 2787 153 48 liberavit
1215 2787 71 48 me
1251 2787 71 48 ex
1286 2787 130 48 omnibus
1381 2787 118 48 malis,
1463 2787 153 48 benedicat
1581 2787 118 48 pueris
1664 2787 118 48 istis,
1747 2787 83 48 non
1782 2787 71 48 tunc

1046 2828 141 33 aliquem
1149 2828 167 33 Angelorum
1277 2828 167 33 creatorum
1406 2828 64 33 &
1431 2828 90 33 qui
1483 2828 128 33 natura
1573 2828 128 33 Angeli
1662 2828 128 33 erant,
1752 2828 77 33 in
1778 2828 77 33 unum

1048 2853 144 36 copulavit
1159 2853 78 36 cum
1203 2853 133 36 Creatore
1303 2853 89 36 Deo,
1359 2853 100 36 neque
1426 2853 111 36 omisso
1504 2853 133 36 nutritio
1604 2853 78 36 suo
1648 2853 78 36 Deo
1692 2853 67 36 ab
1726 2853 111 36 Angelo
1792 2853 56 36 be¬-

1057 2893 166 36 nedictionem
1190 2893 89 36 suis
1246 2893 144 36 nepotibus
1357 2893 166 36 postulavit:
1490 2893 78 36 sed
1534 2893 89 36 quia
1590 2893 122 36 diserte
1678 2893 133 36 loquutus
1778 2893 78 36 est
1812 2893 44 36 de

1051 2921 112 40 Angelo
1129 2921 78 40 qui
1174 2921 101 40 illum
1241 2921 67 40 ab
1275 2921 123 40 omnibus
1364 2921 101 40 malis
1432 2921 179 40 liberaverat,
1577 2921 101 40 satis
1644 2921 90 40 prae
1700 2921 67 40 se
1734 2921 112 40 tulit,
1801 2921 56 40 non

1057 2954 67 39 ex
1090 2954 157 39 creatitiis
1214 2954 124 39 Angelis
1304 2954 135 39 aliquem,
1405 2954 79 39 sed
1450 2954 112 39 Filium
1528 2954 112 39 fuisse
1607 2954 124 39 Patris,
1697 2954 90 39 quem
1753 2954 101 39 Patri
1809 2954 45 39 im

1053 2986 87 40 suis
1107 2986 130 40 precibus
1205 2986 174 40 consociavit,
1346 2986 76 40 per
1390 2986 87 40 quem
1444 2986 87 40 Deus
1499 2986 119 40 liberat
1585 2986 87 40 quos
1640 2986 98 40 vult.
1705 2986 87 40 Hunc
1759 2986 87 40 enim
1803 2986 54 40 ma¬-

1051 3029 76 33 gni
1095 3029 131 33 consilii
1193 3029 109 33 Patris
1269 3029 120 33 Angelum
1356 3029 131 33 noverat,
1455 3029 76 33 nec
1498 3029 109 33 alium,
1574 3029 87 33 nisi
1629 3029 98 33 illum
1694 3029 109 33 ipsum,
1771 3029 76 33 qui
1803 3029 55 33 be¬-

1056 3060 114 36 nedicit
1138 3060 52 36 &
1159 3060 114 36 liberat
1242 3060 62 36 ex
1273 3060 103 36 malis,
1345 3060 83 36 suis
1397 3060 103 36 verbis
1469 3060 145 36 expressit.
1582 3060 72 36 Non
1624 3060 83 36 enim
1675 3060 83 36 ille
1727 3060 83 36 sibi
1779 3060 52 36 a
1789 3060 62 36 Deo,

1060 3086 155 40 nepotibus
1179 3086 107 40 autem
1250 3086 71 40 ab
1286 3086 119 40 Angelo
1369 3086 202 40 benedictionem
1536 3086 95 40 dari
1595 3086 167 40 voluisset,
1726 3086 83 40 sed
1762 3086 95 40 eundem

1057 3120 107 37 illum
1128 3120 95 37 quem
1187 3120 213 37 interpellabat,
1365 3120 83 37 Non
1412 3120 142 37 dimittam
1519 3120 71 37 te
1554 3120 166 37 (inquiens)
1684 3120 95 37 nisi
1732 3120 130 37 benedixe¬-

1045 3152 85 39 tis
1093 3152 109 39 mihi.
1166 3152 73 39 Is
1203 3152 97 39 enim
1264 3152 97 39 erat
1324 3152 109 39 Deus,
1397 3152 73 39 ut
1434 3152 109 39 verba
1507 3152 122 39 lacobi
1592 3152 109 39 clare
1665 3152 170 39 testantur:
1786 3152 73 39 Vidi

1051 3191 102 35 Deum
1115 3191 114 35 facie
1191 3191 76 35 ad
1229 3191 140 35 faciem,
1331 3191 114 35 illum
1407 3191 114 35 ipsum
1484 3191 153 35 (inquam)
1598 3191 153 35 precatus
1712 3191 102 35 est,
1776 3191 76 35 ut
1801 3191 64 35 ne¬-

1050 3216 128 50 potibus
1143 3216 186 50 benediceret.
1294 3216 116 50 Angeli
1375 3216 93 50 enim
1433 3216 139 50 proprium
1537 3216 93 50 est,
1595 3216 81 50 Dei
1642 3216 139 50 mandatis
1734 3216 128 50 inservire
