2063 3429
137 148 87 40 taί
186 148 75 40 θη
224 148 149 40 παρθενος
335 148 75 40 κγ
373 148 62 40 η
397 148 149 40 παρθενος
509 148 75 40 κι
546 148 186 40 τεπημηιδιη,
695 148 99 40 αλλα
758 148 124 40 σσκεις
845 148 174 40 ωροσκνασιν
969 148 37 40 A

144 184 95 43 ημιν
203 184 142 43 δεδεισα,
310 184 95 43 αλλα
369 184 166 43 ωροσκμθκτα
499 184 59 43 τ
523 184 130 43 εξαυτῆς
618 184 107 43 σαρκι
689 184 178 43 γεθλθηηχον,
831 184 83 43 ωπι
866 184 83 43 κρανα

141 223 226 36 δεκκολπθπκτξεαν
332 223 214 36 παραγεγώμδνον,
510 223 83 36 hoc
558 223 95 36 est,
618 223 83 36 Nae
665 223 107 36 cerre
737 223 107 36 virgo
808 223 107 36 erat;
868 223 83 36 virgo

135 260 93 31 illa
194 260 58 31 &
217 260 151 31 honorata,
333 260 105 31 verum
403 260 82 31 non
450 260 70 31 ad
485 260 175 31 adorationem
625 260 105 31 nobis
695 260 105 31 data,
765 260 82 31 sed
811 260 93 31 ipsa
858 260 93 31 adora¬-

143 290 73 39 vit
184 290 73 39 eum
226 290 73 39 qui
268 290 63 39 ex
300 290 84 39 ipsa
352 290 73 39 quo
394 290 63 39 ad
426 290 105 39 carnem
499 290 73 39 est
541 290 126 39 genitus,
635 290 63 39 de
667 290 105 39 caelis
740 290 84 39 vero
793 290 63 39 ex
824 290 84 39 sinu
866 290 84 39 pateri

142 315 65 40 no
175 315 130 40 advenit.
272 315 87 40 Aug.
326 315 108 40 Epist.
402 315 76 40 44.
446 315 130 40 scribit:
543 315 98 40 Scias
608 315 54 40 a
630 315 163 40 Christianis
760 315 152 40 Catholicis
868 315 87 40 nullis

150 345 93 41 toli
208 345 163 41 mortuorum:
336 345 104 41 nihil
406 345 128 41 denique
499 345 70 41 ut
533 345 104 41 numen
603 345 128 41 adorari
696 345 93 41 quod
754 345 81 41 sit
800 345 116 41 factum
882 345 58 41 &
893 345 70 41 con¬-

150 382 103 37 ditum
218 382 57 37 a
241 382 92 37 Deo,
298 382 80 37 sed
344 382 92 37 unum
402 382 103 37 ipsum
470 382 103 37 Deum,
539 382 80 37 qui
585 382 103 37 fecit
654 382 57 37 &
677 382 137 37 condidit
780 382 115 37 omnia.
860 382 69 37 Et
894 382 92 37 lib.

148 417 79 35 22.
193 417 68 35 de
227 417 135 35 Civitate
328 417 79 35 Dei
373 417 68 35 c.
407 417 79 35 10.
452 417 90 35 ait:
508 417 79 35 Uni
553 417 79 35 Deo
598 417 56 35 &
621 417 135 35 martyrum
722 417 56 35 &
745 417 113 35 nostro
813 417 146 35 sacrificium

150 452 162 34 immolamus:
278 452 69 34 ad
313 452 93 34 quod
370 452 185 34 sacrificium,
521 452 104 34 sicut
590 452 127 34 homines
683 452 93 34 Dei,
741 452 81 34 qui
787 452 116 34 mundum
868 452 69 34 in
892 452 69 34 eius

142 483 171 36 confessione
278 483 148 36 vicerunt,
392 483 80 36 suo
438 483 91 36 loco
495 483 57 36 &
517 483 114 36 ordine
597 483 171 36 nominantur:
734 483 80 36 non
779 483 102 36 tamen
848 483 57 36 a
859 483 91 36 Sacer¬-

146 515 90 38 dote
202 515 79 38 qui
247 515 169 38 sacrificat,
383 515 169 38 invocantur.
518 515 68 38 Ex
552 515 79 38 his
597 515 135 38 apparet,
699 515 90 38 quod
755 515 124 38 veteres
834 515 124 38 Christiam

150 548 154 37 Catholici
269 548 83 37 nec
316 548 142 37 Angelos,
423 548 83 37 nec
470 548 71 37 B.
506 548 130 37 Virgine
601 548 130 37 Mariam,
695 548 83 37 nec
743 548 142 37 martyres
849 548 107 37 alios
909 548 59 37 ve¬-

151 582 130 36 sanctos
246 582 154 36 demortuos
364 582 178 36 invocarint.
507 582 119 36 Papani
590 582 119 36 igitur
673 582 83 36 qui
720 582 83 36 eos
767 582 142 36 invocat,
862 582 95 36 Catho¬-

141 616 92 38 lici
198 616 161 38 Christiani
324 616 80 38 non
370 616 103 38 sunt.
439 616 92 38 Quin
497 616 115 38 Papani
577 616 103 38 etiam
646 616 80 38 eos
692 616 138 38 invocant
795 616 103 38 velut
853 616 103 38 sanctos

159 656 83 37 qui
207 656 83 37 vel
254 656 119 37 saucti
337 656 83 37 non
384 656 142 37 fuerunt,
491 656 71 37 ut
527 656 154 37 Georgius,
645 656 83 37 vel
692 656 119 37 nunqua
775 656 71 37 in
811 656 107 37 terum
870 656 95 37 natura

150 685 189 41 exstiterunt,
304 685 71 41 ut
339 685 165 41 Catharina,
469 685 71 41 ut
504 685 213 41 Christophorus.
681 685 153 41 Georgius,
800 685 71 41 n.
823 685 130 41 Cappadox.

155 713 101 47 quem
218 713 176 47 Romanenses
357 713 88 47 pro
407 713 126 47 sancto
495 713 138 47 colunt,
595 713 101 47 fuit
658 713 101 47 homo
721 713 163 47 improbus,
834 713 126 47 baereti¬-

143 748 85 37 cus
192 748 147 37 Arianus,
302 748 110 37 malus
375 748 134 37 genere,
473 748 110 37 pejor
546 748 110 37 animo
619 748 85 37 qui
668 748 85 37 cum
717 748 147 37 militati
827 748 98 37 manu
888 748 61 37 &
900 748 61 37 sa¬-

150 779 162 46 tellitibus
278 779 174 46 Alexandriam
417 779 58 46 a
440 779 162 46 Constantio
567 779 127 46 missus,
660 779 81 46 pro
706 779 139 46 episcopo
810 779 93 46 ejus
868 779 104 46 urbis
926 779 35 46 s

146 819 129 37 gessit:
240 819 71 37 ut
276 819 141 37 testatur
381 819 165 37 Athanasius
511 819 71 37 in
546 819 141 37 Apologia
652 819 71 37 de
687 819 94 37 fuga
746 819 94 37 sua,
804 819 59 37 &
828 819 141 37 Apologia
922 819 35 37 2

151 849 119 41 Epist.
234 849 71 41 ad
270 849 155 41 solitatia
389 849 107 41 vitam
461 849 131 41 agentes
556 849 60 41 &
580 849 71 41 ad
616 849 119 41 ubique
699 849 179 41 orthodoxos:
842 849 95 41 item
890 849 71 41 Gre¬-

146 885 127 42 gorius
235 885 204 42 Naziangzenus
401 885 115 42 Orat.
478 885 76 42 in
516 885 115 42 laude
592 885 178 42 Athanasii.
733 885 89 42 Hic
784 885 153 42 Georgius
886 885 76 42 Cap¬-

150 913 123 46 padox,
236 913 98 46 quum
297 913 74 46 ab
334 913 147 46 Ethnicis
444 913 86 46 sub
493 913 135 46 Juliano
591 913 147 46 Apostata
701 913 196 46 crudelissime
848 913 123 46 peremtus

144 948 122 43 esset,
229 948 170 43 cadaverque
363 948 97 43 ejus
424 948 97 43 igne
485 948 146 43 ciematum
594 948 61 43 &
618 948 134 43 cineres
716 948 73 43 in
752 948 97 43 mare
813 948 158 43 projecti,
923 948 37 43 u

148 982 116 42 refert
230 982 128 42 Ammian.
322 982 151 42 Marcellia
438 982 93 42 lib.
496 982 81 42 22.
543 982 58 42 a
566 982 151 42 nonnullis
682 982 116 42 postea
763 982 81 42 pro
810 982 128 42 martyre
891 982 81 42 colis

153 1017 128 34 coepit,
247 1017 82 34 sed
293 1017 152 34 immerito,
410 1017 70 34 ut
445 1017 82 34 eos
492 1017 163 34 redarguens
620 1017 105 34 docet
690 1017 163 34 Epiphanius
819 1017 128 34 Haeres.
901 1017 58 34 76.

157 1047 111 40 Etiam
231 1047 124 40 passio
317 1047 136 40 ejusdem
416 1047 136 40 Georgii
515 1047 173 40 Cappadocis
651 1047 62 40 a
676 1047 161 40 nonnullis
799 1047 87 40 est
836 1047 124 40 conscri¬-

162 1082 94 32 pta,
221 1082 70 32 de
256 1082 82 32 qua
303 1082 141 32 Gelasius
408 1082 70 32 in
444 1082 94 32 Jure
502 1082 94 32 Can.
561 1082 105 32 Dist.
631 1082 82 32 15.
678 1082 152 32 Capitulo.
795 1082 117 32 Sancta
866 1082 105 32 Romana;

157 1117 111 36 aperte
234 1117 89 36 ait:
290 1117 122 36 Georgii
378 1117 144 36 passionem
489 1117 66 36 ab
522 1117 155 36 haereticis
644 1117 144 36 perhiberi
755 1117 177 36 conscriptam.
888 1117 77 36 Gela¬-

150 1148 91 38 sio
202 1148 168 38 Pontifici
331 1148 129 38 Romano
422 1148 181 38 subscribit
564 1148 155 38 Baronius
680 1148 181 38 Cardinalis
823 1148 103 38 Rom.
874 1148 91 38 Nota.

157 1179 136 47 tionibus
259 1179 68 47 in
293 1179 148 47 Martyrol.
406 1179 91 47 Rom.
463 1179 114 47 April.
543 1179 79 47 23.
588 1179 79 47 ubi
633 1179 114 47 docet,
713 1179 102 47 illam
781 1179 68 47 de
815 1179 102 47 actis
872 1179 102 47 Georgii

161 1214 144 39 fabulam
265 1214 131 39 fuisse
357 1214 170 39 commentum
474 1214 157 39 Arianorum.

198 1237 148 50 Catharina
312 1237 91 50 vero
369 1237 103 50 virgo
437 1237 57 50 &
460 1237 126 50 mattyr,
552 1237 183 50 Alexandrina,
700 1237 103 50 Costi
768 1237 103 50 regis
837 1237 114 50 filia,
905 1237 69 50 quae

152 1277 214 39 quinquaginta
325 1277 214 39 Philosophis,
499 1277 107 39 quos
566 1277 174 39 Maxentius
699 1277 174 39 Imperator
833 1277 80 39 ad
873 1277 120 39 ipsam
940 1277 40 39 a

162 1314 128 38 Christi
255 1314 93 38 fide
314 1314 163 38 abducendam
442 1314 163 38 adhibuisse
570 1314 128 38 fertur,
663 1314 81 38 non
709 1314 151 38 cesserit,
826 1314 58 38 &
849 1314 105 38 cujus
907 1314 70 38 mor¬-

159 1350 98 31 tuae
220 1350 135 31 cadaver
319 1350 74 31 ab
356 1350 135 31 Angelis
454 1350 74 31 in
491 1350 123 31 montem
577 1350 111 31 Sinai
651 1350 172 31 asportatum
786 1350 98 31 sit;
835 1350 148 31 Catharina,

161 1381 135 40 inquam,
259 1381 98 40 haec
320 1381 135 40 nunquam
418 1381 159 40 exstitit,
540 1381 110 40 sicut
613 1381 110 40 neque
687 1381 86 40 rex
735 1381 122 40 Costus
821 1381 122 40 unquam
894 1381 86 40 ullus

164 1410 104 37 fuit.
233 1410 81 37 Non
279 1410 92 37 enim
336 1410 69 37 in
371 1410 138 37 Eusebio,
474 1410 104 37 neque
543 1410 69 37 in
578 1410 138 37 Socrate,
681 1410 104 37 neque
750 1410 69 37 in
785 1410 92 37 ullo
842 1410 92 37 alio
888 1410 92 37 veteri

156 1441 160 46 historico
279 1441 86 46 qui
328 1441 74 46 de
365 1441 234 46 persecutionibus
563 1441 210 46 Christianorum
735 1441 197 46 scripserunt,
896 1441 86 46 vel
933 1441 86 46 jotaE

160 1476 73 45 de
196 1476 158 45 Catharina
318 1476 110 45 Costi
391 1476 110 45 regis
464 1476 110 45 filia
537 1476 170 45 reperitur,
671 1476 85 45 sed
720 1476 122 45 tantum
805 1476 73 45 in
829 1476 146 45 recentibus

167 1513 195 41 Monachorum
306 1513 139 41 fabulis.

192 1542 212 42 Christophorus
366 1542 137 42 itidem,
466 1542 100 42 homo
528 1542 150 42 gigantea
641 1542 187 42 proceritate
790 1542 162 42 corporis,
903 1542 62 42 duo

162 1577 111 40 decim
236 1577 135 40 minimum
334 1577 111 40 ulnas
408 1577 135 40 cubitos
506 1577 74 40 ve
543 1577 123 40 altus,
629 1577 86 40 qui
679 1577 148 40 Christum
789 1577 74 40 in
826 1577 135 40 humeros
912 1577 62 40 suo

159 1608 151 42 sublatum,
276 1608 105 42 longa
346 1608 105 42 trabe
416 1608 151 42 innitens;
532 1608 163 42 periculosi
660 1608 140 42 fluminis
765 1608 105 42 aquas
835 1608 175 42 traduxerit,

165 1641 60 44 &
189 1641 120 44 postea
273 1641 84 44 sub
322 1641 108 44 Dagno
394 1641 108 44 rege,
466 1641 72 44 in
502 1641 96 44 Samo
562 1641 120 44 nescio
647 1641 84 44 qua
695 1641 120 44 passus
779 1641 96 44 sit:
827 1641 157 44 Christopho¬-

160 1685 95 36 rus,
220 1685 131 36 inquam,
315 1685 83 36 hic
362 1685 131 36 nunquam
457 1685 154 36 exstitit.
576 1685 83 36 Nam
624 1685 119 36 testis
707 1685 143 36 antiquus
814 1685 83 36 qui
849 1685 131 36 historiam

168 1711 129 40 veterum
262 1711 141 40 martyrum
368 1711 141 40 scripsit
474 1711 129 40 produci
568 1711 118 40 potest
650 1711 129 40 nullus:
744 1711 153 40 fictitius
862 1711 106 40 etiam
920 1711 59 40 est

164 1742 83 43 rex
212 1742 131 43 Dagnus:
307 1742 107 43 impia
379 1742 83 43 est
426 1742 119 43 fabula
510 1742 95 43 haec
570 1742 72 43 de
605 1742 203 43 Christophoro,
772 1742 83 43 cum
820 1742 119 43 fingat
892 1742 83 43 Chri¬-

171 1773 95 37 stum
231 1773 131 37 corpore
326 1773 83 37 suo
373 1773 95 37 post
433 1773 178 37 ascensionem
575 1773 71 37 in
611 1773 119 37 caelum
694 1773 119 37 iterum
778 1773 71 37 in
813 1773 119 37 terris
885 1773 83 37 versa

165 1804 98 44 tum,
226 1804 122 44 contra
312 1804 184 44 Scripturam,
459 1804 122 44 contra
544 1804 184 44 testrmonium
691 1804 110 44 Petri
765 1804 147 44 Apostoli
863 1804 122 44 dicentis

169 1842 91 39 Act.
225 1842 68 39 3.
259 1842 68 39 v.
294 1842 79 39 2..
339 1842 68 39 de
373 1842 136 39 Christo,
475 1842 91 39 Quem
532 1842 125 39 oportet
623 1842 102 39 caeli
691 1842 136 39 capiant,
793 1842 102 39 usque
861 1842 68 39 ad
884 1842 102 39 tempora

162 1869 189 37 restitutionis
317 1869 122 37 omnium,
406 1869 67 37 de
439 1869 111 37 quibus
517 1869 133 37 loquutus
617 1869 78 37 est
661 1869 89 37 Deus
717 1869 55 37 a
739 1869 111 37 seculo
817 1869 78 37 per
861 1869 67 37 os
883 1869 100 37 omnium,

176 1903 163 37 sanctorum
302 1903 125 37 suorum
389 1903 200 37 Prophetarum.
552 1903 88 37 Est
602 1903 113 37 eadem
677 1903 125 37 fabula
764 1903 175 37 blasphema,
902 1903 100 37 quid

162 1940 132 44 fingit
254 1940 92 44 CHR
307 1940 106 44 STUM
373 1940 145 44 nonnisi
479 1940 92 44 ope
531 1940 145 44 hominis
637 1940 132 44 istius
729 1940 132 44 flumen
808 1940 172 44 periculosum

178 1972 127 44 transire
263 1972 117 44 potuisse.

201 1996 87 48 Sic
250 1996 125 48 igitur
338 1996 125 48 Papani
425 1996 149 48 invocant
537 1996 149 48 Angelos,
649 1996 174 48 sanctosque
786 1996 174 48 demortuos:
910 1996 75 48 quin

175 2035 102 42 etiam
243 2035 80 42 eos
288 2035 80 42 qui
334 2035 80 42 vel
379 2035 114 42 sancti
459 2035 80 42 non
504 2035 136 42 fuerunt,
607 2035 80 42 vel
652 2035 114 42 nunqua
732 2035 68 42 in
766 2035 102 42 mundo
834 2035 171 42 exstiterunt

207 2072 107 40 Iidem
278 2072 131 40 adorant
373 2072 143 40 imagines
480 2072 83 40 seu
528 2072 119 40 idola,
611 2072 59 40 &
635 2072 119 40 quidem
718 2072 71 40 si
753 2072 71 40 de
789 2072 71 40 re
825 2072 95 40 ipsa
884 2072 119 40 agatur

174 2102 99 44 dicit
240 2102 165 44 Bellarminus
372 2102 88 44 tomo
428 2102 66 44 1.
461 2102 132 44 Controv.
560 2102 66 44 7.
593 2102 88 44 lib.
648 2102 66 44 2.
681 2102 66 44 c.
714 2102 77 44 23.
758 2102 121 44 admitti
847 2102 110 44 posse,
913 2102 66 44 ima¬-

176 2138 106 45 gines
247 2138 106 45 posse
317 2138 94 45 coli
376 2138 153 45 improprie
493 2138 82 45 vel
540 2138 82 45 per
587 2138 141 45 accidens
693 2138 106 45 eodem
763 2138 117 45 genere
845 2138 129 45 cultus,
927 2138 59 45 quo

171 2172 146 39 exemplai
280 2172 109 39 ipsum
353 2172 146 39 colitur,
462 2172 73 39 ac
499 2172 134 39 proinde
596 2172 146 39 imagines
706 2172 134 39 Christi
803 2172 170 39 improprie,
924 2172 61 39 ve¬-

1017 2237 96 38 non
1072 2237 123 38 autem
1154 2237 82 38 de
1195 2237 192 38 imaginibus
1332 2237 206 38 Christianorum

173 2201 82 46 per
220 2201 141 46 accidens
326 2201 106 46 posse
397 2201 141 46 honorati
503 2201 106 46 cultu
574 2201 141 46 latriae.
680 2201 71 46 Et
715 2201 165 46 communiter
845 2201 82 46 hoc
880 2201 106 46 statue¬-

182 2233 99 43 cunt
243 2233 123 43 Thomas
329 2233 148 43 Aquinas,
440 2233 185 43 Bonaventura
588 2233 62 43 &
613 2233 111 43 alii,
687 2233 111 43 eodem
760 2233 111 43 cultu
834 2233 99 43 coli
884 2233 99 43 imagi¬-

180 2265 82 49 nem
227 2265 59 49 &
251 2265 152 49 exemplar,
368 2265 70 49 ut
403 2265 129 49 fatetur
497 2265 176 49 Bellarminus
637 2265 105 49 dicto
708 2265 94 49 lib.
766 2265 94 49 cap.
825 2265 82 49 25.
872 2265 70 49 At
895 2265 94 49 imagi¬-

177 2304 83 42 num
225 2304 83 42 seu
272 2304 142 42 idolorum
378 2304 142 42 adoratio
485 2304 59 42 &
509 2304 154 42 veneratio
627 2304 83 42 est
663 2304 118 42 illicita

216 2324 70 53 I.
251 2324 93 53 Quia
309 2324 140 53 quicquid
414 2324 58 53 a
437 2324 81 53 Deo
484 2324 163 53 prohibitum
612 2324 93 53 est,
670 2324 70 53 id
705 2324 151 53 illicitum
821 2324 81 53 est
868 2324 70 53 At
891 2324 93 53 imagi¬-

173 2368 76 39 num
216 2368 130 39 adoratio
314 2368 54 39 a
335 2368 76 39 Deo
378 2368 76 39 est
422 2368 140 39 prohibita
530 2368 97 39 Exod.
594 2368 76 39 20.
637 2368 65 39 v.
670 2368 65 39 4.
702 2368 54 39 &
724 2368 65 39 5.
756 2368 65 39 Ne
789 2368 108 39 facito
864 2368 86 39 tibi
907 2368 76 39 scule

176 2402 106 41 ptile,
251 2402 74 41 aut
293 2402 96 41 ullam
357 2402 128 41 imaginem
453 2402 96 41 eorum
517 2402 85 41 quae
570 2402 85 41 sunt
623 2402 64 41 in
655 2402 96 41 calis
719 2402 106 41 supra,
793 2402 74 41 aut
836 2402 85 41 quae
889 2402 64 41 in
911 2402 74 41 terra

178 2436 111 41 infra,
256 2436 78 41 aut
300 2436 89 41 quae
355 2436 67 41 in
389 2436 100 41 aquis
455 2436 100 41 infra
522 2436 122 41 terram.
611 2436 67 41 Ne
644 2436 133 41 incurves
744 2436 67 41 te
777 2436 89 41 eis,
832 2436 100 41 neque
899 2436 111 41 colito
966 2436 55 41 ea.

177 2469 109 40 Hujus
250 2469 206 40 prohibitionis
419 2469 145 40 rationem
528 2469 182 40 gravissimam
674 2469 109 40 addit
746 2469 109 40 Deus:
819 2469 85 40 Nam
868 2469 97 40 ego,
916 2469 85 40 Ieho¬-

186 2500 71 39 va
222 2500 94 39 Deus
280 2500 94 39 tuus
339 2500 94 39 Deus
398 2500 118 39 fortis
480 2500 129 39 zelotes
574 2500 94 39 sum,
633 2500 141 39 visitans
739 2500 176 39 iniquitatem
880 2500 118 39 patrum
951 2500 47 39 in

191 2533 113 40 filios,
273 2533 61 40 in
303 2533 123 40 nepotes,
395 2533 51 40 &
416 2533 61 40 in
447 2533 143 40 abnepotes,
559 2533 61 40 in
590 2533 72 40 eos
631 2533 72 40 qui
672 2533 82 40 edio
723 2533 164 40 prosequuntur
856 2533 72 40 me.
887 2533 102 40 Exercent

183 2564 93 42 vero
242 2564 187 42 benignitatem
394 2564 70 42 in
429 2564 163 42 millesimos
557 2564 117 42 (nempe
639 2564 58 42 a
662 2564 140 42 patribus
767 2564 93 42 Jqui
826 2564 140 42 diligunt
931 2564 70 42 me
954 2564 35 42 &

189 2603 83 38 qui
237 2603 154 38 observant
355 2603 130 38 mandata
450 2603 95 38 mea.
509 2603 95 38 Haec
568 2603 95 38 ipsa
628 2603 166 38 prohibitio
758 2603 154 38 repetitur
876 2603 107 38 Deut.
936 2603 47 38 5.

220 2632 78 40 II.
264 2632 89 40 Quia
320 2632 100 40 cujus
386 2632 78 40 rei
431 2632 89 40 ipsa
486 2632 100 40 etiam
553 2632 122 40 factura
641 2632 144 40 divinitus
752 2632 78 40 est
796 2632 155 40 prohibita,
907 2632 89 40 illius

191 2665 103 44 certe
259 2665 137 44 adoratio
362 2665 80 44 est
408 2665 149 44 illicita.
523 2665 69 44 At
557 2665 137 44 imaginum
660 2665 69 44 ad
694 2665 160 44 religionem
820 2665 92 44 ipsa
878 2665 103 44 etiam
935 2665 57 44 fa¬-

183 2699 103 36 ctura
251 2699 80 36 est
297 2699 148 36 divinitus
411 2699 160 36 prohibita.
536 2699 80 36 Sic
582 2699 91 36 enim
639 2699 103 36 Moses
707 2699 137 36 expresse
810 2699 80 36 ait
855 2699 103 36 Deut.
924 2699 68 36 4.
946 2699 46 36 v.

191 2737 77 32 15.
235 2737 143 32 Cavebitis
345 2737 99 32 vobis
410 2737 99 32 ipsis
476 2737 110 32 valde:
553 2737 77 32 nam
597 2737 77 32 non
641 2737 208 32 animadvertistis
816 2737 99 32 ullam
871 2737 121 32 similitus

180 2759 112 43 dinem,
258 2759 78 43 quo
303 2759 78 43 die
347 2759 156 43 alloquutus
470 2759 78 43 est
515 2759 112 43 Iehova
593 2759 78 43 vos
638 2759 67 43 in
671 2759 123 43 Chorebo
761 2759 56 43 e
783 2759 101 43 medio
850 2759 112 43 illius
917 2759 78 43 ignis

190 2794 67 34 Vt
223 2794 78 34 non
268 2794 167 34 corrumpatis
402 2794 89 34 vos,
457 2794 56 34 &
479 2794 134 34 faciatis
580 2794 100 34 vobis
647 2794 156 34 sculptile,
769 2794 189 34 similitudinem
914 2794 89 34 ullius

195 2827 165 34 simulacris
325 2827 118 34 formam
407 2827 106 34 maris
477 2827 82 34 aut
524 2827 141 34 feminae:
630 2827 118 34 Formam
712 2827 118 34 ullius
795 2827 153 34 animalis,
912 2827 82 34 &c.
959 2827 71 34 Et

193 2863 98 38 Exod.
259 2863 76 38 20.
302 2863 65 38 v.
335 2863 76 38 22.
378 2863 76 38 Vos
422 2863 142 38 vidistis,
531 2863 65 38 ex
564 2863 98 38 calis
629 2863 65 38 me
662 2863 120 38 locutum
749 2863 87 38 esse
804 2863 131 38 vobiscum
902 2863 65 38 Ne
924 2863 76 38 faci¬-

190 2895 66 38 te
223 2895 88 38 deos
278 2895 110 38 mecum:
355 2895 88 38 deos
411 2895 154 38 argenteos,
532 2895 77 38 aut
576 2895 88 38 deos
631 2895 110 38 aureos
708 2895 66 38 ne
741 2895 110 38 facite
819 2895 110 38 vobis.
896 2895 66 38 Et
918 2895 88 38 rursum

200 2927 97 38 Deut.
265 2927 65 38 4.
297 2927 65 38 v.
329 2927 75 38 23.
372 2927 108 38 Cavete
448 2927 108 38 vobis,
523 2927 65 38 ne
555 2927 183 38 obliviscamini
706 2927 118 38 federis
792 2927 118 38 Iehovae
878 2927 75 38 Dei
910 2927 97 38 vestri,

188 2965 89 38 quod
243 2965 122 38 pepigit
332 2965 145 38 vobiscum,
444 2965 78 38 aut
488 2965 133 38 ficiatis
588 2965 100 38 vobis
655 2965 156 38 sculptile,
777 2965 189 38 similitudinem
922 2965 89 38 ullius

201 2997 100 39 rei,
263 2997 100 39 quia
325 2997 174 39 interdixit
462 2997 100 39 tibi
524 2997 125 39 Iehova
612 2997 100 39 Deus
674 2997 112 39 tuus.
748 2997 87 39 Hoc
798 2997 174 39 argumentum
923 2997 87 39 usque

191 3028 103 41 adeo
255 3028 129 41 firmum
345 3028 103 41 est,
410 3028 77 41 ut
448 3028 103 41 ipsa
513 3028 116 41 etiam
590 3028 141 41 Sinodus
692 3028 129 41 Nicena
782 3028 141 41 secunda
872 3028 129 41 imaginum

194 3061 139 33 aliarum
295 3061 151 33 alioquin
409 3061 202 33 approbatrix,
572 3061 151 33 imagines
686 3061 113 33 tamen
762 3061 88 33 Dei
812 3061 88 33 non
850 3061 151 33 admiserit:

197 3084 75 51 Nam
240 3084 118 51 Actione
326 3084 64 51 3.
358 3084 107 51 dicit:
433 3084 161 51 Invisibilis
562 3084 75 51 est
605 3084 172 51 diuvinitatis
745 3084 118 51 natura,
830 3084 75 51 nec
873 3084 129 51 depingi,
970 3084 75 51 nec
1002 3084 43 51 Et

195 3121 129 49 figurari
292 3121 65 49 se
314 3121 118 49 permittu.

222 3149 99 53 III.
283 3149 99 53 Quia
345 3149 148 53 quicquid
456 3149 99 53 Deus
518 3149 123 53 mandat
604 3149 111 53 tolli
679 3149 62 53 &
703 3149 148 53 aboleri,
814 3149 123 53 illius
889 3149 123 53 adoratio

983 145 109 46 atque
1056 145 158 46 veneratio
1177 145 85 46 est
1225 145 145 46 illicita
1334 145 73 46 At
1371 145 145 46 imagines
1480 145 61 46 &
1504 145 109 46 idola
1577 145 97 46 Deus
1637 145 121 46 mandat
1722 145 109 46 tolli
1783 145 36 46 &

998 188 133 34 aboleri.
1098 188 100 34 Exod.
1164 188 77 34 23.
1208 188 100 34 vers.
1275 188 77 34 24.
1319 188 66 34 Ne
1352 188 144 34 incurvato
1463 188 66 34 te
1496 188 89 34 diis
1551 188 111 34 eorum,
1629 188 100 34 neque
1695 188 111 34 colito
1762 188 55 34 eos

1005 219 106 34 neque
1076 219 117 34 facito
1158 219 141 34 secundum
1263 219 106 34 opera
1334 219 152 34 eorum:sed
1451 219 117 34 omnino
1533 219 152 34 demolitor
1650 219 82 34 eos
1697 219 59 34 &
1709 219 117 34 confrin¬-

999 252 98 41 gito
1060 252 134 41 statuas
1157 252 122 41 eorum,
1243 252 61 41 &
1267 252 98 41 cap.
1328 252 85 41 34.
1377 252 110 41 vers.
1450 252 85 41 13.
1499 252 134 41 Altaria
1596 252 110 41 eorum
1669 252 171 41 demolimini
1791 252 37 41 &

999 289 127 34 statuas
1092 289 104 34 eorum
1161 289 174 34 frangitote,
1300 289 69 34 ac
1335 289 104 34 lucos
1404 289 104 34 eorum
1474 289 185 34 succiditote:
1624 289 81 34 Nam
1671 289 81 34 non
1705 289 116 34 convenit

1002 318 75 44 te
1040 318 176 44 incurvatum
1178 318 138 44 honorem
1279 318 151 44 exhibera
1392 318 88 44 Deo
1442 318 138 44 alieno;
1543 318 138 44 Iehovae
1643 318 101 44 enim
1706 318 113 44 nomen
1769 318 63 44 est

1000 349 124 48 zelotes,
1093 349 83 48 Deus
1144 349 103 48 fortis
1216 349 113 48 zelotes
1288 349 52 48 est

1035 366 79 56 Ad
1074 366 92 56 hoc
1127 366 196 56 argumentum,
1284 366 79 56 ut
1323 366 118 56 etiam
1401 366 79 56 ad
1441 366 118 56 alia,
1519 366 92 56 duo
1571 366 157 56 excipere
1689 366 131 56 solent
1768 366 65 56 Pa¬-

1011 418 109 32 bani.
1083 418 121 32 Primum
1168 418 97 32 est,
1228 418 97 32 suas
1289 418 145 32 imagines
1397 418 85 32 non
1446 418 97 32 esse
1506 418 121 32 idola.
1591 418 133 32 Alterum
1687 418 97 32 est,
1735 418 97 32 manda¬-

1002 450 88 36 tum
1053 450 138 36 divinum
1153 450 88 36 quo
1203 450 188 36 prohibentur
1353 450 63 36 &
1378 450 138 36 aboleri
1478 450 150 36 jubentur
1590 450 125 36 idola,
1665 450 163 36 intelligen¬-

1004 483 86 43 dum
1053 483 98 43 esse
1114 483 147 43 duntaxat
1224 483 74 43 de
1261 483 123 43 idolis
1347 483 172 43 gentilium,
1482 483 86 43 non
1531 483 74 43 de
1568 483 172 43 imaginibus
1690 483 135 43 Christia¬

990 517 104 38 norum.

1031 541 161 53 REPLICO
1148 541 88 53 ad
1192 541 146 53 primam
1294 541 234 53 exceptionem,
1484 541 190 53 Papanorum
1630 541 175 53 imagines
1747 541 88 53 sunt

1006 576 120 43 idola:
1090 576 120 43 primo,
1173 576 96 43 quia
1233 576 108 43 omnes
1305 576 143 43 imagines
1413 576 167 43 factitiae,
1544 576 96 43 quum
1604 576 143 43 coluntur
1711 576 60 43 &
1723 576 108 43 adoran¬-

1009 618 99 35 tur,
1070 618 99 35 sunt
1132 618 124 35 idola.
1219 618 74 35 At
1256 618 173 35 Papistarum
1392 618 148 35 imagines
1503 618 148 35 coluntur
1615 618 62 35 &
1639 618 173 35 adorantur.
1763 618 62 35 Sun

1021 649 108 44 gitur
1093 649 120 44 idola.
1177 649 108 44 Major
1249 649 84 44 est
1297 649 180 44 certissima:
1442 649 84 44 nam
1490 649 156 44 Scriptura
1610 649 144 44 imagines
1718 649 72 44 ab
1742 649 84 44 homi¬-

1005 685 109 36 nibus
1078 685 122 36 fectas
1163 685 61 36 &
1187 685 122 36 cultas
1272 685 109 36 vocat
1345 685 122 36 idola:
1431 685 85 36 Ita
1479 685 134 36 vitulum
1577 685 61 36 a
1601 685 122 36 populo
1674 685 158 36 Israelitice

1009 715 120 41 cultum
1093 715 108 41 vocat
1165 715 120 41 idolum
1249 715 96 41 Act.
1309 715 72 41 7.
1345 715 72 41 v.
1381 715 84 41 41.
1429 715 108 41 Imago
1500 715 60 41 a
1524 715 132 41 Rachele
1620 715 144 41 surrepta
1728 715 72 41 in
1752 715 84 41 Grae¬-

1004 758 79 30 ca
1043 758 250 30 interpretatione
1254 758 66 30 &
1280 758 79 30 in
1319 758 131 30 Latina
1411 758 158 30 versione
1530 758 145 30 Vulgata
1635 758 145 30 vocatur
1727 758 105 30 idolum

1013 780 96 39 Gen.
1073 780 84 39 31.
1121 780 72 39 v.
1156 780 84 39 34.
1204 780 167 39 Simulacrum
1335 780 119 39 Michae
1419 780 131 39 vocatur
1515 780 119 39 idolum
1598 780 96 39 Jud.
1658 780 84 39 18.
1706 780 72 39 v.
1741 780 84 39 31.
1777 780 60 39 Vi¬-

1006 816 91 35 tuli
1062 816 136 35 Ephrajum
1165 816 136 35 vocantur
1267 816 102 35 idola
1335 816 113 35 Hosrae
1414 816 68 35 4.
1448 816 102 35 vers.
1516 816 79 35 17.
1562 816 57 35 &
1584 816 79 35 13.
1630 816 68 35 v.
1664 816 68 35 2.
1698 816 57 35 &
1721 816 79 35 14.
1766 816 68 35 v.
1789 816 45 35 9.

1007 849 103 41 Idem
1072 849 168 41 testantur
1201 849 181 41 complurimi
1343 849 103 41 alii
1407 849 194 41 Prophetarum
1562 849 116 41 loci.
1639 849 116 41 Minor
1704 849 129 41 Papista¬-

1011 879 82 45 rum
1058 879 176 45 confessione
1199 879 94 45 vera
1246 879 70 45 est.

1041 918 146 44 Secundo,
1150 918 97 44 quia
1211 918 146 44 quicquid
1321 918 73 44 de
1357 918 122 44 idolis
1442 918 158 44 Scriptura
1564 918 122 44 dicit,
1649 918 73 44 in
1686 918 146 44 imagines
1783 918 61 44 Pa¬-

1014 948 140 40 panorum
1116 948 166 40 competit:
1244 948 102 40 Sunt
1308 948 115 40 opera
1384 948 128 40 manuum
1474 948 153 40 hominum:
1589 948 77 40 Os
1627 948 89 40 est
1678 948 89 40 ei,
1729 948 89 40 sea
1767 948 77 40 non¬-

1015 982 156 39 loquuntur;
1137 982 100 39 ocule
1204 982 89 39 sunt
1259 982 89 39 eis,
1315 982 78 39 sed
1359 982 78 39 non
1404 982 122 39 vident:
1493 982 100 39 Aures
1559 982 89 39 sunt
1615 982 89 39 eis,
1670 982 78 39 sed
1715 982 78 39 non
1748 982 100 39 udiunt;

1012 1014 101 36 nasus
1079 1014 79 36 est
1124 1014 90 36 eis,
1180 1014 79 36 sed
1225 1014 79 36 non
1270 1014 157 36 odorantur:
1394 1014 101 36 Manus
1462 1014 90 36 sunt
1518 1014 90 36 eis,
1574 1014 79 36 sed
1619 1014 79 36 non
1664 1014 135 36 palpant:
1754 1014 90 36 peres.

1011 1050 90 39 sunt
1067 1050 90 39 eis,
1123 1050 78 39 sed
1167 1050 78 39 non
1212 1050 145 39 ambulant;
1324 1050 78 39 non
1369 1050 123 39 mutiunt
1458 1050 123 39 gutture
1548 1050 90 39 suo.
1604 1050 112 39 Psalm:
1682 1050 78 39 115
1727 1050 101 39 vers.
1783 1050 56 39 41.

1016 1078 63 44 &
1029 1078 163 44 sequentibus

1047 1103 140 51 Tertio,
1149 1103 102 51 quia
1213 1103 114 51 omnes
1289 1103 153 51 imagines
1403 1103 102 51 manu
1467 1103 127 51 humana
1556 1103 127 51 factae
1645 1103 102 51 sunt
1708 1103 127 51 idola:
1784 1103 64 51 nam

1029 1147 100 39 haec
1091 1147 125 39 δμώσnα
1178 1147 62 39 α
1203 1147 112 39 sunt,
1278 1147 100 39 nepe
1341 1147 112 39 imago
1416 1147 100 39 mani
1478 1147 137 39 huniana
1578 1147 125 39 facea,
1665 1147 75 39 &.
1703 1147 112 39 olum;
1765 1147 75 39 tan¬-

1020 1179 91 36 tum
1072 1179 78 36 in
1111 1179 78 36 eo
1150 1179 182 36 differunt,
1293 1179 104 36 quod
1358 1179 117 36 illud
1436 1179 143 36 Ladnun:
1540 1179 104 36 est,
1605 1179 91 36 hoc
1657 1179 130 36 Oacum:
1748 1179 65 36 &
1761 1179 78 36 unum

1016 1213 76 43 de
1054 1213 127 43 altero
1143 1213 152 43 enunciat
1257 1213 203 43 Tertullianus
1422 1213 114 43 sibro
1498 1213 76 43 de
1536 1213 190 43 idosolatria
1688 1213 76 43 e.
1726 1213 76 43 ia
1751 1213 89 43 colis

1027 1247 135 35 numanus
1125 1247 123 35 error,
1211 1247 196 35 praeteripium
1370 1247 123 35 omnium
1456 1247 184 35 condicerei:
1603 1247 110 35 corum
1676 1247 147 35 imagines
1774 1247 74 35 ido¬-

1026 1276 81 39 la,
1073 1276 140 39 imaginum
1178 1276 163 39 cosecratio
1305 1276 186 39 idolosatria.
1457 1276 128 39 Quario,
1550 1276 93 39 quia
1608 1276 105 39 omnis
1678 1276 105 39 forma
1747 1276 81 39 vel
1782 1276 70 39 for¬-

1023 1314 97 40 mula
1083 1314 109 40 opere
1156 1314 133 40 hominis
1252 1314 109 40 facta
1325 1314 85 40 est
1373 1314 133 40 idolum:
1470 1314 109 40 sicut
1542 1314 193 40 Tertullianus
1699 1314 109 40 libro
1772 1314 72 40 de
1796 1314 48 40 i¬-

1018 1349 157 37 dololatria
1141 1349 67 37 c.
1175 1349 67 37 3.
1209 1349 112 37 dicit:
1287 1349 101 37 Omnis
1355 1349 101 37 ferma
1422 1349 79 37 vel
1467 1349 124 37 formula
1557 1349 112 37 idolum
1636 1349 67 37 se
1669 1349 90 37 dici
1726 1349 135 37 exposcit

1023 1380 129 41 Unive,
1114 1380 142 41 saliter
1217 1380 194 41 pronunciat,
1372 1380 116 41 OMNIS
1449 1380 129 41 forma:
1540 1380 155 41 Loquitur
1656 1380 116 41 autem
1734 1380 78 41 de
1760 1380 90 41 forma

1026 1414 159 39 artifi.io
1148 1414 123 39 humano
1234 1414 147 39 effecta.
1344 1414 74 39 At
1381 1414 110 39 omnes
1455 1414 172 39 Papisticae
1590 1414 147 39 imagines
1700 1414 98 39 sunt
1749 1414 98 39 formae

1023 1444 87 40 vel
1072 1444 74 40 fo
1109 1444 112 40 mulae
1184 1444 136 40 manibus
1283 1444 136 40 humanis
1370 1444 112 40 factae¬-

1047 1477 164 46 REPLICO
1166 1477 89 46 ad
1211 1477 178 46 secundam
1344 1477 238 46 exceptionem.
1538 1477 178 46 Mandatum
1672 1477 164 46 divinum
1776 1477 74 46 quo

1022 1511 187 43 prohibentur
1171 1511 62 43 &
1196 1511 137 43 aboleri
1295 1511 149 43 jubentur
1407 1511 112 43 idola
1482 1511 211 43 inteliigendum
1656 1511 87 43 est
1706 1511 75 43 de
1731 1511 124 43 omnibus.

1026 1548 177 45 imaginibus
1165 1548 101 45 quae
1228 1548 139 45 hominum
1329 1548 139 45 manibus
1430 1548 164 45 coluntur:
1557 1548 101 45 Quia
1620 1548 88 45 lex
1670 1548 88 45 non
1708 1548 139 45 distingui

1023 1578 112 39 inter
1097 1578 150 39 imagines
1210 1578 162 39 Judaeorum
1335 1578 62 39 &
1360 1578 175 39 Gentilium,
1497 1578 100 39 ideo
1559 1578 87 39 nec
1609 1578 87 39 nos
1659 1578 187 39 distinguere
1797 1578 62 39 de¬-

1024 1612 117 39 bemus
1102 1612 117 39 inter
1180 1612 156 39 imagines
1297 1612 221 39 Christianorum
1478 1612 65 39 &
1504 1612 182 39 Gentilium;
1647 1612 130 39 Deinde
1725 1612 130 39 imagines

1035 1646 118 40 quibus
1118 1646 94 40 Deus
1177 1646 71 40 ab
1212 1646 154 40 nominibus
1330 1646 213 40 repraesentatur
1508 1646 94 40 sunt
1567 1646 177 40 simpliciter
1708 1646 142 40 vetitae,
1803 1646 59 40 fa¬-

1026 1678 109 37 tente
1099 1678 109 37 etiam
1171 1678 145 37 Concilio
1280 1678 121 37 Niceno
1365 1678 145 37 secundo,
1474 1678 97 37 etsi
1534 1678 109 37 alias
1607 1678 145 37 imagines
1716 1678 109 37 fieri
1788 1678 61 37 &
1800 1678 61 37 co¬-

1032 1710 60 39 i
1056 1710 168 39 concedens,
1188 1710 192 39 idololatriam
1344 1710 192 39 confirmatit:
1501 1710 72 39 at
1537 1710 120 39 nullum
1621 1710 96 39 fere
1681 1710 84 39 est
1729 1710 96 39 apud
1777 1710 84 39 Papa¬-

1029 1746 86 39 nos
1078 1746 147 39 templum,
1188 1746 73 39 in
1225 1746 86 39 quo
1274 1746 86 39 non
1322 1746 86 39 sit
1371 1746 122 39 aliqua
1457 1746 86 39 Dei
1506 1746 122 39 imago.
1592 1746 73 39 Et
1628 1746 122 39 audent
1714 1746 135 39 negare,
1800 1746 61 39 di¬-

1032 1777 118 40 vinum
1110 1777 157 40 mandatum
1228 1777 79 40 de
1267 1777 105 40 suis
1333 1777 183 40 imaginibus
1464 1777 196 40 intelligendum

1059 1807 91 53 IV.
1111 1807 155 53 Quicquid
1227 1807 78 53 in
1266 1807 181 53 Gentilibus
1408 1807 116 53 ipsis
1486 1807 181 53 detestatur
1628 1807 168 53 Apostolus
1745 1807 116 53 Paulus,

1035 1836 70 45 id
1070 1836 105 45 multo
1140 1836 105 45 magis
1210 1836 175 45 Christianis
1351 1836 82 45 est
1386 1836 128 45 illicitum

1062 1870 75 43 At
1099 1870 150 43 imaginum
1211 1870 125 43 adora,
1299 1870 112 43 ionem
1374 1870 75 43 in
1411 1870 175 43 Gentilibus
1549 1870 112 43 ipsis
1624 1870 175 43 detestatur
1749 1870 112 43 Aposto¬-

1028 1900 81 42 lus
1075 1900 116 42 Paulus
1156 1900 93 42 Rom.
1213 1900 69 42 1.
1248 1900 69 42 v.
1283 1900 81 42 15.
1329 1900 69 42 Vt
1364 1900 81 42 qui
1410 1900 81 42 Dei
1456 1900 150 42 veritatem
1572 1900 150 42 transmnt,
1688 1900 93 42 rint
1745 1900 69 42 in
1768 1900 93 42 falsi¬-

1029 1941 108 49 tatem,
1105 1941 54 49 &
1126 1941 140 49 coluerint
1234 1941 65 49 ac
1267 1941 151 49 servierint
1386 1941 97 49 rebus
1451 1941 130 49 creatis,
1548 1941 151 49 praeterito
1667 1941 140 49 Creatore,
1775 1941 76 49 qui
1807 1941 54 49 est

1037 1968 159 43 benedictus
1162 1968 68 43 in
1196 1968 125 43 sacula,
1275 1968 80 43 Amen.

1056 2004 159 46 Excipiunt
1178 2004 134 46 Papani;
1276 2004 159 46 Simulaera
1398 2004 159 46 Gentilium
1520 2004 122 46 fuisse
1605 2004 122 46 idola;
1691 2004 73 46 at
1728 2004 73 46 se
1764 2004 86 46 non
1801 2004 61 46 ha¬-

1035 2033 98 40 bere
1096 2033 122 40 idola,
1181 2033 86 40 sed
1230 2033 147 40 imagines
1328 2033 98 40 tantum

1063 2068 171 42 REPLICO.
1191 2068 100 42 Imo
1248 2068 185 42 simulaera
1390 2068 71 42 a
1419 2068 199 42 Gentilibus
1575 2068 128 42 culta
1661 2068 142 42 Paulus
1746 2068 100 42 etiam

1018 2095 107 51 vocat
1090 2095 143 51 imagines
1197 2095 95 51 Rom.
1257 2095 72 51 1.
1292 2095 72 51 v.
1328 2095 83 51 23.
1376 2095 167 51 Mutaverunt
1507 2095 131 51 gloriam
1603 2095 227 51 incorruptibilis
1781 2095 72 51 Dei.

1028 2134 83 47 in
1070 2134 235 47 similitudinem
1263 2134 166 47 IMAGINIS
1388 2134 221 47 corruptibiis
1568 2134 152 47 hominis
1678 2134 69 47 &
1692 2134 166 47 volucrium,

1033 2165 66 46 &
1059 2165 199 46 quadrupedum
1219 2165 66 46 &
1232 2165 173 46 serpentium.

1067 2204 163 53 Excipiunt
1193 2204 138 53 rursum:
1293 2204 125 53 Paulum
1381 2204 88 53 hic
1431 2204 113 53 loqui
1507 2204 125 53 tantum
1594 2204 75 53 de
1632 2204 125 53 idolis
1707 2204 151 53 Gentilium,

1051 2259 122 50 REPL.
1133 2259 109 50 Quod
1201 2259 136 50 Paulus
1296 2259 81 50 in
1336 2259 190 50 Gentilibus
1486 2259 204 50 exsecratur,
1648 2259 81 50 id
1676 2259 176 50 Christianis

1031 2304 165 36 nequaquam
1158 2304 89 36 est
1209 2304 153 36 licitum.
1324 2304 102 36 Ideo
1387 2304 178 36 Augustinus
1527 2304 76 36 ad
1565 2304 102 36 hunc
1629 2304 114 36 ipsum
1705 2304 114 36 Pauli
1769 2304 89 36 locum

1029 2338 96 43 Tomo
1089 2338 72 43 3.
1125 2338 96 43 lib.
1184 2338 72 43 de
1220 2338 96 43 Fide
1280 2338 60 43 &
1304 2338 131 43 Symbolo
1399 2338 72 43 c.
1435 2338 72 43 7.
1471 2338 84 43 hoc
1519 2338 119 43 notat.
1602 2338 167 43 Exsecratur
1722 2338 131 43 Apostolus

1040 2366 81 40 nos
1086 2366 81 40 qui
1132 2366 196 40 commutaverunt
1293 2366 127 40 gloriam
1385 2366 219 40 incorruptibilis
1569 2366 81 40 Dei
1615 2366 69 40 in
1649 2366 184 40 similitudine
1787 2366 69 40 cor¬-

1035 2407 165 39 ruptibilis
1165 2407 142 39 hominis.
1271 2407 94 39 Tale
1330 2407 94 39 enim
1389 2407 165 39 simulacrum
1519 2407 83 39 Deo
1566 2407 106 39 nefas
1637 2407 83 39 est
1684 2407 165 39 Christiano
1802 2407 47 39 in

1041 2431 115 45 templo
1121 2431 161 45 collocare,
1247 2431 103 45 malto
1316 2431 103 45 magis
1385 2431 69 45 in
1419 2431 103 45 corde
1488 2431 138 45 nefarium
1591 2431 92 45 est,
1649 2431 80 45 ubi
1694 2431 92 45 vere
1752 2431 80 45 est
1786 2431 69 45 tem¬-

1036 2470 90 44 plum
1092 2470 90 44 Dei,
1148 2470 68 44 si
1182 2470 56 44 a
1205 2470 124 44 terrena
1295 2470 158 44 cupiditate
1419 2470 101 44 atque
1486 2470 113 44 errore
1554 2470 124 44 mundetur:

1081 2490 71 52 V.
1117 2490 143 52 Imaginum
1224 2490 143 52 illarum,
1331 2490 95 52 quas
1391 2490 131 52 ipsemet
1486 2490 95 52 Deus
1545 2490 107 52 fieri
1617 2490 143 52 expresse
1724 2490 155 52 jusserat,

1042 2534 110 39 cultus
1119 2534 88 39 fuit
1174 2534 155 39 illicitus:
1296 2534 77 39 nam
1340 2534 144 39 serpentis
1450 2534 110 39 aenei,
1528 2534 88 39 quem
1583 2534 88 39 Deus
1638 2534 99 39 fieri
1704 2534 132 39 jusserat
1793 2534 66 39 cul¬-

1035 2568 91 42 tus
1087 2568 181 42 improbatus
1229 2568 116 42 fuit:
1307 2568 103 42 unde
1371 2568 103 42 pius
1436 2568 65 42 &
1462 2568 220 42 laudatissimus
1643 2568 91 42 Rex
1695 2568 168 42 Ezechias,
1811 2568 52 42 eo

1045 2610 88 33 quod
1100 2610 66 33 ei
1133 2610 155 33 Israelitae
1255 2610 155 33 adolerent,
1376 2610 77 33 eum
1420 2610 133 33 contudit
1520 2610 55 33 &
1542 2610 144 33 confregit
1652 2610 66 33 2.
1685 2610 88 33 Reg.
1741 2610 77 33 18.
1785 2610 66 33 v.
1807 2610 44 33 4.

1051 2639 112 46 Multo
1125 2639 112 46 magis
1200 2639 125 46 igitur
1288 2639 100 46 erit
1350 2639 162 46 illicitus
1475 2639 125 46 cultus
1562 2639 162 46 imaginum,
1687 2639 100 46 quas
1750 2639 100 46 Deus
1800 2639 62 46 non

1048 2669 103 39 ussit
1116 2669 115 39 fieri,
1197 2669 115 39 quales
1277 2669 92 39 sunt
1334 2669 160 39 Papistarum
1449 2669 80 39 omnes

1083 2695 84 44 smo
1131 2695 144 44 imagines
1239 2695 168 44 religionis
1372 2695 108 44 causa
1444 2695 132 44 factae,
1540 2695 156 44 nequaquam
1660 2695 96 44 sunt
1709 2695 156 44 retinendae,

1043 2733 91 43 sed
1095 2733 182 43 auferendae
1238 2733 65 43 &
1264 2733 208 43 comminuendae
1421 2733 182 43 exurendaeque

1071 2769 73 39 I.
1107 2769 98 39 Quia
1168 2769 98 39 sunt
1230 2769 61 39 a
1254 2769 85 39 Deo
1303 2769 134 39 vetitae
1400 2769 73 39 in
1425 2769 122 39 Decalogo

1081 2796 73 44 II
1117 2796 97 44 Quia
1178 2796 145 44 impurant
1287 2796 133 44 terram,
1383 2796 121 44 Ezech.
1468 2796 85 44 36.
1516 2796 73 44 v.
1541 2796 60 44 18.

1082 2829 91 48 III.
1139 2829 91 48 Quia
1196 2829 91 48 sunt
1253 2829 148 48 stercorei
1356 2829 68 48 dii¬-

1066 2853 90 54 IV.
1118 2853 103 54 Quia
1182 2853 103 54 sunt
1247 2853 155 54 doctores
1363 2853 155 54 mendacii
1478 2853 64 54 &
1491 2853 155 54 vanitatis.

1103 2908 187 54 Hactenus
1244 2908 93 54 de
1290 2908 187 54 imaginum
1430 2908 218 54 adoratione
1602 2908 78 54 &
1617 2908 187 54 veneratio¬-

1196 2964 88 49 ne:
1247 2964 151 49 sequitur
1360 2964 76 49 de
1398 2964 177 49 adoratione
1537 2964 139 49 hostiae
1625 2964 76 49 con¬

1382 2996 126 48 secratae.

1069 3038 136 52 Papani
1165 3038 150 52 adorant
1274 3038 123 52 etiam
1355 3038 150 52 hostiam
1464 3038 204 52 consecratam
1628 3038 109 52 quam
1696 3038 123 52 Romae
1764 3038 95 52 palam

1043 3093 73 33 ac
1079 3093 135 33 publice
1177 3093 159 33 crustulum
1300 3093 159 33 nominant,
1422 3093 73 33 ut
1459 3093 122 33 videre
1544 3093 86 33 est
1593 3093 98 33 apud
1654 3093 147 33 Anastal.
1752 3093 110 33 German.

1051 3118 207 43 Protonoratium
1222 3118 183 43 Apostolicum
1368 3118 73 43 de
1405 3118 122 43 sacror
1490 3118 146 43 immuni:a
1600 3118 85 43 lib
1649 3118 73 43 3.
1685 3118 98 43 cap.
1746 3118 98 43 158.
1795 3118 61 43 20.

1047 3153 87 50 ex
1091 3153 218 50 typographia
1266 3153 175 50 Apostol.
1397 3153 175 50 Vaticana
1527 3153 87 50 ad
1571 3153 189 50 Gregorium
1717 3153 116 50 XIV.
1775 3153 87 50 quam
