2063 3422
157 147 131 53 tudinis
253 147 143 53 nostaae,
360 147 84 53 rei
408 147 179 53 familiaris,
551 147 60 53 &
575 147 167 53 caeteratum
706 147 107 53 rerum
777 147 131 53 omnium.
873 147 107 53 Marc.
944 147 72 53 7.
968 147 36 53 A

163 186 54 48 v.
190 186 63 48 37.
226 186 63 48 Ps.
262 186 72 48 119.
308 186 54 48 v.
326 186 45 48 71.

175 221 168 45 Celehratio
307 221 84 45 Dei
355 221 84 45 est
403 221 96 45 pars
463 221 156 45 gratiarum
582 221 144 45 actionis
690 221 96 45 seli
750 221 192 45 gratitudinis
894 221 72 45 erga

148 247 104 47 Deum
213 247 91 47 cum
265 247 104 47 Deum
330 247 78 47 in
368 247 143 47 omnibus
472 247 156 47 operibus
589 247 130 47 ipsius
680 247 169 47 laudamus,
809 247 65 47 &
822 247 143 47 beneficia

155 287 78 37 ab
194 287 103 37 ipso
258 287 142 37 accepta
362 287 220 37 commemoramus:
543 287 90 37 tum
594 287 116 37 alios
672 287 78 37 ad
711 287 155 37 videnda,
814 287 155 37 cognoscen¬-

156 322 79 34 da
195 322 65 34 &
221 322 210 34 consideranda
392 322 118 34 opera
470 322 105 34 Dei,
536 322 65 34 &
562 322 170 34 laudandum
693 322 118 34 ipsum
772 322 196 34 cohortamur.
916 322 52 34 1.

160 357 106 43 Chron.
234 357 74 43 29.
277 357 63 43 v.
308 357 74 43 10.
350 357 53 43 &
372 357 95 43 seqq.
435 357 74 43 Ps.
477 357 63 43 9.
509 357 63 43 2.
540 357 74 43 Ps.
583 357 74 43 30.
625 357 53 43 &
646 357 74 43 33.
688 357 53 43 &
709 357 74 43 34.
751 357 74 43 Ps.
794 357 74 43 46.
836 357 63 43 9,
867 357 74 43 10.
910 357 53 43 &
920 357 53 43 Ps.

163 387 77 42 47.
207 387 99 42 toto.
273 387 55 42 &
295 387 77 42 64.
339 387 77 42 10.
383 387 55 42 &
405 387 77 42 66.
438 387 77 42 toto.

189 419 90 44 Deo
241 419 90 44 non
292 419 129 44 tantum
382 419 154 44 pauperes
498 419 64 44 &
523 419 180 44 inferioris
665 419 141 44 ordinis
767 419 154 44 homines,
870 419 103 44 verum.

164 456 115 42 ttiam
241 456 204 42 potentissimi
406 456 64 42 &
432 456 217 42 generosissimi
610 456 127 42 quique
699 456 140 42 gloriam
801 456 64 42 &
827 456 127 42 laudem
903 456 64 42 ce¬-

162 486 93 44 dere
209 486 105 44 debent.

191 508 68 49 I.
225 508 90 49 Quia
281 508 68 49 ad
315 508 68 49 id
349 508 102 49 David
416 508 79 49 eos
461 508 169 49 exhortatur.
597 508 102 49 Psal.
664 508 79 49 29.
710 508 68 49 v.
743 508 68 49 1,
766 508 45 49 2.

186 550 81 44 II.
233 550 92 44 Quia
290 550 81 44 Dei
336 550 104 44 opera
405 550 69 44 id
440 550 161 44 requirunt.
566 550 81 44 Ps.
612 550 81 44 29.
658 550 104 44 toto,
727 550 81 44 Ps.
762 550 46 44 33

199 587 93 40 III.
257 587 93 40 Quia
316 587 163 40 celebratio
443 587 81 40 Dei
490 587 105 40 decet
560 587 116 40 rectos
641 587 105 40 Psal.
711 587 81 40 33.
746 587 46 40 1.

189 620 89 42 IV.
240 620 101 42 Quia
303 620 89 42 est
354 620 101 42 bona
418 620 89 42 Ps.
468 620 89 42 92.
506 620 51 42 1.

197 649 73 41 V.
233 649 98 41 Quia
295 649 122 41 verbum
380 649 86 41 Dei
429 649 86 41 est
478 649 122 41 rectum
564 649 110 41 Psal.
637 649 86 41 33.
674 649 49 41 4.

188 683 89 47 Fit
239 683 115 47 autem
316 683 178 47 celebratio
456 683 89 47 Dei
507 683 89 47 tum
558 683 127 47 animo:
647 683 89 47 tum
698 683 140 47 verbis,
799 683 102 47 quum
863 683 89 47 per
901 683 64 47 nos

164 711 105 50 psos
230 711 105 50 Deum
296 711 171 50 laudamus,
427 711 66 50 &
454 711 119 50 alios
533 711 79 50 ad
573 711 92 50 eum
625 711 158 50 nobiscum
744 711 171 50 laudandum
863 711 105 50 exhori

162 754 117 42 tamur:
244 754 94 42 sive
303 754 70 42 id
338 754 94 42 fiat
396 754 117 42 cantu,
478 754 94 42 sive
537 754 140 42 simplici
642 754 211 42 pronunciatione
818 754 117 42 absque
888 754 82 42 cantu

165 789 89 36 Exo.
220 789 78 36 15.
265 789 67 36 1.
298 789 78 36 Ps.
342 789 78 36 33.
387 789 67 36 1,
420 789 67 36 2,
453 789 67 36 3.
486 789 55 36 &
509 789 67 36 34
542 789 67 36 v.
575 789 67 36 1,
608 789 67 36 2,
642 789 67 36 3.
675 789 67 36 4.
708 789 133 36 Canendum
808 789 89 36 vero
863 789 78 36 Deo
896 789 78 36 novum

154 819 134 40 canticum
255 819 78 40 Ps.
299 819 78 40 33.
344 819 67 40 3.
378 819 67 40 id
411 819 90 40 est,
467 819 90 40 quod
523 819 78 40 non
568 819 146 40 senescit,
680 819 78 40 sed
725 819 134 40 perpetuo
825 819 101 40 durat
893 819 67 40 in
915 819 56 40 Ec¬-

153 857 132 34 clesia,
249 857 108 34 quasi
321 857 156 34 renovatum
442 857 120 34 indies
526 857 108 34 aliis
598 857 120 34 hymnis
682 857 60 34 &
706 857 156 34 canticis,
827 857 144 34 secundum
923 857 36 34 o

163 891 151 40 casiones
277 891 101 40 quas
340 891 101 40 Deus
403 891 114 40 nobis
479 891 177 40 suppeditat
618 891 126 40 veluti
706 891 151 40 singulis
820 891 151 40 momentis
921 891 50 40 ac

161 915 201 47 celebrandam
321 915 174 47 bonitatem
442 915 94 47 suam,

198 949 87 45 Tum
247 949 137 45 factis,
347 949 99 45 quum
409 949 99 45 tota
471 949 99 45 vita
533 949 124 45 nostra
620 949 161 45 composita
744 949 87 45 est
793 949 74 45 ad
818 949 149 45 glorificam

161 981 112 46 dum
209 981 112 46 Deum.

199 1014 108 45 Inter
271 1014 96 45 alia
331 1014 120 45 facta,
415 1014 120 45 quibus
499 1014 192 45 gratitudinem
655 1014 96 45 erga
715 1014 96 45 Deum
775 1014 168 45 declaramus
907 1014 84 45 est
943 1014 36 45 &

165 1050 101 36 hoc,
229 1050 101 36 quum
292 1050 76 36 ad
330 1050 202 36 conservandum
494 1050 63 36 &
519 1050 190 36 propagandum
671 1050 114 36 purum
747 1050 114 36 purum
822 1050 126 36 cultum
898 1050 76 36 Dei,

166 1082 59 40 e
190 1082 106 40 bonis
260 1082 59 40 &
284 1082 188 40 facultatibus
436 1082 106 40 nobis
506 1082 153 40 divinitus
624 1082 153 40 concessis
741 1082 164 40 impendimus
870 1082 82 40 pro
905 1082 59 40 vi¬-

156 1117 116 42 ribus:
238 1117 81 42 quo
284 1117 139 42 pertinet
388 1117 139 42 hortatio
493 1117 104 42 Prov.
562 1117 70 42 3.
597 1117 70 42 v.
632 1117 70 42 9.
667 1117 116 42 Honora
748 1117 128 42 Iehovam
840 1117 70 42 de
864 1117 104 42 substa¬-

166 1155 88 37 tia
217 1155 100 37 tua,
279 1155 63 37 &
304 1155 75 37 de
342 1155 163 37 praecipuo
467 1155 125 37 totius
554 1155 163 37 proventus
680 1155 100 37 tui.
742 1155 100 37 Hinc
805 1155 138 37 decimae
905 1155 63 37 a
917 1155 63 37 Deo

160 1183 162 37 ordinatae
284 1183 137 37 fuerunt
383 1183 75 37 ad
421 1183 137 37 alendos
520 1183 174 37 Sacerdotes
657 1183 62 37 &
682 1183 149 37 Levitas,
794 1183 100 37 item
844 1183 124 37 oblatio¬-

163 1222 79 35 nes
208 1222 112 35 variae
286 1222 123 35 Praetur
376 1222 101 35 illas
443 1222 123 35 fuerunt
533 1222 157 35 oblationes
657 1222 225 35 extraordinariae,
848 1222 79 35 sed
881 1222 90 35 volun¬-

161 1247 130 43 tariae,
256 1247 118 43 quarum
338 1247 130 43 exempla
432 1247 94 43 sunt
491 1247 94 43 Exo.
550 1247 83 43 35.
597 1247 59 43 &
621 1247 71 43 1.
656 1247 118 43 Chron.
727 1247 59 43 25.

205 1284 86 38 Huic
259 1284 97 38 parti
323 1284 129 38 pietatis
420 1284 97 38 facta
485 1284 75 38 est
528 1284 150 38 singularis
646 1284 150 38 promissio,
764 1284 97 38 Prov.
829 1284 64 38 3.
861 1284 64 38 v.
882 1284 54 38 10.

210 1323 161 36 Argumenta
333 1323 210 36 celebrationis
507 1323 87 36 Dei
556 1323 99 36 sunt
618 1323 87 36 tum
668 1323 161 36 attributa
791 1323 99 36 Dei,
853 1323 87 36 tum
890 1323 87 36 opera

164 1349 115 42 ejus,
241 1349 76 42 ut
279 1349 166 42 compendio
406 1349 127 42 quodam
496 1349 127 42 docent
585 1349 127 42 Psalmi
674 1349 127 42 multi,
763 1349 127 42 veluti
853 1349 89 42 33.
891 1349 89 42 totus

160 1382 91 48 103.
216 1382 57 48 &
239 1382 148 48 sequentes
353 1382 136 48 aliquot.
455 1382 91 48 111.
512 1382 57 48 &
534 1382 91 48 112.
591 1382 57 48 &
614 1382 91 48 117.
670 1382 57 48 &
693 1382 91 48 135.
750 1382 57 48 &
773 1382 91 48 136.
829 1382 57 48 &
852 1382 91 48 145.
909 1382 57 48 &
920 1382 57 48 se¬-

174 1417 138 48 quentes
274 1417 75 48 ad
311 1417 113 48 finem
386 1417 113 48 usque
461 1417 125 48 libri.
549 1417 163 48 Argumenta
674 1417 113 48 etiam
749 1417 213 48 celebrationis
911 1417 75 48 Dei.

175 1443 147 49 previter
285 1443 147 49 complexa
396 1443 86 49 est
445 1443 110 49 beata
518 1443 110 49 Virgo
592 1443 110 49 Maria
665 1443 98 49 Luc.
727 1443 74 49 1.
763 1443 98 49 ver.
825 1443 86 49 46.
874 1443 61 49 &
886 1443 135 49 sequenti¬-

165 1479 94 41 bus:
224 1479 70 41 Et
259 1479 153 41 Zacharias
377 1479 106 41 pater
447 1479 141 41 Johannis
553 1479 153 41 Baptistae
670 1479 94 41 Luc.
729 1479 70 41 1.
764 1479 70 41 v.
799 1479 82 41 68.
846 1479 59 41 &
869 1479 106 41 seqq.
928 1479 47 41 Et

178 1515 115 39 Paulus
259 1515 150 39 Apostolus
374 1515 92 39 Eph.
432 1515 69 39 1.
467 1515 69 39 3.
501 1515 58 39 &
524 1515 184 39 sequentibus.
674 1515 127 39 Coloss.
766 1515 69 39 1.
801 1515 92 39 ver.
859 1515 81 39 12.
905 1515 58 39 &
916 1515 58 39 se¬

166 1551 131 45 quentibus.

200 1577 217 40 Gratiarumactio
381 1577 96 40 erga
441 1577 108 40 Deum,
513 1577 72 40 si
549 1577 108 40 locum
622 1577 145 40 spectes,
730 1577 84 40 vel
778 1577 133 40 privata
875 1577 96 40 est,
923 1577 60 40 vel

154 1617 113 46 publicat

202 1650 131 42 Privata,
300 1650 76 42 est
344 1650 87 42 quae
398 1650 76 42 sit
441 1650 98 42 domi,
507 1650 76 42 aut
550 1650 65 42 in
583 1650 87 42 alio
637 1650 120 42 privato
724 1650 98 42 loco.
789 1650 76 42 Ps.
833 1650 87 42 149.
876 1650 44 42 5.

205 1685 124 34 Publica,
298 1685 72 34 est
339 1685 83 34 quae
391 1685 72 34 fit
432 1685 62 34 in
463 1685 93 34 coetu
525 1685 124 34 pablico.
618 1685 72 34 Ps.
659 1685 83 34 111.
711 1685 62 34 1.
742 1685 52 34 &
762 1685 83 34 149.
804 1685 41 34 1.

208 1709 68 40 Ea
242 1709 182 40 ardentissimo
389 1709 114 40 studio
469 1709 170 40 desideratur
605 1709 57 40 &
628 1709 114 40 obitur
707 1709 57 40 a
730 1709 91 40 vere
787 1709 136 40 fidelib.
889 1709 80 40 Ps.
923 1709 57 40 42.

165 1741 90 44 fere
221 1741 101 44 toto,
288 1741 56 44 &
311 1741 79 44 Ps.
356 1741 79 44 43.
401 1741 67 44 v.
435 1741 67 44 3.
468 1741 67 44 4.
502 1741 191 44 Interturbatio
659 1741 79 44 seu
704 1741 135 44 privatio
805 1741 90 44 ejus
850 1741 124 44 moeroremo

167 1780 106 43 luctum
241 1780 84 43 piis
294 1780 53 43 a
315 1780 95 43 fert,
379 1780 74 43 Ps.
421 1780 74 43 42.
463 1780 116 43 Sophon.
547 1780 63 43 3.
579 1780 63 43 v.
600 1780 53 43 18.

199 1806 153 45 Adjuncta
314 1806 268 45 gratiarumactionis
544 1806 89 45 Deo
595 1806 140 45 debitae
697 1806 102 45 sunt
748 1806 102 45 multa:

202 1847 120 36 Tempus.
289 1847 76 36 Ps.
333 1847 76 36 92.
377 1847 65 36 v.
409 1847 65 36 3.
442 1847 55 36 &
464 1847 87 36 113.
518 1847 65 36 v.
551 1847 65 36 2.
584 1847 55 36 &
605 1847 87 36 119.
660 1847 76 36 62,
693 1847 65 36 264.

216 1876 121 38 Laetitia
307 1876 81 38 vera
357 1876 61 38 ac
388 1876 111 38 sancta,
469 1876 81 38 quae
519 1876 71 38 est
560 1876 61 38 Ps
590 1876 71 38 92.
630 1876 61 38 v.
651 1876 40 38 7.

214 1906 196 41 Gratiarumactio
377 1906 131 41 continua
475 1906 87 41 esse
530 1906 109 41 debet.
606 1906 76 41 Ps.
649 1906 76 41 34.
693 1906 65 41 2.
725 1906 54 41 &
747 1906 76 41 72.
791 1906 65 41 v.
812 1906 44 41 7.

207 1929 194 51 Celebrationi
364 1929 85 51 Dei
413 1929 60 51 &
437 1929 181 51 gratitudini
582 1929 73 51 in
618 1929 109 51 illum
691 1929 157 51 opponitur
812 1929 169 51 blasphemia
933 1929 48 51 in

175 1970 106 43 Deum,
246 1970 82 43 in,
293 1970 141 43 patitudo
399 1970 141 43 adversus
504 1970 106 43 Deum,
575 1970 176 43 hypocritica
716 1970 223 43 gratiarumactio,
892 1970 94 43 falsa¬

158 2007 203 51 gratiarumactio¬-

203 2029 176 49 Blasphemia
342 2029 76 49 in
380 2029 113 49 Deum,
455 2029 88 49 est
506 2029 151 49 peccatum
619 2029 88 49 cum
670 2029 101 49 quis
733 2029 76 49 de
770 2029 101 49 Deo,
833 2029 63 49 a
859 2029 88 49 quo
896 2029 76 49 tan¬-

179 2068 104 46 multa
249 2068 127 46 accepit
341 2068 162 46 beneficia,
468 2068 150 46 pugnautia
583 2068 81 46 cum
629 2068 115 46 ipsius
710 2068 115 46 natura
791 2068 58 46 &
814 2068 150 46 voluntate
918 2068 46 46 di

175 2110 87 39 cit,
230 2110 87 39 sive
284 2110 66 39 ex
317 2110 164 39 ignorantia,
448 2110 87 39 sive
503 2110 66 39 ex
536 2110 87 39 odio
590 2110 142 39 veritatis
700 2110 55 39 &
722 2110 109 39 ipsius
798 2110 87 39 Dei.
853 2110 98 39 Hujus
907 2110 66 39 spe¬-

184 2135 90 45 cies
240 2135 79 45 est
285 2135 158 45 maledicere
409 2135 135 45 Christo,
511 2135 68 45 ad
545 2135 90 45 quod
601 2135 113 45 scelus
680 2135 180 45 persecutores
826 2135 90 45 olim
872 2135 101 45 compel¬-

167 2173 120 44 labant
251 2173 191 44 Christianos,
406 2173 72 44 ut
442 2173 72 44 ex
478 2173 143 44 historia
585 2173 108 44 beati
657 2173 143 44 Martyris
765 2173 155 44 Polycarpi
884 2173 60 44 &
896 2173 72 44 epi¬-

171 2204 110 46 stola
244 2204 123 46 Plinii
330 2204 135 46 secundi
428 2204 74 46 ad
465 2204 147 46 Trajanum
575 2204 184 46 Imperatorem
722 2204 147 46 constat.

210 2235 190 45 Ingratitudo
362 2235 101 45 erga
425 2235 114 45 Deum,
501 2235 89 45 est
552 2235 164 45 peccatum,
678 2235 89 45 cum
729 2235 101 45 bona
792 2235 177 45 quaecunque
919 2235 63 45 ha¬-

178 2269 120 44 bemus,
262 2269 120 44 quibus
347 2269 145 44 fruimur,
455 2269 84 44 non
503 2269 169 44 referuntur
636 2269 84 44 Deo
684 2269 145 44 accepta,
792 2269 72 44 ut
828 2269 145 44 fecerunt
925 2269 48 44 Is

176 2301 146 41 raelitae,
288 2301 90 41 Hos.
345 2301 68 41 2.
378 2301 101 41 vers.
446 2301 68 41 5,
480 2301 68 41 8.
513 2301 90 41 item
570 2301 79 41 cum
615 2301 90 41 quis
671 2301 79 41 non
716 2301 158 41 recordatur
840 2301 79 41 sed
885 2301 113 41 oblivi

174 2336 122 42 scitur
259 2336 194 42 beneficiorum
417 2336 61 42 a
441 2336 85 42 Deo
490 2336 182 42 acceptorum,
636 2336 73 42 ut
672 2336 85 42 par
721 2336 109 42 erat:
794 2336 97 42 item
854 2336 85 42 cum
903 2336 97 42 qui¬

171 2369 127 44 utitur
260 2369 89 44 Dei
311 2369 114 44 donis
387 2369 101 44 sine
450 2369 165 44 gratiarum
577 2369 152 44 actione:
691 2369 101 44 item
755 2369 89 44 cum
805 2369 101 44 quis
869 2369 76 44 ex
894 2369 89 44 desi¬-

176 2409 93 34 dia
229 2409 107 34 dona
296 2409 93 34 Dei
349 2409 173 34 supprimit
482 2409 67 34 &
509 2409 80 34 ad
549 2409 147 34 gloriam
656 2409 93 34 Dei
709 2409 187 34 aliorumque
856 2409 107 34 usum
909 2409 67 34 non

931 2420 84 47 t

181 2437 161 41 impendit,
304 2437 74 41 ut
342 2437 124 41 servus
428 2437 99 41 ille
490 2437 87 41 qui
540 2437 149 41 talentum
651 2437 99 41 unum
713 2437 161 41 acceperat
837 2437 124 41 Matth.
911 2437 62 41 25.

181 2465 112 42 vers.
255 2465 87 42 25.
305 2465 99 42 item
367 2465 87 42 cum
416 2465 99 42 quis
478 2465 112 42 negat
553 2465 87 42 aut
602 2465 186 42 reprehendit
751 2465 112 42 opera
825 2465 62 42 &
838 2465 136 42 beneficia

173 2506 94 38 Dei,
232 2506 82 38 vel
279 2506 82 38 cum
326 2506 94 38 quis
385 2506 141 38 extenuat
491 2506 59 38 &
514 2506 106 38 parvi
585 2506 118 38 pendit
667 2506 106 38 opera
738 2506 59 38 &
761 2506 153 38 beneficia
879 2506 94 38 Dei,
926 2506 47 38 ut

180 2533 134 39 fecerunt
280 2533 167 39 Israelitae,
414 2533 89 39 Num.
469 2533 78 39 11.
514 2533 100 39 vers.
580 2533 67 39 6.
614 2533 78 39 aut
658 2533 78 39 cum
703 2533 89 39 quis
759 2533 78 39 res
803 2533 134 39 terrenas
903 2533 56 39 &
914 2533 56 39 vi¬-

182 2568 78 36 les
227 2568 145 36 praeponit
338 2568 168 36 caelestibus
472 2568 56 36 &
495 2568 134 36 eximiis,
595 2568 67 36 ut
629 2568 101 36 iidem
696 2568 156 36 Israelitae
818 2568 145 36 fecerunt,
919 2568 67 36 Num.

179 2602 78 39 11.
223 2602 100 39 vers.
290 2602 67 39 4,
324 2602 67 39 5.
357 2602 78 39 aut
401 2602 78 39 cum
446 2602 89 39 quis
502 2602 145 39 beneficia
613 2602 78 39 Dei
657 2602 78 39 pro
702 2602 156 39 maleficiis
824 2602 111 39 habet,
902 2602 67 39 ut
924 2602 56 39 ii¬-

181 2635 80 39 dem
226 2635 149 39 similiter
341 2635 149 39 fecerunt,
456 2635 92 39 Num.
514 2635 80 39 13.
560 2635 69 39 v.
594 2635 80 39 32.
640 2635 149 39 Deuteron.
755 2635 69 39 1.
790 2635 103 39 vers.
859 2635 69 39 27
893 2635 80 39 aut
928 2635 57 39 cum

189 2676 103 37 quis
253 2676 90 37 non
305 2676 90 37 est
356 2676 167 37 contentus
485 2676 77 37 eo
523 2676 103 37 quod
588 2676 103 37 Deus
652 2676 103 37 dat,
716 2676 64 37 &
742 2676 90 37 Deo
793 2676 103 37 quid
857 2676 90 37 aut
896 2676 90 37 quan¬-

171 2698 86 40 tum
220 2698 98 40 dare
281 2698 123 40 debeat
368 2698 197 40 praescribit:
528 2698 62 40 &
552 2698 123 40 maxime
638 2698 86 40 cum
688 2698 98 40 quis
749 2698 86 40 pro
798 2698 172 40 beneficiis
921 2698 62 40 ac¬-

178 2732 122 42 ceptis,
267 2732 78 42 Deo
311 2732 144 42 maleficia
422 2732 133 42 reponit,
522 2732 67 42 ut
555 2732 133 42 fecerunt
655 2732 155 42 Israelitae
777 2732 67 42 de
811 2732 111 42 quibus
877 2732 100 42 quere¬t

180 2769 73 49 dae
221 2769 115 49 exstant
295 2769 94 49 passim.

394 2805 133 59 Summo
483 2805 148 59 studio
572 2805 163 59 fugienda:

209 2863 76 45 I.
247 2863 101 45 Quia
310 2863 63 45 a
336 2863 88 45 Deo
386 2863 177 45 gravissime
513 2863 164 45 prohibetur?

204 2892 82 42 II.
251 2892 94 42 Quia
310 2892 118 42 severe
393 2892 59 42 a
416 2892 82 42 Deo
463 2892 141 42 reprehen
570 2892 118 42 ditur,
652 2892 71 42 in
687 2892 106 42 Saule
758 2892 71 42 1.
793 2892 94 42 Sam.
852 2892 82 42 15.
900 2892 71 42 v.
923 2892 59 42 17.

178 2926 74 38 18,
221 2926 74 38 19.
263 2926 64 38 in
295 2926 128 38 Salomone
391 2926 64 38 1.
423 2926 85 38 Reg.
476 2926 74 38 11.
519 2926 64 38 v.
551 2926 64 38 9.
583 2926 64 38 in
615 2926 149 38 Israelitis
732 2926 85 38 Jesa
785 2926 64 38 1.
817 2926 64 38 v.
849 2926 64 38 2,
881 2926 64 38 3.
913 2926 74 38 Rom
944 2926 43 38 1.

181 2961 64 42 v.
213 2961 74 42 21.
256 2961 64 42 1.
287 2961 74 42 Cor
330 2961 64 42 4.
361 2961 64 42 v.
393 2961 64 42 7.
425 2961 64 42 in
457 2961 95 42 novem
520 2961 127 42 leprosis
615 2961 53 42 a
637 2961 116 42 Christo
721 2961 116 42 sanatis
806 2961 85 42 Luc.
859 2961 74 42 17.
901 2961 64 42 v.
933 2961 74 42 17.

179 2994 77 46 18.
223 2994 110 46 Matth.
300 2994 77 46 25.
345 2994 66 46 v.
367 2994 55 46 26.

219 3015 94 48 III.
278 3015 94 48 Quia
337 3015 106 48 causa
408 3015 83 48 est
455 3015 71 48 ut
491 3015 118 48 gloria
573 3015 94 48 Dei,
632 3015 71 48 ut
667 3015 142 48 Christus
774 3015 130 48 Dominus
868 3015 142 48 discedat

173 3051 62 50 ab
204 3051 135 50 ingratis,
307 3051 104 50 Ezech.
380 3051 72 50 11.
421 3051 62 50 v.
452 3051 72 50 22,
494 3051 72 50 25.
535 3051 83 50 Joh.
587 3051 72 50 11.
628 3051 72 50 53,
659 3051 52 50 54.

217 3084 87 47 IV.
266 3084 100 47 Quia
329 3084 124 47 poenas
416 3084 149 47 accersit
528 3084 162 47 teporales
652 3084 62 47 &
677 3084 162 47 aeternas;
801 3084 124 47 quales
888 3084 100 47 sunt
938 3084 87 47 amis¬-

171 3117 80 44 sio
216 3117 161 44 commodorum
343 3117 138 44 corporal
446 3117 80 44 um,
492 3117 103 44 Hose.
561 3117 69 44 2.
595 3117 69 44 v.
630 3117 69 44 9,
664 3117 80 44 10,
710 3117 80 44 11,
756 3117 80 44 12,
802 3117 80 44 13.
837 3117 149 44 praesentis¬-

187 3155 102 57 simus
255 3155 148 57 interitus
368 3155 91 57 Num.
425 3155 80 57 14.
471 3155 68 57 v.
505 3155 80 57 35,
550 3155 80 57 36,
596 3155 80 57 37.
641 3155 136 57 abjectio
743 3155 68 57 in
777 3155 136 57 tenebras
868 3155 114 57 extimas,

177 3187 110 48 Matth.
254 3187 77 48 15.
298 3187 66 48 v.
320 3187 55 48 30.

1030 157 185 51 Hypocritica
1178 157 160 51 gratiarum
1301 157 111 51 actio
1375 157 99 51 erga
1436 157 111 51 Deum,
1510 157 86 51 est
1560 157 99 51 quum
1621 157 99 51 quis
1683 157 136 51 gratias
1769 157 74 51 qui¬-

1017 189 85 47 dem
1065 189 85 47 Deo
1114 189 97 47 agit
1175 189 85 47 pro
1224 189 109 47 bonis
1297 189 97 47 quae
1357 189 109 47 habet
1430 189 85 47 aut
1479 189 73 47 se
1516 189 122 47 habere
1601 189 134 47 jactat,
1698 189 85 47 sed
1747 189 85 47 aut
1783 189 61 47 non

1028 225 92 41 fert
1085 225 127 41 accepta
1177 225 92 41 Deo,
1235 225 81 41 aut
1281 225 81 41 non
1327 225 92 41 soli
1384 225 92 41 Deo;
1442 225 81 41 aut
1488 225 127 41 etiamsi
1580 225 138 41 fateatur
1683 225 69 41 se
1718 225 58 41 a
1741 225 81 41 Deo
1775 225 69 41 illa

1021 261 135 41 habere,
1119 261 110 41 tamen
1192 261 147 41 fiduciam
1302 261 73 41 in
1339 261 110 41 illis
1412 261 147 41 collocat
1522 261 110 41 coram
1595 261 86 41 Deo
1644 261 61 41 &
1669 261 110 41 alios
1730 261 110 41 homines

1020 297 163 43 despicit.
1146 297 163 43 Cujusmodi
1271 297 225 43 gratiarumactio
1458 297 100 43 fuit
1521 297 163 43 Pharisaei
1646 297 125 43 illius
1733 297 100 43 Luc.
1783 297 63 43 18.

1019 326 86 39 vers.
1077 326 67 39 11,
1105 326 48 39 12.

1051 357 117 39 Falsa
1129 357 234 39 gratiarumactio
1324 357 78 39 ad
1363 357 117 39 Deum,
1441 357 91 39 est
1493 357 104 39 quae
1558 357 91 39 pro
1610 357 169 39 gratiarum
1727 357 117 39 actione

1024 389 91 42 Deo
1076 389 156 42 exhibita
1193 389 156 42 habetur,
1309 389 104 42 quum
1374 389 91 42 non
1426 389 104 42 sit:
1491 389 195 42 quemadmodum
1646 389 156 42 Papistae
1750 389 91 42 salu¬-

1028 425 147 40 cationem
1138 425 159 40 Angelicam
1260 425 98 40 Luc.
1321 425 73 40 1.
1358 425 86 40 28.
1407 425 135 40 fingunt
1505 425 98 40 esse
1566 425 269 40 gratiarumactionem,
1786 425 61 40 qua

1023 460 103 45 Deum
1088 460 129 45 summis
1178 460 155 45 habendis
1294 460 142 45 laudibs
1398 460 65 45 &
1424 460 142 45 gratiis
1527 460 142 45 agendis
1630 460 181 45 celebrent,
1772 460 103 45 quod

1009 499 229 31 sanctissimam
1195 499 172 31 Virginem
1324 499 143 31 omnium
1424 499 200 31 caelestium
1581 499 157 31 donorum
1696 499 143 31 munere
1781 499 72 31 cu¬-

1015 526 161 37 mulaverit,
1141 526 126 37 ipsique
1233 526 126 37 Virgini
1324 526 161 37 singularem
1451 526 103 37 illam
1520 526 172 37 gratulentur
1657 526 184 37 felicitatem,
1795 526 46 37 ut

1013 561 121 38 habet
1093 561 201 38 Catechismus
1254 561 147 38 Romanus
1361 561 134 38 quarta
1455 561 134 38 parte,
1548 561 134 38 capite
1642 561 147 38 quinto,
1749 561 94 38 ubi
1789 561 54 38 in

1022 595 141 32 margine
1124 595 179 32 adscriptum
1265 595 102 32 est,
1329 595 205 32 Salutationem
1495 595 166 32 Angelicam
1623 595 77 32 ad
1649 595 205 32 gratiarumacti¬-

1011 626 104 40 onem
1063 626 156 40 pertinere.

1054 652 145 42 QUAESTIO
1163 652 133 42 proinde
1259 652 121 42 oritur
1344 652 97 42 hinc
1404 652 133 42 duplex.
1501 652 60 42 1
1525 652 72 42 An
1561 652 157 42 salutatio
1682 652 97 42 illa
1730 652 109 42 Angeli¬-

1022 695 69 43 ca
1056 695 80 43 sit
1102 695 218 43 gratiarumactio?
1285 695 69 43 2.
1320 695 69 43 An
1354 695 103 43 beata
1423 695 103 43 Virgo
1492 695 103 43 Maria
1560 695 80 43 jam
1606 695 69 43 in
1641 695 103 43 caelo
1698 695 149 43 triumphans,

1018 724 82 42 sit
1065 724 105 42 adhuc
1135 724 176 42 sulutatione
1276 724 94 42 illa
1334 724 141 42 Angelica
1428 724 164 42 compellanda:

1053 749 76 51 Ad
1091 749 126 51 primam
1180 749 189 51 quaestionem
1331 749 177 51 responsio:
1470 749 164 51 Salutatio
1596 749 126 51 Angeli
1684 749 164 51 Gabrielis
1798 749 50 51 ad

1017 788 129 45 Mariam,
1111 788 82 45 non
1158 788 82 45 est
1205 788 223 45 gratiarumactio:
1393 788 94 45 quia
1452 788 82 45 est
1499 788 165 45 salutatio,
1628 788 71 45 ut
1664 788 141 45 expresse
1758 788 82 45 dici¬-

1017 828 84 40 tur
1065 828 96 40 Luc.
1125 828 72 40 1.
1160 828 84 40 29.
1208 828 107 40 Maria
1280 828 167 40 perturbata
1411 828 84 40 est
1459 828 107 40 super
1531 828 96 40 ejus
1590 828 143 40 sermone:
1698 828 60 40 &
1710 828 143 40 cogitabat,

1033 861 107 36 qualis
1108 861 96 36 esset
1172 861 138 36 salutatio
1278 861 96 36 ista.
1342 861 138 36 Salutatio
1449 861 96 36 autem
1513 861 75 36 est
1555 861 138 36 exoptatio
1662 861 128 36 salutis,
1758 861 64 36 ac
1779 861 64 36 pro¬-

1019 895 101 39 inde
1082 895 151 39 precatio
1195 895 88 39 qua
1246 895 63 39 a
1271 895 88 39 Deo
1321 895 138 39 salutem
1422 895 75 39 ac
1459 895 214 39 prosperitatem
1635 895 151 39 precamur
1748 895 75 39 ei
1774 895 75 39 quem

1010 922 150 40 salutamus.

1059 957 73 47 Ad
1095 957 147 47 secundam
1205 957 183 47 quaestionem
1352 957 171 47 responsio:
1486 957 110 47 Beata
1560 957 110 47 Virgo
1633 957 86 47 jam
1682 957 73 47 in
1719 957 110 47 caelo
1780 957 73 47 tri¬-

1029 992 147 41 umphaus,
1139 992 86 41 non
1188 992 86 41 est
1237 992 135 41 amplius
1335 992 184 41 salutatione
1482 992 98 41 illa
1543 992 147 41 Angelica
1653 992 196 41 compellanda:
1800 992 49 41 I.

1022 1027 101 40 Quia
1085 1027 139 40 Angelus
1186 1027 113 40 illam
1262 1027 151 40 salutans
1375 1027 63 40 &
1401 1027 139 40 dicens,
1502 1027 88 40 Ave
1552 1027 126 40 Maria,
1640 1027 88 40 &c.
1691 1027 88 40 pro
1741 1027 76 40 ea
1766 1027 76 40 ora¬-

1029 1059 100 36 vit,
1091 1059 75 36 ut
1128 1059 100 36 Deus
1190 1059 87 36 eam
1240 1059 124 36 gaudio
1327 1059 62 36 &
1352 1059 100 36 pace
1414 1059 174 36 cumularet.
1551 1059 100 36 Tali
1614 1059 149 36 oratione
1726 1059 87 36 pro
1763 1059 87 36 seMa¬-

1027 1087 81 47 ria
1074 1087 127 47 amplius
1166 1087 81 47 non
1201 1087 115 47 indiget:

1051 1125 95 45 II.
1106 1125 108 45 Quia
1173 1125 95 45 qui
1227 1125 135 45 Mariam
1322 1125 122 45 adhuc
1403 1125 162 45 salutant
1525 1125 162 45 innuunt,
1647 1125 95 45 eam
1701 1125 135 45 nondum
1782 1125 68 45 ae¬-

1021 1155 117 40 ternae
1103 1155 188 40 beatitudinis
1256 1155 117 40 gaudio
1338 1155 59 40 &
1362 1155 82 40 Dei
1409 1155 129 40 visione
1491 1155 82 40 fruit

1062 1189 101 40 III.
1125 1189 101 40 Quia
1188 1189 76 40 si
1226 1189 151 40 injuriam
1340 1189 113 40 facit
1415 1189 151 40 Martyri,
1529 1189 88 40 qui
1579 1189 101 40 orat
1642 1189 88 40 pro
1693 1189 151 40 martyre,
1794 1189 50 40 ut

1026 1220 189 47 Innocentius
1177 1220 151 47 terrius,
1291 1220 138 47 Romanus
1391 1220 151 47 Pontifex
1504 1220 113 47 dicit
1580 1220 75 47 in
1618 1220 201 47 Decretalibus
1769 1220 75 47 Gre¬-

1034 1259 131 40 gonii,
1125 1259 131 40 tertio
1217 1259 131 40 libro,
1308 1259 131 40 titulo
1400 1259 274 40 quadragesimoprimo
1635 1259 78 40 de
1661 1259 183 40 Celebratione

1023 1293 161 38 Missarum,
1146 1293 99 38 cap.
1208 1293 86 38 Cum
1257 1293 148 38 Marthae:
1368 1293 86 38 tum
1418 1293 111 38 certe
1492 1293 111 38 magis
1566 1293 99 38 sunt
1628 1293 136 38 injutii
1727 1293 74 38 in
1751 1293 99 38 Beatam

1021 1323 181 36 Virginem,
1160 1323 111 36 quam
1230 1323 84 36 in
1272 1323 167 36 quenquam
1397 1323 125 36 alium
1481 1323 139 36 omnium
1578 1323 195 36 sanctorum,
1718 1323 125 36 quicunt

1035 1358 87 39 que
1084 1358 111 39 adhuc
1158 1358 87 39 pro
1208 1358 74 39 ea
1245 1358 124 39 orant;
1331 1358 99 39 quod
1393 1358 124 39 omnino
1480 1358 136 39 faciunt
1579 1358 148 39 Papistae
1690 1358 87 39 qui
1727 1358 124 39 quotidie

1031 1391 129 40 Mariam
1122 1391 168 40 salutant.
1251 1391 91 40 Nam
1303 1391 155 40 Johannes
1419 1391 168 40 vicesimus
1548 1391 155 40 secundus
1665 1391 181 40 instituit,
1794 1391 52 40 ut

1025 1421 88 42 ter
1076 1421 75 42 in
1113 1421 150 42 singulos
1226 1421 100 42 dies
1289 1421 201 42 tintinnabula
1452 1421 75 42 ad
1489 1421 150 42 vesperum
1602 1421 201 42 pulsarentur,
1765 1421 75 42 ac
1790 1421 63 42 tum

1026 1460 201 38 unusquisque
1186 1460 214 38 Salutationem
1360 1460 174 38 Angelicam
1494 1460 121 38 Divae
1575 1460 147 38 Virgini
1682 1460 134 38 sacram
1762 1460 94 38 reti¬-

1024 1485 122 45 taret,
1109 1485 73 45 ut
1146 1485 122 45 refert
1231 1485 159 45 Polydorus
1353 1485 159 45 Virgilius
1475 1485 73 45 de
1512 1485 195 45 inventoribus
1670 1485 110 45 rerum
1743 1485 110 45 libro
1804 1485 49 45 6¬-

1024 1526 113 36 capite
1103 1526 79 36 12.
1148 1526 56 36 &
1170 1526 102 36 aucta
1238 1526 79 36 est
1283 1526 169 36 superstitio
1418 1526 90 36 ista
1475 1526 79 36 per
1520 1526 147 36 rosarium,
1633 1526 158 36 psalterium
1757 1526 56 36 &
1768 1526 79 36 coro¬-

1023 1556 93 38 nam
1076 1556 133 38 Beatae
1169 1556 160 38 Virginis
1289 1556 147 38 majorem
1396 1556 80 38 in
1436 1556 133 38 modum,
1529 1556 93 38 ita
1582 1556 80 38 ut
1622 1556 93 38 pro
1675 1556 120 38 nullo
1742 1556 120 38 hominum

1033 1590 149 37 crebrius
1144 1590 149 37 Papistae
1256 1590 124 37 orent.
1343 1590 99 37 quam
1405 1590 87 37 pro
1455 1590 124 37 Maria,
1542 1590 87 37 dum
1592 1590 87 37 eam
1642 1590 162 37 salutant:
1766 1590 87 37 hoc
1803 1590 50 37 e¬-

1025 1623 79 38 nim
1070 1623 101 38 certo
1137 1623 124 38 certius
1227 1623 90 38 est,
1284 1623 180 38 salutationem
1430 1623 90 38 esse
1487 1623 169 38 precationem
1622 1623 79 38 pro
1667 1623 101 38 illo,
1734 1623 79 38 qui
1768 1623 79 38 salu¬-

1025 1659 122 39 tatur,
1110 1659 73 39 ut
1147 1659 98 39 Deus
1208 1659 73 39 ei
1245 1659 135 39 salutem
1343 1659 61 39 &
1367 1659 98 39 alia
1428 1659 98 39 bona
1489 1659 171 39 largiatur.
1624 1659 171 39 Quapropter
1746 1659 98 39 Beatam

1022 1690 151 41 Virginem
1135 1690 151 41 inprimis
1248 1690 176 41 dedecorant
1386 1690 100 41 ista
1449 1690 100 41 quam
1512 1690 113 41 labe,
1587 1690 100 41 quum
1650 1690 188 41 salutatione
1788 1690 50 41 An

1023 1725 124 38 gelica
1110 1725 75 38 ad
1147 1725 162 38 precandum
1271 1725 149 38 utuntur,
1383 1725 100 38 quod
1446 1725 149 38 Papistas
1558 1725 137 38 facere,
1657 1725 149 38 testatur
1757 1725 87 38 Cate¬-

1016 1757 139 51 chismus
1118 1757 139 51 Romanus
1219 1757 114 51 parte
1295 1757 139 51 quarta,
1396 1757 126 51 capite
1484 1757 89 51 pro
1535 1757 126 51 quibus
1623 1757 126 51 oradum
1712 1757 101 51 sit,
1775 1757 101 51 quod

1017 1783 120 42 numero
1101 1783 84 42 est
1149 1783 144 42 quintum,
1256 1783 132 42 quaest.
1340 1783 48 42 8.

1101 1828 81 42 Sc
1141 1828 107 42 fuit
1208 1828 81 42 de
1248 1828 175 42 gratiarum
1383 1828 161 42 actione:
1503 1828 161 42 sequitur
1624 1828 81 42 de
1651 1828 94 42 voto.

1257 1894 270 44 CAPUT
1407 1894 180 44 XXV.

1301 1940 219 54 DeVoto.

1039 1990 136 45 TOTUM,
1135 1990 122 45 Hebr.
1216 1990 82 45 7T
1257 1990 149 45 naeder,
1365 1990 136 45 Graece
1461 1990 122 45 tugi,
1542 1990 149 45 Latinis
1651 1990 149 45 dicitur
1759 1990 95 45 non
1800 1990 41 45 a

1095 2031 154 51 precibus,
1213 2031 83 51 sed
1261 2031 59 51 a
1284 2031 154 51 voluntate
1403 2031 106 51 seria
1474 2031 177 51 conceptaque
1615 2031 106 51 animo
1686 2031 83 51 rei
1722 2031 118 51 alicujus

1089 2061 125 47 agendae.

1051 2095 107 51 Votum
1122 2095 107 51 pium,
1194 2095 83 51 est
1241 2095 190 51 pollicitatio
1396 2095 166 51 religiosa,
1526 2095 95 51 soli
1586 2095 83 51 Deo
1633 2095 107 51 facta
1693 2095 154 51 voluntatie,

1025 2125 66 43 de
1058 2125 66 43 re
1091 2125 111 43 aliqua
1169 2125 122 43 licita,
1257 2125 122 43 sancta,
1346 2125 89 43 Deo,
1401 2125 111 43 grata,
1479 2125 55 43 &
1501 2125 89 43 quae
1556 2125 144 43 praecepta
1667 2125 55 43 a
1689 2125 89 43 Deo,
1744 2125 89 43 sive
1789 2125 55 43 in¬-

1020 2163 164 40 differens,
1149 2163 70 40 in
1184 2163 117 40 nostra
1266 2163 82 40 est
1313 2163 164 40 potestate,
1442 2163 117 40 nomine
1524 2163 188 40 gratitudinis
1677 2163 94 40 ipsi
1724 2163 105 40 debitae

1022 2196 141 39 praestanda.

1058 2227 103 55 Soli
1123 2227 116 55 autem
1200 2227 91 55 Deo
1252 2227 103 55 vota
1317 2227 181 55 nuncupanda
1459 2227 65 55 &
1485 2227 155 55 reddenda
1601 2227 116 55 esse,
1679 2227 78 55 ex
1718 2227 91 55 his
1756 2227 91 55 argu¬-

1020 2260 118 39 mentis
1103 2260 166 39 manifestum
1233 2260 107 39 fiet.

1063 2281 81 56 I.
1104 2281 108 56 Quia
1172 2281 81 56 ei
1212 2281 108 56 vota
1280 2281 176 56 nuncupare
1415 2281 68 56 &
1442 2281 149 56 solvere
1551 2281 149 56 jubemur
1659 2281 81 56 in
1686 2281 149 56 Scriptura

1029 2327 112 40 velut
1103 2327 124 40 Psalm.
1190 2327 87 40 76.
1239 2327 112 40 vers.
1314 2327 87 40 12.
1363 2327 124 40 Vovete
1450 2327 62 40 &
1475 2327 99 40 vota
1537 2327 136 40 riddite
1636 2327 136 40 Iehovae
1735 2327 87 40 Deo
1772 2327 62 40 ve¬-

1029 2364 107 38 stro.
1101 2364 131 38 Nullibi
1196 2364 107 38 autem
1268 2364 72 38 in
1303 2364 95 38 tota
1363 2364 155 38 Scriptura
1482 2364 95 38 ulli
1542 2364 155 38 creaturae
1661 2364 95 38 vota
1709 2364 131 38 nuncupare

1016 2394 129 40 subemur.

1056 2422 84 46 II.
1104 2422 97 46 Quia
1165 2422 72 46 in
1201 2422 133 46 divinis
1297 2422 133 46 literis
1394 2422 145 46 perpetuo
1502 2422 97 46 vota
1563 2422 145 46 dicuntur
1671 2422 109 46 fieri
1744 2422 97 46 Deo:
1792 2422 48 46 ut

1035 2453 86 44 Num.
1089 2453 75 44 30.
1132 2453 64 44 v.
1164 2453 64 44 2.
1196 2453 54 44 &
1218 2453 64 44 3.
1250 2453 97 44 Deut.
1315 2453 75 44 23.
1358 2453 64 44 v.
1390 2453 75 44 23.
1433 2453 75 44 Ps.
1476 2453 86 44 116.
1529 2453 64 44 v.
1562 2453 75 44 14.
1605 2453 97 44 Jesa.
1669 2453 75 44 19.
1712 2453 64 44 v.
1744 2453 75 44 21.
1777 2453 64 44 Quod

1030 2497 155 34 Bellarminus
1153 2497 83 34 ipse
1205 2497 113 34 fatetur
1288 2497 72 34 tos
1329 2497 62 34 1.
1360 2497 124 34 Controv.
1453 2497 62 34 7.
1484 2497 83 34 lib.
1535 2497 62 34 3.
1566 2497 62 34 c.
1587 2497 41 34 9.

1058 2521 101 54 III.
1122 2521 101 54 Quia
1185 2521 88 54 Deo
1235 2521 101 54 soli
1299 2521 101 54 vota
1362 2521 126 54 sancti
1450 2521 101 54 viri
1513 2521 76 54 in
1551 2521 164 54 Scriptura
1665 2521 177 54 nuncuparunt:

1058 2560 131 41 Jacobus
1153 2560 167 41 Patriarcha
1285 2560 95 41 Gen.
1344 2560 83 41 28.
1392 2560 72 41 v.
1428 2560 83 41 20,
1463 2560 48 41 21

1008 2564 50 37 ut

1066 2589 86 41 IV.
1115 2589 98 41 Quia
1176 2589 86 41 qui
1226 2589 172 41 invocandus
1361 2589 98 41 est,
1423 2589 74 41 ei
1460 2589 98 41 vota
1521 2589 98 41 sunt
1583 2589 185 41 nuncupanda:
1730 2589 74 41 ad
1755 2589 86 41 votum

1031 2621 102 45 enim
1095 2621 166 45 invocatio
1222 2621 178 45 concurrit.
1363 2621 115 45 Atqui
1439 2621 115 45 solus
1516 2621 102 45 Deus
1579 2621 89 45 est
1630 2621 191 45 invocandus.
1771 2621 76 45 Soli

1031 2657 122 49 igitur
1116 2657 85 49 Deo
1165 2657 97 49 sunt
1214 2657 158 49 nuncupanda,

1059 2685 76 43 V.
1097 2685 102 43 Quia
1161 2685 76 43 ei
1199 2685 102 43 soli
1263 2685 64 43 a
1288 2685 89 43 quo
1339 2685 102 43 bona
1402 2685 102 43 sunt
1466 2685 127 43 omnia,
1555 2685 89 43 est
1606 2685 165 43 vovendum:
1733 2685 76 43 In
1758 2685 89 43 votis

1032 2720 100 42 enim
1095 2720 138 42 petimus
1195 2720 113 42 bona.
1270 2720 75 42 At
1308 2720 63 42 a
1333 2720 100 42 solo
1396 2720 88 42 Deo
1446 2720 100 42 bona
1508 2720 100 42 sunt
1558 2720 88 42 omnie

1065 2751 86 43 VI.
1114 2751 98 43 Quia
1175 2751 86 43 cui
1224 2751 135 43 gratiae
1322 2751 74 43 ex
1359 2751 98 43 fide
1421 2751 135 43 agendae
1519 2751 61 43 &
1543 2751 147 43 habendae
1654 2751 98 43 sunt
1715 2751 86 43 pro
1752 2751 86 43 acce¬-

1023 2789 93 47 ptis
1081 2789 174 47 beneficiis,
1221 2789 70 47 ei
1256 2789 93 47 vota
1314 2789 93 47 sunt
1372 2789 174 47 nuncupanda:
1511 2789 81 47 nam
1557 2789 104 47 votis
1627 2789 81 47 nos
1673 2789 70 47 ad
1708 2789 128 47 gratias
1790 2789 46 47 a¬-

1023 2828 127 43 gendas
1112 2828 64 43 &
1138 2828 153 43 habendas
1252 2828 76 43 ex
1291 2828 102 43 fide
1354 2828 216 43 obstringimus.
1532 2828 89 43 Jam
1583 2828 102 43 soli
1647 2828 89 43 Deo
1698 2828 140 43 gratiae
1787 2828 51 43 ex

1030 2855 92 40 fide
1087 2855 126 40 agendae
1178 2855 92 40 sunt
1236 2855 80 40 pro
1281 2855 137 40 acceptis
1373 2855 126 40 benenciis

1059 2884 97 38 VII.
1119 2884 97 38 Quia
1180 2884 85 38 qui
1228 2884 97 38 vota
1289 2884 121 38 nostra
1373 2884 181 38 intelligere
1518 2884 121 38 queat,
1603 2884 73 38 ei
1639 2884 97 38 soli
1700 2884 97 38 sunt
1748 2884 97 38 nuncu¬-

1030 2919 115 43 panda:
1110 2919 126 43 Stultum
1201 2919 80 43 est
1247 2919 92 43 enim
1305 2919 115 43 vovere
1385 2919 69 43 ei
1419 2919 80 43 qui
1465 2919 80 43 non
1511 2919 103 43 sciat
1579 2919 80 43 vel
1625 2919 172 43 intelligat.
1763 2919 69 43 At
1786 2919 57 43 so¬-

1028 2954 80 39 lus
1073 2954 91 39 Deus
1130 2954 91 39 vota
1187 2954 114 39 nostra
1267 2954 171 39 inrelligere
1392 2954 103 39 potest.

1061 2974 103 51 IIX.
1125 2974 103 51 Quia
1190 2974 90 51 qui
1241 2974 128 51 possit
1331 2974 167 51 castigare
1459 2974 90 51 non
1510 2974 167 51 reddentem
1639 2974 128 51 votum,
1729 2974 116 51 etiam
1793 2974 51 51 si

1032 3018 135 40 occulte
1130 3018 135 40 factum,
1228 3018 73 40 ei
1264 3018 98 40 soli
1326 3018 110 40 etiam
1399 3018 86 40 est
1448 3018 196 40 nuncupandum.
1607 3018 147 40 Alioquin
1718 3018 122 40 vovere
1791 3018 49 40 es

1033 3053 86 45 qui
1082 3053 86 45 non
1131 3053 123 45 possit
1218 3053 99 45 voti
1280 3053 160 45 neglectum
1403 3053 136 45 punire,
1502 3053 99 45 quid
1563 3053 86 45 est
1613 3053 123 45 aliud,
1699 3053 99 45 quam
1749 3053 86 45 merum

1031 3084 164 42 udibrium?
1158 3084 114 42 Atqui
1234 3084 114 42 solus
1310 3084 101 42 Deus
1373 3084 177 42 potestatem
1512 3084 114 42 habet
1588 3084 177 42 castigandi
1727 3084 89 42 eum
1778 3084 89 42 qui

1035 3119 109 50 votum
1108 3119 170 50 praesertim
1241 3119 134 50 occulte
1339 3119 170 50 nuncupatum
1472 3119 85 50 non
1521 3119 182 50 exsolverit.
1667 3119 109 50 Solvi
1728 3119 109 50 igitur?

1025 3150 88 45 Deo
1076 3150 101 45 vota
1139 3150 101 45 sunt
1202 3150 101 45 nunc
1265 3150 126 45 upanda
1354 3150 63 45 &
1366 3150 139 45 reddenda,
