2063 3422
179 142 170 45 Hisuimadi
310 142 131 45 stupor
402 142 92 45 est
454 142 197 45 deponendus:
612 142 105 45 quia
677 142 223 45 reptehenditur
861 142 66 45 a
887 142 144 45 Spiritu
979 142 39 45 A

153 181 131 49 Sauncto
249 181 107 49 etiam
320 181 72 49 in
356 181 191 49 infidelibus,
511 181 107 49 velut
583 181 72 49 in
619 181 143 49 Gallione
726 181 167 49 Proconsule
846 181 119 49 Achajae,

156 222 78 37 Ach.
205 222 58 37 18
234 222 58 37 v.
263 222 68 37 12,
302 222 68 37 11,
341 222 68 37 14,
380 222 68 37 15,
418 222 68 37 16,
447 222 49 37 17.

196 253 110 36 Selas
269 253 134 36 ceruns,
366 253 85 36 est
415 253 97 36 quum
476 253 97 36 quis
537 253 134 36 gloriae
634 253 85 36 Dei
683 253 110 36 curam
756 253 146 36 declarat
866 253 85 36 cum
902 253 61 36 ve¬-

148 278 130 44 hementi
243 278 130 44 studio,
337 278 83 44 sed
384 278 59 44 a
408 278 94 44 vera
467 278 165 44 cognitione
596 278 165 44 voluntatis
726 278 83 44 Dei
773 278 153 44 sejuncto;
879 278 83 44 Voca¬-

160 316 78 38 tur
204 316 156 38 communiter
327 316 100 38 zelus
393 316 178 38 indiscretus,
538 316 89 38 alus
593 316 145 38 Iudaicus,
705 316 100 38 nelus
771 316 89 38 sine
816 316 122 38 scientia.

186 348 124 39 Estque
272 348 161 39 triplicis
396 348 173 39 moduprimus
532 348 111 39 modus
606 348 87 39 est
656 348 99 39 quum
718 348 99 39 quis
780 348 173 39 indignatur
903 348 50 39 ac

164 386 111 32 versus
242 386 67 32 ea
275 386 89 32 quae
330 386 100 32 recta
397 386 89 32 sunt
452 386 55 32 &
475 386 100 32 bona,
541 386 111 32 quibus
619 386 111 32 gloria
697 386 78 32 Dei
741 386 100 32 laedi
808 386 100 32 falso
863 386 100 32 existi¬-

154 421 122 30 matur,
239 421 85 30 nec
288 421 122 30 debent
373 421 146 30 impediri
482 421 61 30 &
506 421 146 30 depelli:
616 421 122 30 qualis
701 421 97 30 erat
761 421 109 30 zelus
822 421 146 30 Sacerdotum

152 449 90 42 &S.
204 449 142 42 ribarum
307 449 206 42 indignantium
475 449 129 42 pueros
565 449 168 42 acclamare
694 449 155 42 Christo,
810 449 142 42 Hosanna
900 449 65 42 fi¬-

160 480 83 37 lio
208 480 118 37 David,
290 480 142 37 Matthaei
397 480 83 37 21.
444 480 142 37 versicul
551 480 118 37 15,16.
634 480 59 37 &
657 480 130 37 aliorum
752 480 154 37 Judaeorum
858 480 95 37 adver¬-

169 514 84 45 sus
217 514 108 45 opera
289 514 131 45 Christi
384 514 84 45 die
432 514 143 45 Sabbathi
540 514 120 45 facta,
623 514 60 45 &
647 514 143 45 adversus
755 514 155 45 Evangelii
862 514 96 45 Christ

153 548 219 45 praedicationem
336 548 122 45 Actor.
421 548 73 45 5.
457 548 97 45 ver.
518 548 85 45 17.
567 548 61 45 &
591 548 122 45 capite
677 548 85 45 13.
725 548 134 45 versic.
823 548 85 45 50.
872 548 61 45 &
884 548 85 45 capi¬-

154 586 67 33 te
187 586 79 33 14.
232 586 101 33 vers.
300 586 67 33 2.
334 586 56 33 &
356 586 112 33 capite
435 586 79 33 17.
480 586 90 33 ver.
536 586 79 33 13.
581 586 112 33 Roman.
660 586 79 33 10.
705 586 124 33 versic.
795 586 67 33 2,
828 586 67 33 3.
862 586 101 33 Talis
918 586 34 33 e

155 612 92 37 rat
207 612 118 37 zelus
286 612 157 37 multorum
403 612 170 37 Gentilium
534 612 105 37 olim
600 612 65 37 &
626 612 105 37 nunc
691 612 183 37 Papistarum
822 612 144 37 adversus.

168 646 158 37 Evangelii
290 646 73 37 de
326 646 134 37 Christo
423 646 219 37 praedicationem
606 646 61 37 &
630 646 97 37 puri
691 646 122 37 cultus
776 646 85 37 Dei
813 646 158 37 restitutio¬-

162 680 95 37 nem.
222 680 83 37 Sic
269 680 119 37 Petrus
352 680 154 37 Apostolus
471 680 143 37 peccavit
578 680 95 37 zelo
637 680 166 37 indiscreto
768 680 154 37 objurgans
875 680 83 37 Chri¬-

165 713 94 37 stum
224 713 82 37 qui
271 713 140 37 dixerat,
376 713 140 37 oportere
481 713 70 37 se
516 713 105 37 abire
587 713 187 37 Jerosolymam,
739 713 94 37 pati
797 713 105 37 muita
867 713 59 37 &
879 713 82 37 occi¬-

165 745 72 41 di,
206 745 103 41 Matth.
278 745 72 41 16.
319 745 62 41 v.
339 745 41 41 2.

194 773 153 41 Secundus
309 773 115 41 modus
385 773 216 41 zelierrantis,
564 773 89 41 est
614 773 102 41 quum
678 773 76 41 id
716 773 102 41 quod
780 773 127 41 gloria
869 773 89 41 Dei
907 773 64 41 non

166 817 83 40 est
214 817 83 40 nec
261 817 131 40 defendi
356 817 119 40 debet,
439 817 178 40 existimatur
581 817 95 40 esse
641 817 119 40 glonia
724 817 83 40 Dei
771 817 59 40 &
795 817 83 40 cum
842 817 107 40 magno
902 817 59 40 co¬-

165 847 99 35 nat:
227 847 186 35 defenditur:
376 847 124 35 Qualis
462 847 99 35 erat
525 847 124 35 itidem
611 847 161 35 Judaeorum
736 847 87 35 pro
785 847 199 35 perpetuitat,

151 882 126 40 templi
239 882 226 40 Jerosolymitani
428 882 63 40 &
453 882 113 40 cultu
529 882 163 40 Levitico,
654 882 88 40 pro
705 882 214 40 traditionibus
868 882 88 40 majo¬-

160 912 94 36 rum:
219 912 118 36 qualis
301 912 153 36 Gentilium
419 912 82 36 pro
466 912 118 36 idolis
548 912 94 36 suis
607 912 59 36 &
631 912 188 36 idololatria:
784 912 118 36 qualis
854 912 118 36 Papista¬-

151 942 97 37 rum
207 942 69 37 &
234 942 180 37 quorundam
373 942 152 37 aliorum
484 942 111 37 male
553 942 222 37 informatorum
733 942 97 37 pro
789 942 152 37 tuendis
886 942 83 37 ima¬-

174 978 131 47 ginibus
270 978 60 47 &
293 978 131 47 statuis
389 978 167 47 religiosis
520 978 84 47 pro
568 978 143 47 Ecclesia
675 978 131 47 Romana,
771 978 84 47 pro
819 978 96 47 sede
866 978 96 47 Aposto

162 1012 100 39 lica
225 1012 125 39 Romana
313 1012 88 39 pro
363 1012 138 39 primatu
463 1012 125 39 Papae:
551 1012 113 39 Quali
626 1012 100 39 zelo
689 1012 113 39 multi
764 1012 163 39 Jesuitae.
877 1012 88 39 maxi¬-

168 1045 82 34 nae
215 1045 152 34 juniotes,
332 1045 59 34 &
356 1045 94 34 alii
414 1045 59 34 a
438 1045 141 34 Jesuitis
543 1045 129 34 seducti
637 1045 141 34 conantur
742 1045 176 34 interficere
871 1045 94 34 Reges.

167 1081 167 33 Principes,
298 1081 143 33 omnesque
406 1081 131 33 denique
501 1081 179 33 Antichristo
644 1081 119 33 Romano
728 1081 191 33 adversantes:
871 1081 95 33 testa¬-

166 1110 87 45 tur
215 1110 124 45 Gallia
302 1110 62 45 &
314 1110 99 45 Anglia

199 1135 129 43 Tertius
293 1135 118 43 modus,
376 1135 82 43 est
423 1135 94 43 quum
482 1135 94 43 quis
540 1135 129 43 gloriam
635 1135 82 43 Dei
682 1135 118 43 aliter
764 1135 153 43 defendit,
882 1135 82 43 aut
917 1135 47 43 de

166 1171 126 45 fendete
257 1171 103 45 vult,
326 1171 92 45 quam
384 1171 126 45 defendi
476 1171 115 45 debet,
556 1171 57 45 &
579 1171 126 45 gloriae
671 1171 80 45 Dei
717 1171 149 45 laesionem
832 1171 115 45 aliter
901 1171 69 45 pro¬-

168 1212 119 41 pulsat
252 1212 83 41 aut
299 1212 167 41 propulsare
430 1212 119 41 cupit,
514 1212 95 41 quam
574 1212 167 41 propulsari
705 1212 119 41 debet,
788 1212 131 41 nimirum
884 1212 83 41 cum
919 1212 48 41 in

165 1245 173 43 ternecione
300 1245 148 43 hominum:
411 1245 123 43 Quilis
498 1245 99 43 erat
559 1245 111 43 zelus
633 1245 123 43 Saulis
719 1245 111 43 Regis
793 1245 74 43 in
818 1245 148 43 Gibeonitia

168 1274 219 38 interficiendis,
353 1274 58 38 2
376 1274 92 38 Sam.
433 1274 81 38 21.
479 1274 58 38 v
502 1274 69 38 2.
537 1274 104 38 Zelus
606 1274 92 38 item
663 1274 115 38 Jacobi
744 1274 58 38 &
767 1274 150 38 Johannis,
882 1274 81 38 qui
916 1274 58 38 in¬-

168 1310 154 39 dignantes
287 1310 142 39 recusar.
393 1310 130 39 Christo
488 1310 154 39 hospitium
607 1310 71 39 in
642 1310 118 39 quodam
725 1310 95 39 vico
784 1310 154 39 Samariae,
891 1310 71 39 con¬-

160 1340 69 41 tu
195 1340 115 41 neliam
276 1340 127 41 Christo
368 1340 115 41 factam
448 1340 92 41 igne
506 1340 138 41 caelitus
610 1340 115 41 evoca:
690 1340 58 41 o
713 1340 161 41 propulsare
840 1340 161 41 cupiebant,

175 1375 79 36 Luc
220 1375 68 36 v.
254 1375 68 36 v.
288 1375 79 36 52,
333 1375 79 36 53.
378 1375 79 36 51.
424 1375 79 36 Sic
469 1375 113 36 Petrus
548 1375 113 36 gladio
627 1375 147 36 corporali
741 1375 113 36 voluit
820 1375 136 36 Christum
910 1375 57 36 de¬-

160 1410 133 38 fendere
257 1410 145 38 adversus
366 1410 133 38 Judaeos
462 1410 121 38 Matth.
547 1410 73 38 26
583 1410 73 38 v.
608 1410 48 38 51

214 1435 109 51 Talis
287 1435 109 51 etiam
360 1435 109 51 zelus
432 1435 170 51 fugiendus:
566 1435 73 51 I.
602 1435 97 51 Quia
663 1435 146 51 culpatur
772 1435 61 51 a
797 1435 146 51 Christo,
906 1435 97 51 Luc.
954 1435 49 51 9.

163 1473 136 50 S5Matt
258 1473 95 50 26.
299 1473 68 50 52.

200 1508 79 40 II.
245 1508 91 40 Quia
302 1508 125 40 dedecet
392 1508 125 40 renatos
483 1508 125 40 Spiritu
574 1508 136 40 Christi,
676 1508 91 40 Luc.
733 1508 68 40 9.
755 1508 57 40 55.

195 1541 91 42 III
247 1541 104 42 Quia
312 1541 78 42 ab
351 1541 130 42 offico
443 1541 143 42 Christi
547 1541 65 42 &
573 1541 209 42 Chrinianorum
742 1541 91 42 est
795 1541 156 42 alienus,
899 1541 78 42 Luc.

195 1573 102 40 ver
239 1573 44 40 5

196 1598 155 45 Simulatus
315 1598 107 45 zelus
386 1598 83 45 pro
434 1598 119 45 gloria
517 1598 95 45 Dei,
577 1598 95 45 quum
636 1598 95 45 quis
696 1598 131 45 gloriae
791 1598 83 45 Dei
838 1598 59 45 &
862 1598 107 45 verbi
921 1598 48 45 e¬-

170 1637 89 42 jus
221 1637 63 42 &
246 1637 165 42 Ecclesiae
373 1637 63 42 &
398 1637 177 42 religionis
538 1637 127 42 curam,
626 1637 215 42 propagationem
791 1637 177 42 assertionem.

169 1676 217 32 defensionemque
350 1676 157 32 praetexit
470 1676 157 32 ambitioni
591 1676 96 32 suae
651 1676 60 32 &
675 1676 157 32 avaritiae
796 1676 145 32 aliisque
893 1676 84 32 cupi¬-

174 1707 161 40 ditatibus
297 1707 111 40 suis.
371 1707 123 40 Qualis
458 1707 99 40 fuit
519 1707 111 40 zelus
594 1707 198 40 Pharisaeorum
754 1707 62 40 &
779 1707 173 40 Scribarum,
902 1707 62 40 qui

174 1740 66 34 a
200 1740 158 34 iulteram
319 1740 79 34 in
358 1740 119 34 facto
437 1740 105 34 ipso
503 1740 198 34 deprehensam
661 1740 79 34 ad
701 1740 158 34 Christum
806 1740 158 34 adduxerant

180 1771 106 39 quasi
251 1771 106 39 Legis
322 1771 106 39 magni
393 1771 165 39 zelatores.
522 1771 106 39 cujus
593 1771 106 39 tamen
664 1771 212 39 transgressores
841 1771 118 39 erant,
912 1771 59 39 Jo¬-

174 1803 93 33 han.
233 1803 70 33 8.
268 1803 117 33 qualis
349 1803 140 33 Demetrii
454 1803 163 33 autifabri,
583 1803 82 33 qui
630 1803 140 33 faciebat
735 1803 117 33 Ephesi
816 1803 117 33 templi
886 1803 82 33 Diana

171 1836 155 39 argentea,
290 1836 59 39 &
314 1836 155 39 praebebat
433 1836 178 39 artificibus
576 1836 83 39 non
623 1836 119 39 parvum
706 1836 155 39 quaestum,
825 1836 71 39 is
849 1836 119 39 avaritia

174 1868 81 39 sae
221 1868 58 39 &
244 1868 150 39 scelerato
360 1868 139 39 quaestui
464 1868 150 39 praetexit
579 1868 208 39 conservationem
753 1868 174 39 religionis,
880 1868 81 39 Actos

171 1901 87 37 19.
220 1901 100 37 ver.
283 1901 87 37 24.
333 1901 62 37 &
357 1901 199 37 sequentibus:
519 1901 125 37 Qualis
607 1901 100 37 fuit
669 1901 112 37 zelus
744 1901 174 37 Cardinalis
868 1901 100 37 Lotha¬-

172 1932 114 37 ringii
252 1932 57 37 &
275 1932 103 37 Ducis
343 1932 114 37 Guisii
423 1932 69 37 in
458 1932 126 37 Gallia,
549 1932 80 37 qui
595 1932 149 37 ambitioni
709 1932 57 37 &
732 1932 149 37 avaritiae
847 1932 92 37 suae
892 1932 69 37 prae

181 1966 146 36 texenait
290 1966 183 36 defensionem
436 1966 134 36 gloriae
534 1966 97 36 Dei,
595 1966 170 36 religionis
729 1966 170 36 Catholicae
862 1966 61 36 &
875 1966 97 36 Eccle¬-

180 1997 84 39 siae
221 1997 63 39 Dei.

200 2029 103 45 Zelus
268 2029 207 45 inconsideratus
441 2029 69 45 ut
475 2029 57 45 &
498 2029 149 45 simulatus
613 2029 80 45 res
659 2029 80 45 est
705 2029 115 45 vesana
785 2029 69 45 ac
819 2029 138 45 furiosa.
923 2029 80 45 Qui

174 2063 95 39 enim
234 2063 95 39 illo
293 2063 167 39 agitantur,
424 2063 83 39 iis
472 2063 119 39 nullae
556 2063 72 39 ad
591 2063 179 39 cognitionem
735 2063 119 39 causae
818 2063 107 39 autes
878 2063 95 39 suppe¬-

172 2101 109 35 tunt,
244 2101 109 35 manus
317 2101 109 35 autem
389 2101 72 35 ad
425 2101 121 35 caedem
510 2101 96 35 sunt
570 2101 145 35 armatae.
678 2101 145 35 Exemplum
787 2101 84 35 est
835 2101 72 35 in
859 2101 121 35 Judaeis,

176 2136 88 35 qui
227 2136 100 35 quum
289 2136 188 35 audivissent
440 2136 113 35 Jesum
515 2136 176 35 asserentem
654 2136 100 35 suam
716 2136 163 35 Deitatem,
842 2136 100 35 zelo
892 2136 88 35 inco¬-

177 2161 148 41 siderato
288 2161 136 41 impulsi
387 2161 148 41 lapidare
498 2161 86 41 eum
547 2161 173 41 voluerunt,
683 2161 123 41 taquam
769 2161 185 41 blasphemum,
905 2161 74 41 Joh.

183 2197 55 42 8.
210 2197 55 42 v.
238 2197 74 42 ult.
284 2197 46 42 &
302 2197 74 42 cap.
348 2197 64 42 10.
376 2197 46 42 31.

203 2237 113 53 Atque
279 2237 101 53 haec
342 2237 76 53 de
380 2237 101 53 gelo
443 2237 88 53 pro
493 2237 126 53 gloria
581 2237 101 53 Dei:
644 2237 151 53 sequitur
758 2237 76 53 de
783 2237 151 53 confessio¬-

423 2276 71 45 ne
459 2276 153 45 caelestis
565 2276 141 45 veritatis.

422 2342 256 44 CAPUT
564 2342 199 44 XXVII

225 2381 246 38 PONEESSIOcalestis
436 2381 164 38 verititis,
564 2381 82 38 est
611 2381 117 38 cultus
693 2381 94 38 Dei,
752 2381 82 38 cum
798 2381 152 38 veritatem
904 2381 58 38 ce¬-

259 2412 105 46 sta,
324 2412 78 46 ex
363 2412 170 46 Scriptura
494 2412 131 46 Sancta
586 2412 118 46 certo
664 2412 157 46 cognitam
782 2412 131 46 aperte
873 2412 65 46 &
886 2412 131 46 intrepi¬-

183 2444 71 50 de
219 2444 190 50 puositentur,
373 2444 83 50 pro
421 2444 131 50 ratione
516 2444 131 50 officii
611 2444 131 50 nostri,
706 2444 71 50 ex
741 2444 131 50 sincero
836 2444 107 50 amore
896 2444 71 50 ergo

182 2477 168 43 Thristum,
311 2477 78 43 ad
350 2477 207 43 illustiandam
518 2477 91 43 Dei
570 2477 142 43 gloriam
674 2477 65 43 &
699 2477 207 43 proniovendam
855 2477 116 43 aliorum

180 2517 52 37 s
200 2517 103 37 lutem,
273 2517 93 37 Ma.t.
335 2517 72 37 10.
376 2517 72 37 32.
418 2517 62 37 1.
449 2517 83 37 Pet.
500 2517 62 37 3.
531 2517 62 37 v.
562 2517 72 37 15.
604 2517 83 37 Rom.
655 2517 72 37 10.
697 2517 52 37 v
717 2517 62 37 10
749 2517 62 37 2.
780 2517 83 37 Tim.
831 2517 62 37 1.
862 2517 62 37 v.
883 2517 31 37 8

216 2544 84 39 Non
264 2544 132 39 frustra
360 2544 72 39 in
396 2544 180 39 definitione
541 2544 84 39 hac
589 2544 132 39 additur
685 2544 132 39 proxima
781 2544 108 39 causa
842 2544 132 39 efficiens

167 2583 215 42 confessionis,
344 2583 114 42 nempe
420 2583 101 42 amor
483 2583 152 42 sincerus
597 2583 101 42 erga
661 2583 164 42 Christum.
787 2583 76 42 Ea
825 2583 126 42 quippe
901 2583 63 42 sol

177 2613 129 36 dicenda
271 2613 94 36 sunt
330 2613 94 36 bona
388 2613 117 36 opera,
470 2613 94 36 quae
529 2613 105 36 fides
599 2613 82 36 per
646 2613 164 36 charitatem
775 2613 105 36 agens
845 2613 152 36 producit.

180 2646 85 38 Nam
229 2646 61 38 &
253 2646 122 38 daemon
338 2646 110 38 Marc.
411 2646 73 38 1.
448 2646 85 38 27.
496 2646 134 38 dicebat
594 2646 73 38 ad
630 2646 158 38 Christum:
752 2646 97 38 Novi
813 2646 85 38 te,
861 2646 97 38 quis
910 2646 61 38 sis

172 2681 136 38 simirum
270 2681 74 38 Sa
307 2681 99 38 ctus
369 2681 99 38 ille
431 2681 99 38 Dei:
492 2681 62 38 &
517 2681 148 38 spiritus
628 2681 148 38 Pythonis
739 2681 148 38 clamabat
850 2681 86 38 per
887 2681 74 38 puel

170 2711 77 39 lam
214 2711 66 39 de
247 2711 100 39 Paulo
314 2711 55 39 &
336 2711 100 39 Sila;
402 2711 89 39 leti
458 2711 122 39 homines
546 2711 100 39 servi
613 2711 89 39 sunt
668 2711 77 39 D.i
712 2711 111 39 illius
790 2711 89 39 alti
845 2711 111 39 ssimi,
912 2711 55 39 qui

172 2743 71 43 en
208 2743 141 43 lunciant
313 2743 106 43 vobis
384 2743 94 43 viam
443 2743 141 43 salutis,
548 2743 118 43 Actor.
631 2743 71 43 16
666 2743 71 43 v.
701 2743 82 43 17.
748 2743 82 43 Sed
795 2743 82 43 non
842 2743 129 43 dicebat
936 2743 71 43 id
960 2743 47 43 ex

168 2779 109 38 omore
241 2779 146 38 Christi,
350 2779 85 38 sed
399 2779 146 38 extimore
508 2779 146 38 servili:
618 2779 85 38 nec
666 2779 122 38 studio
751 2779 170 38 propagandi
885 2779 61 38 &
897 2779 73 38 pro¬-

172 2811 146 43 tnovendi
281 2811 158 43 caelestem
402 2811 170 43 veritatem,
536 2811 97 43 quum
597 2811 85 43 sit
645 2811 109 43 pater
718 2811 194 43 mendaciorum,
876 2811 85 43 sed
924 2811 73 43 ut

178 2847 98 36 tans
239 2847 147 36 nisceret
349 2847 86 36 cum
398 2847 98 36 suis
459 2847 159 36 mendaciis
582 2847 61 36 &
606 2847 159 36 suspectam
728 2847 159 36 redderet.
851 2847 98 36 Ideo
900 2847 73 36 con¬-

177 2875 121 44 fistio
262 2875 97 44 ejus
322 2875 60 44 a
346 2875 133 44 Christo
443 2875 181 44 repudiatur,
588 2875 97 44 ideo
649 2875 145 44 Christus
757 2875 85 44 eum
806 2875 109 44 jubet
866 2875 109 44 tacere,

181 2911 219 42 quemadmodum
357 2911 73 42 &
371 2911 132 42 Paulus.

209 2941 96 49 Eaque
273 2941 75 49 sit
316 2941 96 49 veloe
380 2941 75 49 vel
423 2941 117 49 scripto
508 2941 75 49 vel
540 2941 117 49 martyrio.

202 2972 134 44 Ori,cum
300 2972 98 44 sine
361 2972 183 44 ambiguitate
507 2972 61 44 &
532 2972 183 44 obscuritate
679 2972 183 44 profitemur,
825 2972 98 44 quod
874 2972 98 44 corde¬-

172 3006 65 44 de
205 3006 130 44 veritate
302 3006 76 44 Dei
346 3006 141 44 sentimus.
454 3006 87 44 Rom.
508 3006 76 44 10.
551 3006 65 44 v.
584 3006 76 44 10.
627 3006 98 44 Psal.
692 3006 87 44 119.
746 3006 76 44 46.
790 3006 98 44 Talis
855 3006 87 44 fuit
898 3006 65 44 con¬-

173 3041 133 39 fessio
266 3041 146 39 Magorum
372 3041 93 39 qui
425 3041 80 39 ex
464 3041 146 39 Oriente
571 3041 199 39 Jerosolymam
730 3041 172 39 venerant,
849 3041 106 39 Matth.

172 3070 100 44 versic
232 3070 40 44 2.

208 3102 100 42 Talis
274 3102 89 42 fuit
330 3102 144 42 confessio
440 3102 100 42 Petri
507 3102 100 42 Matt.
573 3102 77 42 16.
617 3102 100 42 v.16.
684 3102 55 42 &
706 3102 89 42 Joh.
761 3102 66 42 6.
795 3102 77 42 62,
828 3102 44 42 69

200 3135 109 44 Eaque
272 3135 109 44 tones
345 3135 133 44 utimur,
442 3135 133 44 quoties
539 3135 109 44 coram
611 3135 157 44 veritatem
732 3135 145 44 caeleste
829 3135 145 44 defendimus

995 147 162 39 adversus
1116 147 189 39 calumnias.
1264 147 94 39 Non
1318 147 108 39 enim
1386 147 135 39 semper
1480 147 175 39 tacendum,
1615 147 81 39 ne
1656 147 135 39 ovandi
1737 147 94 39 mate¬-

1008 188 95 44 riem
1068 188 72 44 ex
1103 188 143 44 silentio
1211 188 119 44 nostro
1306 188 131 44 ἐεμυθιᾳ
1402 188 119 44 hostes
1485 188 119 44 nostri
1569 188 179 44 aucupentur,
1712 188 95 44 neve
1759 188 60 44 vi¬-

1002 222 129 45 deamur
1092 222 167 45 agnoscere
1221 222 141 45 errores
1323 222 116 45 nobis
1388 222 141 45 objectos.

1044 257 120 42 Scripto
1132 257 77 42 sit
1175 257 142 42 confessio
1285 257 142 42 veritatis
1394 257 153 42 caelestis,
1514 257 87 42 quum
1569 257 87 42 sive
1623 257 109 42 nestro
1700 257 87 42 sive
1744 257 87 42 totius

1008 291 171 38 Ecclesiae
1140 291 158 38 alicujus
1258 291 132 38 nomine
1350 291 171 38 doctrinam
1482 291 184 38 orthodoxam
1627 291 79 38 de
1654 291 184 38 controversis

1006 329 158 39 capitibus
1127 329 170 39 religionis
1261 329 146 39 scriptam
1370 329 206 39 complectimur:
1540 329 158 39 cujusmodi
1649 329 182 39 confessiones.

1015 363 55 47 a
1037 363 122 47 Synodis
1126 363 122 47 aliquot
1215 363 89 47 sunt
1270 363 122 47 editae,
1359 363 55 47 &
1381 363 144 47 superiore
1492 363 111 47 seculo
1570 363 55 47 a
1592 363 111 47 multis
1670 363 155 47 Ecclesiis,
1781 363 44 47 in

1004 394 136 48 omnibus
1102 394 99 48 fere
1152 394 111 48 regnis:

1042 432 137 43 Martyrio
1145 432 80 43 sit
1190 432 149 43 confessio
1305 432 149 43 veritatis
1419 432 160 43 caelestis,
1545 432 80 43 cum
1591 432 172 43 perpessione
1717 432 114 43 injuria¬-

1005 472 83 34 rum
1053 472 119 34 veluti
1136 472 190 34 calumniarum,
1290 472 214 34 exagitationum,
1469 472 154 34 carceris,
1587 472 166 34 ereptionis
1706 472 119 34 faculta.

1004 505 101 35 tum,
1068 505 177 35 ademtionis
1207 505 177 35 functionum
1346 505 89 35 seu
1397 505 190 35 dignitatum,
1549 505 190 35 perpestione
1701 505 89 35 ite
1739 505 89 35 igno¬-

1015 536 128 47 miniae,
1109 536 152 47 verberum,
1225 536 140 47 exsilii:
1330 536 82 47 imo
1377 536 105 47 etiam
1447 536 70 47 si
1482 536 82 47 Deo
1529 536 82 47 ita
1575 536 105 47 vilum
1645 536 93 47 est,
1704 536 105 47 morte
1762 536 70 47 ipsa

1006 570 136 40 veritati
1108 570 125 40 divinae
1198 570 170 40 testimonium
1334 570 170 40 perhibemus.
1470 570 68 40 1.
1504 570 91 40 Pet.
1560 570 68 40 2.
1594 570 68 40 v.
1628 570 79 40 2c.
1674 570 57 40 &
1696 570 68 40 3.
1730 570 68 40 v.
1764 570 79 40 14.
1798 570 34 40 &

1017 598 55 46 v.
1044 598 64 46 12.
1081 598 83 46 Phil.
1137 598 55 46 1.
1155 598 46 46 29.

1039 630 149 44 Confessio
1153 630 103 44 autem
1222 630 149 44 veritatis
1337 630 149 44 caelestis
1452 630 80 44 est
1487 630 126 44 facienda:

1036 668 70 53 I.
1071 668 93 53 Quia
1130 668 82 53 est
1176 668 128 53 mandata
1270 668 58 53 a
1293 668 93 53 Deo.
1351 668 70 53 1.
1386 668 93 53 Pet.
1445 668 70 53 3.
1479 668 70 53 v.
1514 668 82 53 15.
1561 668 117 53 Estote
1643 668 117 53 semper
1724 668 117 53 parati
1794 668 47 53 ad

1003 712 181 40 respendendum
1150 712 136 40 cuilibet
1251 712 124 40 petenti
1342 712 136 40 rationem
1444 712 90 40 ejus
1500 712 90 40 spei
1557 712 90 40 quae
1613 712 68 40 in
1647 712 102 40 vobis
1703 712 57 40 est

1038 750 104 40 II.
1098 750 119 40 Quia
1172 750 178 40 praemium
1306 750 134 40 habet
1395 750 164 40 eximium
1514 750 74 40 &
1544 750 223 40 exoptandum:
1722 750 89 40 de
1752 750 74 40 quo

996 772 111 49 Matt.
1070 772 74 49 10
1107 772 87 49 32.
1156 772 148 49 Quisquis
1268 772 198 49 confitebitur
1429 772 74 49 me
1466 772 111 49 coram
1540 772 173 49 hominibus,
1676 772 173 49 confitebor
1800 772 37 49 &

1008 812 76 45 ego
1052 812 76 45 eum
1095 812 98 45 coram
1160 812 98 45 Patre
1225 812 76 45 meo
1268 812 76 45 qui
1312 812 76 45 est
1355 812 65 45 in
1377 812 98 45 caelis.

1040 851 103 39 III.
1104 851 103 39 Quia
1169 851 167 39 confessio
1297 851 77 39 ex
1336 851 103 39 vera
1400 851 103 39 fide
1464 851 90 39 per
1516 851 180 39 charitatem
1657 851 103 39 erga
1721 851 103 39 Deum
1773 851 64 39 ma¬-

1011 887 97 41 nans
1071 887 84 41 est
1120 887 181 41 infallibile
1264 887 121 41 siguum
1349 887 181 41 communionis
1493 887 84 41 cum
1542 887 97 41 Deo,
1602 887 72 41 1.
1638 887 97 41 Joh.
1699 887 72 41 4.
1723 887 60 41 15.

1051 918 74 39 IV.
1094 918 85 39 Quia
1147 918 74 39 est
1190 918 138 39 τεκμήριον
1296 918 149 39 salvificae
1413 918 106 39 fidei,
1488 918 64 39 2.
1519 918 85 39 Cor.
1573 918 64 39 4.
1605 918 64 39 v.
1626 918 53 39 13.

1051 949 161 40 onfessioni
1178 949 150 40 veritatis
1293 949 150 40 caelestis
1409 949 150 40 conjuncta
1524 949 92 40 esse
1582 949 104 40 debet
1651 949 173 40 constantia,
1777 949 58 40 qua

1009 990 157 40 contemtis
1130 990 133 40 omnibus
1226 990 157 40 periculis
1347 990 60 40 &
1371 990 109 40 morte
1443 990 96 40 adeo
1503 990 109 40 ipsa,
1576 990 193 40 perseveretur
1733 990 72 40 in
1757 990 72 40 con¬-

1013 1017 129 46 fessione
1110 1017 86 46 illa
1164 1017 97 46 usque
1228 1017 65 46 ad
1250 1017 75 46 finem

1049 1046 77 50 I.
1088 1046 103 50 Quia
1152 1046 155 50 mandatur
1268 1046 64 50 a
1294 1046 142 50 Christo
1397 1046 142 50 Domino,
1500 1046 103 50 Joh.
1564 1046 90 50 12.
1616 1046 90 50 26.
1668 1046 77 50 Si
1706 1046 103 50 quis
1758 1046 77 50 mihi

1014 1087 172 38 ministrat,
1149 1087 74 38 me
1186 1087 160 38 sequatur,
1309 1087 74 38 id
1345 1087 98 38 est,
1407 1087 123 38 mortem
1493 1087 147 38 libenter
1604 1087 123 38 subeat
1690 1087 86 38 meo
1726 1087 111 38 exemplo

1027 1121 130 33 potius,
1121 1121 94 33 quam
1180 1121 71 33 ut
1216 1121 59 33 a
1239 1121 141 33 veritate
1345 1121 141 33 caelesti
1451 1121 153 33 desciscat
1569 1121 59 33 &
1593 1121 106 33 alios
1663 1121 165 33 constantia
1781 1121 59 33 sua

1015 1153 74 48 non
1058 1153 137 48 lucretur.
1163 1153 95 48 Apoc.
1227 1153 63 48 2.
1258 1153 63 48 v.
1290 1153 74 48 10.
1332 1153 84 48 Esto
1385 1153 116 48 fidelis
1469 1153 95 48 usque
1533 1153 63 48 ad
1564 1153 116 48 mortem,
1649 1153 63 48 2.
1680 1153 106 48 Thess.
1754 1153 63 48 2.
1775 1153 53 48 15.

1021 1182 141 38 Perstate
1127 1182 59 38 &
1150 1182 141 38 retinete
1256 1182 141 38 traditam
1349 1182 141 38 doctrinam,

1052 1214 89 50 II.
1103 1214 102 50 Quia
1167 1214 153 50 praemium
1282 1214 115 50 habet
1359 1214 205 50 certissimum,
1525 1214 141 50 salutem
1627 1214 115 50 nempe
1691 1214 141 50 aeternam.

1017 1246 98 43 Matt.
1083 1246 66 43 24
1115 1246 77 43 13.
1159 1246 87 43 Joh.
1214 1246 77 43 12.
1258 1246 77 43 26.
1301 1246 77 43 ubi
1345 1246 77 43 ego
1389 1246 109 43 fuero,
1465 1246 98 43 illic
1531 1246 55 43 &
1553 1246 131 43 minister
1651 1246 87 43 meus
1706 1246 98 43 erit,
1771 1246 55 43 &
1782 1246 55 43 si¬-

1026 1286 90 45 quis
1082 1286 90 45 mibi
1139 1286 203 45 menistraverit,
1308 1286 147 45 honorabit
1421 1286 90 45 eum.
1478 1286 113 45 Pater.
1557 1286 90 45 Heb.
1613 1286 79 45 10.
1659 1286 68 45 v.
1692 1286 79 45 35.
1738 1286 57 45 &
1749 1286 79 45 seqqe

1033 1324 79 40 Apoc.
1086 1324 53 40 2.
1112 1324 53 40 v.
1139 1324 53 40 7,
1165 1324 62 40 11,
1200 1324 62 40 17.
1236 1324 44 40 &
1253 1324 53 40 c.
1279 1324 53 40 3.
1306 1324 53 40 v.
1332 1324 53 40 5,
1359 1324 62 40 12,
1385 1324 44 40 21.

1053 1356 106 41 III.
1119 1356 106 41 Quia
1186 1356 160 41 exemplis
1306 1356 146 41 aliorum
1412 1356 173 41 fidelium,
1545 1356 67 41 &
1572 1356 173 41 in¬primis
1692 1356 146 41 sanctorum

1019 1395 156 44 martyrum
1136 1395 117 44 nobis
1214 1395 208 44 commendatur,
1383 1395 104 44 Heb.
1448 1395 91 44 12.
1500 1395 78 44 1.
1539 1395 65 44 &
1565 1395 104 44 cap.
1630 1395 91 44 13.
1682 1395 78 44 7.
1721 1395 91 44 Ita
1760 1395 78 44 Magi

1016 1428 152 35 confessi
1130 1428 101 35 sunt
1194 1428 203 35 Jerosolymis,
1358 1428 152 35 Christum
1473 1428 114 35 regem
1549 1428 165 35 Judaeorum
1675 1428 127 35 natum,
1751 1428 89 35 spre¬-

1012 1468 73 31 to
1048 1468 97 31 omni
1109 1468 146 31 periculo
1218 1468 97 31 quod
1279 1468 73 31 ab
1316 1468 121 31 Herode
1401 1468 97 31 rege
1461 1468 109 31 ipsis
1534 1468 121 31 creari
1619 1468 146 31 poterat,
1729 1468 109 31 Matt.
1789 1468 49 31 2.

1053 1493 120 37 Coent.
1137 1493 120 37 stioni
1221 1493 156 37 vericatis
1340 1493 144 37 adjuncta
1448 1493 96 37 esse
1508 1493 108 37 debet
1580 1493 108 37 etiam
1640 1493 192 37 anathematizatu

1026 1524 152 38 impiorum
1140 1524 165 38 dogmatum.
1267 1524 101 38 Tunc
1331 1524 101 38 enim
1394 1524 114 38 demum
1470 1524 228 38 fructuosissime
1660 1524 152 38 doctrina
1762 1524 76 38 vera

1027 1559 175 37 defenditur,
1167 1559 117 37 quando
1249 1559 105 37 etiam
1319 1559 58 37 a
1342 1559 187 37 sectatoribus
1494 1559 105 37 ejus,
1564 1559 117 37 opinio
1646 1559 105 37 falsa
1716 1559 152 37 damnatur.

1055 1589 169 46 Confessioni
1190 1589 146 46 veritatis
1302 1589 169 46 opponuntur,
1437 1589 146 46 confessio
1549 1589 135 46 erronea,
1650 1589 112 46 qualis
1729 1589 79 46 est
1763 1589 67 46 hae¬-

1016 1626 158 37 reticorum,
1140 1626 214 37 schismaticorum,
1320 1626 68 37 ac
1354 1626 124 37 proinde
1444 1626 147 37 haeresis,
1557 1626 158 37 corruptela
1681 1626 158 37 doctrinae,
1794 1626 34 37 &

1022 1659 126 33 omissio:
1117 1659 158 33 onfessionis
1243 1659 105 33 dectr,
1317 1659 84 33 nae,
1370 1659 84 33 fuga
1422 1659 147 33 doctrinae,
1538 1659 116 33 taedium
1622 1659 147 33 doctrinae,
1727 1659 116 33 confessio

1012 1696 195 42 intempestiva,
1172 1696 149 42 corfessis
1286 1696 183 42 hypocritica,
1435 1696 183 42 dissimulatio
1584 1696 160 42 veritatis:
1710 1696 57 42 &
1721 1696 126 42 abnegatio

1028 1719 119 43 Christi
1115 1719 54 43 &
1136 1719 141 43 veritatis
1234 1719 97 43 divinae

1038 1765 157 37 Confessio
1159 1765 145 37 erronea,
1268 1765 85 37 est
1316 1765 97 37 quae
1377 1765 133 37 errorem
1474 1765 133 37 aliquem
1571 1765 121 37 contra
1655 1765 121 37 verbum
1740 1765 85 37 Dei
1776 1765 61 37 si¬-

1021 1798 68 48 ve
1055 1798 113 48 aperte
1134 1798 91 48 sive
1191 1798 102 48 tecte
1258 1798 147 48 continet:
1372 1798 113 48 qualis
1451 1798 91 48 erat
1508 1798 147 48 confessio
1621 1798 147 48 Eutychis,
1734 1798 91 48 quam
1779 1798 57 48 his

1026 1837 123 41 verbis
1112 1837 123 41 refert
1197 1837 86 41 Leo
1246 1837 123 41 Magnus
1332 1837 74 41 in
1369 1837 184 41 celeberrima
1516 1837 98 41 illa
1578 1837 74 41 ad
1614 1837 159 41 Flavianum
1725 1837 110 41 Episco¬-

1026 1871 89 34 bum
1077 1871 306 34 Constantinopositanum
1345 1871 165 34 epistola:
1472 1871 165 34 Confiteor
1599 1871 76 34 ex
1637 1871 127 34 duahus
1726 1871 76 34 na
1752 1871 89 34 turis

1020 1899 124 37 fuisse
1106 1899 136 37 Dominum
1205 1899 136 37 nostrum
1304 1899 99 37 ante
1366 1899 198 37 adunationem,
1527 1899 99 37 post
1589 1899 186 37 adunationem
1738 1899 99 37 vero
1787 1899 50 37 u¬-

1020 1929 88 41 nam
1070 1929 138 41 naturam
1170 1929 175 41 confiteor.
1307 1929 75 41 De
1345 1929 88 41 qua
1395 1929 150 41 Eutychis
1507 1929 188 41 confessione
1657 1929 150 41 censuram
1757 1929 75 41 ibi¬-

1026 1958 82 42 dem
1073 1958 82 42 Leo
1120 1958 153 42 subjicit;
1238 1958 106 42 Miro:
1309 1958 141 42 (inquit)
1414 1958 82 42 tam
1462 1958 153 42 absurdam,
1579 1958 118 42 tamque
1662 1958 153 42 perversam
1767 1958 71 42 ejus

1026 1996 189 39 prosessionem
1180 1996 107 39 nulla
1251 1996 178 39 judicantium
1393 1996 189 39 increpatione
1547 1996 189 39 reprehensam,
1701 1996 59 39 &
1713 1996 118 39 sermones

1018 2030 102 40 nimus
1086 2030 182 40 insipientem,
1234 2030 136 40 nimisque
1336 2030 171 40 blasphemum,
1472 2030 80 40 ita
1518 2030 136 40 omissum,
1620 2030 102 40 quasi
1689 2030 114 40 nihil.
1757 2030 68 40 quod

1033 2055 172 44 ffenderet,
1168 2055 111 44 esset
1242 2055 147 44 auditum,
1352 2055 98 44 quum
1414 2055 86 44 tam
1463 2055 111 44 impie
1536 2055 123 44 duarum
1622 2055 160 44 naturarum
1733 2055 86 44 ante.

1030 2094 186 33 incarnationem
1183 2094 109 33 uniger
1260 2094 87 33 itus
1314 2094 77 33 Dei
1358 2094 109 33 Filius
1435 2094 109 33 fuisse
1511 2094 131 33 dicatur,
1609 2094 87 33 quam
1664 2094 131 33 nefarie,
1751 2094 77 33 post¬-

1021 2125 93 42 quam
1080 2125 117 42 verbum
1161 2125 93 42 caro
1220 2125 117 42 factum
1301 2125 93 42 est,
1360 2125 117 42 natura
1441 2125 70 42 in
1476 2125 70 42 eo
1511 2125 163 42 singularis
1639 2125 163 42 asseritur.
1756 2125 70 42 Qued

1027 2159 67 42 ne
1060 2159 133 42 Eutyches
1160 2159 89 42 ideo
1215 2159 78 42 vel
1260 2159 100 42 recte
1326 2159 78 42 vel
1371 2159 188 42 tolerabiliter
1526 2159 122 42 astimet
1614 2159 122 42 dictum,
1703 2159 89 42 quia
1747 2159 78 42 nulla

1029 2191 111 38 vestra
1107 2191 78 38 est
1151 2191 144 38 sententia
1262 2191 166 38 confutatum:
1395 2191 166 38 dilectionis
1528 2191 89 38 tuae
1583 2191 166 38 diligentiam
1705 2191 111 38 commones

1012 2227 86 37 mus,
1066 2227 108 37 frater
1142 2227 162 37 charissime,
1272 2227 65 37 ut
1304 2227 65 37 si
1337 2227 76 37 per
1380 2227 184 37 inspirationem
1531 2227 173 37 misericordia
1672 2227 76 37 Dei
1715 2227 65 37 ad
1737 2227 86 37 satis.

1021 2254 149 44 factionem
1135 2254 103 44 causa
1204 2254 172 44 perducitur,
1342 2254 161 44 imprudetia
1469 2254 126 44 hominis
1561 2254 138 44 imperiti
1664 2254 103 44 etiam
1733 2254 69 44 ab
1756 2254 69 44 hac¬-

1018 2291 115 34 senjus
1098 2291 80 34 sui
1144 2291 115 34 macula
1224 2291 80 34 per
1270 2291 69 34 te
1304 2291 149 34 purgetur.
1419 2291 80 34 Qui
1465 2291 115 34 quidem
1545 2291 115 34 (sicut
1626 2291 138 34 gestorum
1729 2291 92 34 ordo
1775 2291 57 34 pa¬-

1021 2322 131 43 tefecit)
1119 2322 87 43 bene
1174 2322 131 43 coeperat
1272 2322 55 43 a
1294 2322 76 43 sua
1337 2322 164 43 perjuasione
1468 2322 153 43 discedere,
1588 2322 87 43 quum
1643 2322 109 43 vestra
1708 2322 120 43 sententia

1021 2353 163 44 coarctatus,
1151 2353 174 44 profiteretur
1292 2353 65 44 se
1325 2353 119 44 dicere,
1412 2353 87 44 quod
1466 2353 87 44 ante
1520 2353 76 44 non
1564 2353 130 44 dixerat,
1661 2353 54 44 &
1683 2353 65 44 ei
1715 2353 98 44 fidei
1770 2353 43 44 ac

1028 2388 141 44 quiescere,
1139 2388 90 44 cujus
1199 2388 90 44 prius
1259 2388 111 44 fuisset
1329 2388 101 44 alienus.

1040 2413 153 53 Haeresis,
1158 2413 82 53 est
1205 2413 153 53 peccatum,
1322 2413 82 53 cum
1369 2413 94 53 quis
1428 2413 118 53 errans
1510 2413 71 53 in
1546 2413 165 53 fundamento
1675 2413 141 53 salutis,
1769 2413 47 53 it

1025 2452 113 34 errore
1104 2452 125 34 quamvis
1195 2452 113 34 evicto
1274 2452 68 34 ex
1308 2452 102 34 verbo
1376 2452 79 34 Dei
1421 2452 181 34 pertinaciter
1557 2452 136 34 persistit.

1054 2479 151 49 Subjectum
1171 2479 93 49 ejus
1229 2479 70 49 in
1264 2479 81 49 quo
1310 2479 151 49 inhaeret,
1427 2479 81 49 est
1473 2479 93 49 tota
1531 2479 116 49 anima.
1613 2479 81 49 Nam
1659 2479 140 49 quatenus
1752 2479 70 49 est,

1014 2522 129 40 erronea
1108 2522 118 40 opinio
1191 2522 71 40 de
1226 2522 165 40 dogmatibus
1355 2522 118 40 fidei,
1438 2522 82 40 est
1485 2522 71 40 in
1520 2522 176 40 intellectu:
1661 2522 141 40 quatenus
1755 2522 71 40 vero

1018 2546 106 53 persua
1092 2546 74 53 sio
1135 2546 137 53 pertinax,
1240 2546 74 53 est
1283 2546 63 53 in
1304 2546 116 53 voluntate

1050 2581 98 48 Ideo
1111 2581 86 48 non
1160 2581 86 48 est
1209 2581 160 48 confessio
1332 2581 160 48 veritatis
1455 2581 98 48 illa
1517 2581 111 48 impia
1590 2581 172 48 pertinacia
1713 2581 111 48 hominum

1017 2612 178 45 fanaticorum
1159 2612 71 45 in
1195 2612 178 45 suppliciis,
1337 2612 95 45 quae
1396 2612 154 45 perferunt
1515 2612 130 45 propter
1610 2612 178 45 seditionem.
1752 2612 71 45 ut
1776 2612 47 45 A¬-

1025 2652 216 39 pabaptistarum:
1205 2652 84 39 aut
1253 2652 132 39 errores
1349 2652 108 39 palam
1421 2652 180 39 blasphemos,
1564 2652 72 39 ut
1600 2652 144 39 Serveti,
1708 2652 84 39 qui
1744 2652 84 39 anno¬-

1029 2679 98 40 552.
1090 2679 135 40 Genevae
1189 2679 86 40 est
1226 2679 135 40 combustus

1054 2709 74 53 Hi
1091 2709 98 53 enim
1152 2709 86 53 non
1201 2709 98 53 sunt
1263 2709 148 53 Martyres
1374 2709 148 53 Christi:
1485 2709 98 53 quia
1546 2709 111 53 causa
1620 2709 111 53 facit
1682 2709 135 53 Martyrem,

1011 2749 81 37 non
1058 2749 174 37 supplicium,
1197 2749 70 37 ut
1232 2749 81 37 ait
1278 2749 162 37 Cyprianus.
1406 2749 70 37 Et
1440 2749 186 37 Apollinaris,
1591 2749 81 37 Ubi
1637 2749 81 37 non
1684 2749 81 37 est
1719 2749 104 37 veritas

1021 2782 141 39 Christi:
1127 2782 82 39 ibi
1174 2782 82 39 non
1221 2782 82 39 est
1268 2782 129 39 veritas
1362 2782 153 39 Mariyrii.
1479 2782 70 39 De
1515 2782 129 39 haeresi
1609 2782 94 39 vide
1667 2782 141 39 Matthaei
1761 2782 59 39 Ve¬-

1020 2814 151 35 scubecii
1133 2814 201 35 Commentarium
1297 2814 75 35 in
1334 2814 138 35 Codicem
1435 2814 63 35 D
1460 2814 176 35 Justiniani
1598 2814 113 35 libro
1673 2814 125 35 primo,
1748 2814 63 35 ti¬-

1020 2849 92 34 tulo
1078 2849 115 34 quinto
1159 2849 69 34 de
1193 2849 161 34 haereticis
1320 2849 58 34 &
1343 2849 161 34 Manichaeis
1470 2849 58 34 &
1481 2849 150 34 Samaritanis

1046 2871 160 58 Corruptela
1171 2871 160 58 doctrinae,
1296 2871 80 58 est
1342 2871 80 58 cum
1388 2871 148 58 doctrinae
1502 2871 103 58 verae
1570 2871 103 58 falsi
1639 2871 125 58 aliquid
1730 2871 68 58 de
1753 2871 68 58 Deo,

1013 2909 77 44 vel
1057 2909 142 44 voluntate
1166 2909 87 44 ejus
1210 2909 142 44 aspergitur?

1045 2941 125 39 Omissio
1136 2941 182 39 confessionis
1283 2941 57 39 &
1306 2941 159 39 doctrinae,
1431 2941 80 39 est
1476 2941 148 39 neglectus
1590 2941 159 39 occasionum
1715 2941 57 39 &
1726 2941 91 39 facul¬-

1014 2981 103 35 tatis
1082 2981 148 35 erudiendi
1196 2981 114 35 alios,
1276 2981 57 35 &
1299 2981 69 35 ad
1333 2981 148 35 veritatis
1448 2981 160 35 agnitionem
1573 2981 171 35 perducendi,
1699 2981 114 35 praeser¬-

1018 3010 86 37 tini
1072 3010 118 37 liberos
1158 3010 75 37 aut
1201 3010 118 37 filios,
1286 3010 75 37 qui
1329 3010 97 37 fidei
1394 3010 54 37 &
1415 3010 97 37 curae
1479 3010 118 37 nostiae
1565 3010 86 37 sunt
1619 3010 139 37 commissi.
1715 3010 86 37 Repro¬-

1016 3040 131 49 henditur
1114 3040 87 49 Jes.
1169 3040 76 49 59.
1213 3040 66 49 v.
1245 3040 66 49 4.
1278 3040 87 49 Nemo
1333 3040 76 49 est
1376 3040 76 49 qui
1420 3040 109 49 clamet
1496 3040 76 49 pro
1540 3040 131 49 justitia
1638 3040 55 49 &
1660 3040 87 49 nemo
1715 3040 76 49 qui
1748 3040 66 49 dis¬-

1019 3071 103 43 reptet
1091 3071 72 43 pro
1122 3071 72 43 fide.

1054 3111 97 49 cuga
1115 3111 158 49 doctrinae
1236 3111 85 49 est
1285 3111 158 49 peccatum,
1407 3111 85 49 cum
1455 3111 97 49 quis
1516 3111 109 49 fugit
1589 3111 73 49 co
1625 3111 122 49 loquia
1711 3111 73 49 de
1747 3111 85 49 Deo
1784 3111 36 49 &

1019 3139 97 41 rebus
1073 3139 108 41 divinis.
