2063 3439
214 165 95 57 Pers
274 165 72 57 9.
310 165 191 57 Hiscrationes
465 165 131 57 improbi
560 165 95 57 sunt
620 165 191 57 miserationes
775 165 155 57 crudelis,
894 165 72 57 id
930 165 95 57 est,
978 165 84 57 plane

198 204 103 39 nillae

251 229 102 45 III.
315 229 102 45 Quia
379 229 90 45 est
430 229 179 45 argumentum
571 229 217 45 infidelitatis
750 229 77 45 in
788 229 115 45 bonis
865 229 141 45 nostrae
954 229 90 45 fidei

226 268 60 44 a
250 268 84 44 Deo
298 268 156 44 commissis
418 268 168 44 adhibitae,
551 268 96 44 Luc.
611 268 84 44 16.
647 268 36 44 1

260 302 89 36 IV.
311 302 102 36 Quia
375 302 127 36 privat
464 302 140 36 hominem
565 302 153 36 aeternis
680 302 127 36 bonis,
769 302 102 36 Luc.
832 302 89 36 16.
870 302 64 36 12.

258 336 75 39 V.
295 336 100 39 Quia
357 336 137 39 meretur
457 336 187 39 damnationem
607 336 125 39 absque
694 336 212 39 misericordia,
869 336 87 39 Jac
919 336 75 39 2.
944 336 62 39 13.

255 365 90 45 VI.
306 365 103 45 Quia
371 365 90 45 est
422 365 179 45 argumentum
563 365 115 45 animi
640 365 115 45 vacui
717 365 167 45 charitate
845 365 103 45 Dei,
909 365 77 45 1.
934 365 103 45 Johan¬

236 412 60 31 117.

257 429 142 45 Simulata
364 429 201 45 misericordia,
529 429 83 45 est
577 429 142 45 peccatum
683 429 95 45 quum
742 429 95 45 quis
801 429 118 45 verbis
884 429 95 45 prae
943 429 71 45 se
967 429 71 45 fert

219 468 237 39 commiserationem
418 468 162 39 alterius,
543 468 100 39 quem
606 468 112 39 tamen
680 468 162 39 oppressum
805 468 125 39 cupit,
893 468 87 39 aut
930 468 100 39 saltes

223 501 87 39 ope
272 501 87 39 sua
322 501 162 39 sublevare
447 501 87 39 non
497 501 112 39 vult:
572 501 75 39 ut
609 501 137 39 Herodes
709 501 100 39 rex,
772 501 100 39 quum
834 501 150 39 Herodias
946 501 125 39 caput,

220 535 132 45 Johannis
319 535 144 45 Baptistae
430 535 66 45 in
463 535 99 45 disco
529 535 88 45 sibi
584 535 88 45 dari
640 535 155 45 petiisset,
761 535 88 45 prae
816 535 66 45 se
849 535 99 45 tulit
905 535 132 45 commisera¬-

224 573 128 41 tionem
314 573 167 41 Johannis.
442 573 116 41 Talis
520 573 90 41 est
571 573 205 41 commiseratio
738 573 180 41 Crocodili,
879 573 90 41 qui
918 573 128 41 lacrymas

224 602 136 41 fundit
319 602 149 41 hominem
428 602 217 41 devoraturus.
605 602 163 41 Exemplum
727 602 136 41 fictae
808 602 231 41 commiserationis

232 633 79 41 est
277 633 113 41 Jacob.
356 633 68 41 2.
389 633 113 41 15,16.
468 633 101 41 Item,
536 633 101 41 Judae
604 633 158 41 proditoris
728 633 124 41 Christi
818 633 90 41 fuit
874 633 135 41 simulata
964 633 79 41 mise¬-

233 670 134 44 ricordia
334 670 67 44 in
367 670 145 44 pauperes,
479 670 90 44 Joh.
535 670 78 44 12.
568 670 34 44 4

262 697 145 53 Illicita
371 697 205 53 misericordia,
539 697 84 53 est
588 697 97 53 quum
648 697 97 53 quis
708 697 145 53 condolet
817 697 84 53 eis
865 697 84 53 qui
901 697 133 53 malitiose

223 741 193 41 continenter,
380 741 169 41 praefracte
512 741 60 41 &
536 741 108 41 elato
608 741 108 41 animo
681 741 84 41 Deo
729 741 60 41 &
753 741 108 41 verbo
825 741 96 41 ejus
885 741 181 41 restiterunt

228 767 63 40 &
253 767 213 40 incorrigibili
428 767 175 40 contumacia
565 767 88 40 sua
615 767 175 40 commeritas
753 767 125 40 poenas
840 767 100 40 sibi
890 767 150 40 accessive¬-

231 807 112 42 runt.
305 807 149 42 Crudelis
404 807 186 42 misericordia:

256 836 127 46 Talis
341 836 226 46 misericordia
524 836 141 46 minime
623 836 226 46 commendanda:
807 836 113 46 quia
877 836 71 46 a
906 836 99 46 Deo
948 836 113 46 prohi¬-

238 872 79 51 bita
287 872 69 51 est
327 872 79 51 Jer.
376 872 69 51 12.
415 872 59 51 1,
445 872 59 51 2,
474 872 59 51 3.
504 872 59 51 4,
524 872 39 51 5.

475 948 259 54 CAPUT
619 948 173 54 VII.

358 1004 95 64 In
406 1004 110 64 quo
469 1004 95 64 de
516 1004 158 64 Favore
626 1004 110 64 seu
674 1004 236 64 Benevolentia.

222 1060 154 48 TIAVOR
329 1060 108 48 seu
391 1060 261 48 BENEVOLENTIA,
606 1060 108 48 est
667 1060 200 48 συμπαθεια
821 1060 215 48 laudabilis
974 1060 77 48 ac¬-

278 1106 138 45 proinde
379 1106 138 45 virtus,
480 1106 88 45 per
530 1106 101 45 quam
593 1106 126 45 animus
681 1106 126 45 noster
769 1106 176 45 inclinatur
908 1106 76 45 ad
945 1106 113 45 bonum
1008 1106 38 45 &

289 1147 145 32 commodum
398 1147 145 32 aliorum,
507 1147 73 32 ex
543 1147 109 32 amore
616 1147 73 32 in
652 1147 121 32 ipsos,
737 1147 85 32 sic
786 1147 73 32 ut
822 1147 109 32 grata
895 1147 109 32 atque
955 1147 85 32 acce¬-

238 1173 79 48 pta
283 1173 102 48 nobis
351 1173 79 48 sit
396 1173 125 48 illorum
487 1173 181 48 prosperitas,
634 1173 91 48 quam
690 1173 91 48 illi
747 1173 170 48 experiuntur
883 1173 68 48 in
917 1173 102 48 bonis
973 1173 57 48 ale

235 1214 102 34 cujus
303 1214 80 34 vel
348 1214 136 34 continua
451 1214 148 34 fruitione
564 1214 80 34 vel
610 1214 182 34 incrementis,
758 1214 80 34 aut
803 1214 68 34 in
837 1214 91 34 novi
894 1214 136 34 alicujus
985 1214 57 34 bo¬-

234 1236 71 42 ni
270 1236 178 42 accessione,
413 1236 83 42 ita
460 1236 71 42 ut
496 1236 155 42 propterea
615 1236 131 42 sincere
710 1236 59 42 &
734 1236 71 42 ex
769 1236 107 42 animo
841 1236 155 42 gaudeamus
948 1236 83 42 ille,

239 1279 90 35 rum
290 1279 128 35 causa,
380 1279 64 35 &
405 1279 90 35 Deo
457 1279 141 35 gratias
559 1279 141 35 agamus,
661 1279 115 35 atque
738 1279 115 35 illis
815 1279 179 35 gratulemur
955 1279 64 35 &
968 1279 77 35 bene

233 1313 160 43 precemur.
356 1313 173 43 Gratulatio
491 1313 111 43 autem
565 1313 111 43 etiam
639 1313 111 43 animo
713 1313 123 43 tantum
800 1313 111 43 fieri
873 1313 123 43 potest
960 1313 62 43 &
972 1313 74 43 erga

215 1345 126 42 absentes

265 1379 141 33 Virtuti
367 1379 102 33 huic
431 1379 89 33 est
483 1379 179 33 studendum:
623 1379 77 33 I.
662 1379 102 33 Quia
725 1379 141 33 mandata
828 1379 89 33 est
879 1379 115 33 nobis
956 1379 64 33 a
968 1379 77 33 Deo.

237 1402 100 43 Rom.
300 1402 88 43 12.
350 1402 113 43 vers.
425 1402 88 43 15.
475 1402 138 43 Gaudete
576 1402 88 43 cum
626 1402 200 43 gaudentibus.
789 1402 150 43 Inprimis
901 1402 113 43 autem
964 1402 75 43 man¬-

244 1444 77 43 dat
288 1444 99 43 Deus,
354 1444 66 43 ut
387 1444 143 43 Ecclesiae
497 1444 110 43 ipsius
574 1444 88 43 bene
629 1444 143 43 cupiamus,
740 1444 99 43 Jesa.
806 1444 77 43 66.
850 1444 99 43 vers.
916 1444 77 43 10.
949 1444 88 43 Laeta.

236 1475 101 42 mini
299 1475 88 42 cum
350 1475 101 42 urbe
413 1475 214 42 Ierosolymorum
589 1475 63 42 &
614 1475 164 42 exjultate
740 1475 76 42 in
778 1475 76 42 ea
815 1475 113 42 omnes
891 1475 138 42 amantes
979 1475 63 42 eam

238 1511 126 51 gaudete
329 1511 80 51 cum
375 1511 69 51 ea
409 1511 115 51 gaudeo
490 1511 149 51 quicunque
604 1511 149 51 lugebatis
719 1511 80 51 cum
753 1511 46 51 ea

267 1541 87 41 II.
316 1541 100 41 Quia
379 1541 75 41 ad
416 1541 87 41 eam
466 1541 137 41 exemplo
565 1541 87 41 suo
615 1541 87 41 nos
665 1541 149 41 invitant
777 1541 87 41 tum
827 1541 112 41 beati
902 1541 137 41 Angeli,
989 1541 62 41 tum

232 1576 121 44 sancti
316 1576 145 44 homines:
425 1576 157 44 Angelorum
545 1576 145 44 exemplum
654 1576 96 44 est,
714 1576 96 44 Luc.
775 1576 72 44 3.
811 1576 60 44 v
835 1576 84 44 10,
883 1576 84 44 11,
931 1576 84 44 13,
980 1576 84 44 14.
1016 1576 36 44 &

240 1611 94 35 Luc.
299 1611 82 35 15.
346 1611 59 35 v
369 1611 82 35 10.
416 1611 129 35 Exempla
510 1611 94 35 sunt
568 1611 70 35 in
604 1611 141 35 lithrone
709 1611 117 35 socero
791 1611 105 35 Mosis
861 1611 105 35 Exod.
932 1611 82 35 18.
979 1611 70 35 9.
1002 1611 47 35 in

245 1642 92 41 Paulo
306 1642 82 41 Rom.
357 1642 61 41 1.
388 1642 61 41 v.
419 1642 61 41 8.
449 1642 61 41 1.
480 1642 82 41 Cor.
531 1642 61 41 1.
562 1642 61 41 4.
592 1642 92 41 Phil.
654 1642 61 41 1.
684 1642 61 41 v.
715 1642 61 41 3.
746 1642 82 41 Col.
797 1642 61 41 1.
827 1642 61 41 3.
858 1642 61 41 1.
889 1642 102 41 Thess.
960 1642 61 41 1.
991 1642 61 41 2.
1011 1642 31 41 &

244 1672 88 48 cap.
299 1672 66 48 3.
332 1672 66 48 6.
365 1672 55 48 &
387 1672 88 48 seqq
442 1672 66 48 in
475 1672 132 48 Johanne,
574 1672 66 48 2.
608 1672 88 48 Joh.
663 1672 66 48 4.
696 1672 55 48 &
718 1672 66 48 3.
751 1672 88 48 Joh.
806 1672 66 48 3.
839 1672 66 48 4,
861 1672 44 48 5.

272 1698 93 53 III.
331 1698 93 53 Quia
389 1698 128 53 efficit
482 1698 70 53 ut
517 1698 70 53 ex
552 1698 140 53 aliorum,
656 1698 70 53 ac
691 1698 140 53 inprimis
796 1698 151 53 Ecclesiae
912 1698 81 53 Dei
947 1698 105 53 prospe¬-

245 1742 105 44 titate
319 1742 63 44 ad
351 1742 74 44 nos
393 1742 105 44 quoque
467 1742 148 44 consolatio
583 1742 137 44 redundet,
688 1742 95 44 Jesa.
751 1742 74 44 66.
793 1742 74 44 11,
836 1742 74 44 12,
878 1742 74 44 13,
909 1742 53 44 14.

278 1776 90 41 IV.
330 1776 103 41 Quia
394 1776 90 41 est
446 1776 129 41 signum
536 1776 142 41 amoris:
639 1776 129 41 etenim
730 1776 129 41 amorem
820 1776 155 41 sequitur

271 1796 151 55 Opposita
385 1796 126 55 favori
473 1796 88 55 est
524 1796 88 55 tum
574 1796 139 55 invidia
675 1796 63 55 &
700 1796 214 55 malovolentia:
877 1796 88 55 tum
914 1796 139 55 simulatus

245 1842 107 47 favor
316 1842 59 47 &
328 1842 190 47 ἐπεχειρεκακία,

268 1872 124 46 Invidia
358 1872 79 46 vel
403 1872 90 46 acti
460 1872 68 46 ve
494 1872 136 46 capitur,
596 1872 79 46 vel
641 1872 136 46 passive.
743 1872 136 46 Passive,
844 1872 90 46 quum
890 1872 158 46 intelligitur

235 1908 66 42 de
268 1908 66 42 eo
301 1908 77 42 cui
346 1908 155 42 invidetur;
467 1908 100 42 sicut
534 1908 66 42 in
567 1908 89 42 isto
622 1908 100 42 dicto
689 1908 133 42 Pindari,
788 1908 133 42 κρειωσαν
888 1908 133 42 δικλιρμῳ
977 1908 66 42 φυο¬-

237 1939 92 44 νος,
295 1939 115 44 melior
376 1939 173 44 miseratione
515 1939 139 44 invidia:
618 1939 69 44 ac
653 1939 81 44 tum
699 1939 115 44 vitium
780 1939 81 44 non
826 1939 92 44 est.
884 1939 115 44 Active
965 1939 92 44 capi

241 1980 78 36 tur
285 1980 89 36 quum
341 1980 67 36 de
374 1980 67 36 eo
408 1980 178 36 intelligitur
552 1980 78 36 qui
597 1980 122 36 invidet
686 1980 100 36 alii:
753 1980 56 36 &
775 1980 78 36 sic
819 1980 89 36 quum
875 1980 156 36 accipitur,
986 1980 56 36 ve¬-

242 2013 158 38 laudabilis
366 2013 79 38 est
411 2013 135 38 invidia,
512 2013 79 38 vel
557 2013 203 38 vituperabilis.
726 2013 124 38 Invidia
816 2013 169 38 laudabilis,
951 2013 79 38 est
984 2013 68 38 quum

246 2042 105 46 quis,
317 2042 129 46 exempli
410 2042 129 46 gratia,
504 2042 164 46 tristatur,
633 2042 94 46 quod
692 2042 82 46 una
738 2042 82 46 cum
785 2042 105 46 aliis
856 2042 164 46 martyribus
973 2042 70 46 Jesu

245 2079 120 39 Christi
332 2079 76 39 non
376 2079 76 39 est
419 2079 142 39 particeps
528 2079 109 39 factus
604 2079 142 39 martyrii,
713 2079 98 39 cujus
779 2079 54 39 &
801 2079 87 39 ipse
855 2079 76 39 est
899 2079 131 39 cupidus,
997 2079 76 39 sic

239 2106 111 45 tamen
313 2106 74 45 ut
350 2106 136 45 gaudeat
448 2106 74 45 de
485 2106 136 45 aliorum
584 2106 74 45 in
621 2106 148 45 veritate
732 2106 136 45 Christi
831 2106 185 45 constantia.
967 2106 86 45 Talis

233 2142 120 43 invidia
321 2142 77 43 non
364 2142 77 43 est
408 2142 109 43 vitium
485 2142 120 43 Invidia
572 2142 197 43 vituperabilis,
737 2142 55 43 &
758 2142 88 43 quae
813 2142 109 43 vitium
890 2142 88 43 est,
944 2142 120 43 ejusque

231 2190 110 36 causa
304 2190 159 36 efficiens
426 2190 134 36 proxima
524 2190 85 36 est
573 2190 110 36 odium
646 2190 147 36 adversus
756 2190 159 36 proximum,
878 2190 122 36 Ezech.
963 2190 85 36 35.
1000 2190 61 36 11.

226 2213 179 45 definitur
364 2213 83 45 in
405 2213 110 45 hunc
461 2213 96 45 modum

275 2244 155 45 INVIDIA,
391 2244 142 45 φδονος,
495 2244 90 45 est
546 2244 168 45 peccatum,
675 2244 103 45 quum
740 2244 103 45 quis
805 2244 129 45 vellet
895 2244 129 45 alteri
972 2244 65 45 bo¬-

233 2281 89 42 num
284 2281 152 42 quodpiam
398 2281 89 42 non
449 2281 165 42 obtigisse
576 2281 89 42 aut
626 2281 89 42 non
677 2281 178 42 obtingere,
817 2281 76 42 eo
855 2281 101 42 quod
905 2281 140 42 excellen¬-

227 2315 99 42 tiam
289 2315 99 42 suam
350 2315 74 42 eo
388 2315 111 42 minui
462 2315 161 42 opinatur.

267 2343 104 44 Causa
337 2343 92 44 ejus
394 2343 150 44 efficiens
510 2343 127 44 proxima
602 2343 81 44 est
648 2343 150 44 superbia:
763 2343 104 44 sicut
832 2343 138 44 diabolus
936 2343 92 44 idem
982 2343 58 44 est

234 2381 143 46 invidus,
342 2381 96 46 quia
389 2381 132 46 superbus.

273 2402 96 61 Ejus
333 2402 167 61 quadruplex
464 2402 84 61 est
512 2402 143 61 species:
619 2402 96 61 Vna,
679 2402 96 61 quum
739 2402 96 61 quis
798 2402 107 61 dolet
870 2402 107 61 alium
942 2402 96 61 frui
989 2402 60 61 aut

234 2443 148 43 fruiturum
347 2443 102 43 eodem
416 2443 91 43 bono
473 2443 80 43 quo
518 2443 91 43 ipse
575 2443 137 43 fruitur,
678 2443 80 43 sed
723 2443 102 43 solus
792 2443 68 43 eo
826 2443 91 43 frui
883 2443 125 43 vellet,
974 2443 68 43 ut
996 2443 46 43 si

234 2475 101 50 quis
297 2475 101 50 alii
360 2475 151 50 invideat
473 2475 126 50 eundem
561 2475 113 50 secum
637 2475 151 50 honorem,
750 2475 126 50 eandem
838 2475 138 50 aliorum
926 2475 113 50 benefi¬-

229 2509 150 45 centiam
338 2509 68 45 &
366 2509 164 45 gratiam,
488 2509 136 45 eundem
584 2509 150 45 aliorum
693 2509 150 45 favorem
802 2509 68 45 &
829 2509 150 45 amorem,
925 2509 136 45 Matthaei

233 2541 86 48 20.
282 2541 136 48 versic.
381 2541 86 48 11.
430 2541 62 48 &
455 2541 197 48 sequentibus.
615 2541 86 48 Sic
665 2541 99 48 Saul
726 2541 86 48 rex
776 2541 197 48 Israelitatum
924 2541 123 48 invidit.

234 2576 121 43 Davidi
318 2576 169 43 dignitatem
451 2576 133 43 regiam:
548 2576 121 43 Judaei
632 2576 169 43 inviderunt
765 2576 157 43 Gentibus,
885 2576 96 43 quod
946 2576 60 43 &
970 2576 96 43 ipse

230 2606 128 55 populus
324 2606 82 55 Dei
370 2606 105 55 fieri
441 2606 152 55 deberent,
557 2606 93 55 quum
616 2606 93 55 illi
674 2606 93 55 soli
733 2606 128 55 populus
826 2606 82 55 Dei
873 2606 93 55 esse
931 2606 140 55 vellent,

231 2654 99 44 Act.
292 2654 74 44 13
330 2654 74 44 v.
354 2654 62 44 45.

266 2675 114 44 Altera
345 2675 125 44 invidia
436 2675 136 44 species,
538 2675 79 44 est
584 2675 91 44 quum
640 2675 91 44 quis
697 2675 102 44 aegre
765 2675 102 44 fert,
833 2675 125 44 alterum
924 2675 91 44 frui
970 2675 79 44 bono¬-

229 2714 116 39 aliquo
311 2714 81 39 quo
357 2714 93 39 ipse
415 2714 116 39 potiri
497 2714 81 39 non
543 2714 128 39 potest,
636 2714 105 39 atque
706 2714 81 39 ita
752 2714 128 39 alienam
845 2714 174 39 felicitatem
973 2714 70 39 suum

242 2743 201 51 intercretatur
408 2743 189 51 infortunium:
561 2743 71 51 ut
597 2743 71 51 si
632 2743 95 51 quis
691 2743 130 51 moleste
786 2743 106 51 ferat
857 2743 118 51 videns
940 2743 106 51 alium
999 2743 47 51 se

242 2776 241 50 praestantiorem,
445 2776 215 50 honoratiorem,
622 2776 177 50 gratiorem,
761 2776 165 50 successus
888 2776 139 50 majores
977 2776 63 50 ha¬-

237 2810 136 44 bentem.
335 2810 148 44 Exemplum
447 2810 111 44 talis
521 2810 148 44 invidiae
632 2810 86 44 est
681 2810 74 44 in
718 2810 148 44 diabolo,
830 2810 86 44 qui
879 2810 111 44 nobis
941 2810 111 44 invidet

231 2843 85 50 Dei
280 2843 146 50 gratiam,
389 2843 85 50 qua
438 2843 122 50 potiri
523 2843 85 50 non
572 2843 134 50 potest,
669 2843 85 50 nec
718 2843 73 50 in
755 2843 146 50 aeternum
864 2843 146 50 poterit.
962 2843 85 50 Exem¬-

234 2886 98 44 plum
295 2886 98 44 fuit
357 2886 74 44 in
394 2886 123 44 Cajino
480 2886 160 44 invidente
602 2886 123 44 fratri
689 2886 111 44 Abeli
762 2886 135 44 gratiam
861 2886 98 44 Dei,
922 2886 123 44 Genes.
996 2886 49 44 4.

241 2918 101 35 vers.
308 2918 67 35 3.
341 2918 67 35 4,
375 2918 67 35 5.
409 2918 67 35 In
442 2918 145 35 fratribus
554 2918 123 35 Josephi
643 2918 179 35 Patriarchae,
789 2918 123 35 Actorum
878 2918 67 35 7.
912 2918 101 35 vers.
979 2918 67 35 9.
1001 2918 45 35 In

234 2949 149 39 Miriamo
343 2949 136 39 sorore
438 2949 122 39 Mosis
520 2949 68 39 &
547 2949 136 39 Aarone
642 2949 217 39 invidentibus
818 2949 109 39 Mosi
886 2949 149 39 honorem
981 2949 68 39 am¬-

251 2978 139 43 pliorem
353 2978 101 43 quem
416 2978 101 43 prae
479 2978 114 43 illis
555 2978 164 43 obtinebat
681 2978 126 43 Numer.
770 2978 89 43 12.
820 2978 114 43 vers.
896 2978 76 43 2.
922 2978 126 43 Exemplum

239 3013 121 41 itidem
323 3013 84 41 est
372 3013 72 41 in
408 3013 96 41 Rege
468 3013 121 41 Saule,
553 3013 84 41 qui
601 3013 133 41 gloriam
697 3013 157 41 ampliorem
818 3013 84 41 in:
866 3013 121 41 idebat
938 3013 109 41 Davidi.

242 3044 72 39 1.
278 3044 133 39 Samuel.
375 3044 72 39 18
411 3044 109 39 vers.
483 3044 72 39 7,
519 3044 72 39 8.
556 3044 72 39 In
592 3044 169 39 proceribus
724 3044 109 39 Medis
797 3044 60 39 &
821 3044 121 39 Petsis
905 3044 84 39 qui
941 3044 109 39 invide¬-

237 3082 97 40 bant
298 3082 134 40 Danieli
395 3082 122 40 summam
480 3082 170 40 eparchiam,
614 3082 146 40 Danielis
724 3082 97 40 cap.
784 3082 73 40 6.
821 3082 134 40 versic.
918 3082 73 40 4,
955 3082 73 40 5.
979 3082 61 40 I1.

245 3117 181 38 Sanballato
387 3117 168 38 Choronita
516 3117 65 38 &
542 3117 116 38 Tobia
619 3117 168 38 Ammonita,
748 3117 90 38 qui
800 3117 168 38 aegerrime
916 3117 129 38 tulerunt

239 3148 173 35 advenisse
372 3148 146 35 hominem
478 3148 80 35 ad
518 3148 199 35 procurandum
677 3148 120 35 bonum
757 3148 199 35 Israelitis,
916 3148 93 35 Nec
956 3148 80 35 hem.

246 3178 106 42 vers.
317 3178 82 42 10.
364 3178 70 42 In
399 3178 94 42 Pha.
458 3178 117 42 isaeis
540 3178 59 42 &
563 3178 141 42 Scribis,
669 3178 141 42 Matthaei
775 3178 70 42 23
810 3178 106 42 vers.
880 3178 82 42 13.
927 3178 70 42 In
951 3178 82 42 Saddi

246 3209 111 48 caeis
320 3209 136 48 Aclorum
419 3209 74 48 5.
456 3209 87 48 17.
505 3209 74 48 In
542 3209 136 48 Judaeis
641 3209 99 48 quum
703 3209 161 48 vidissent
827 3209 111 48 prope
901 3209 111 48 totam
962 3209 87 48 uibem

1070 165 198 48 Antiochiam
1225 165 212 48 congregatam
1395 165 141 48 fuisse
1494 165 85 48 ad
1536 165 184 48 audiendum
1677 165 169 48 sermonem
1804 165 99 48 Dei
1847 165 42 48 a

1076 202 130 58 Paulo,
1167 202 143 58 Actorum
1271 202 104 58 cap.
1336 202 91 58 13.
1388 202 91 58 44,
1440 202 91 58 45.
1493 202 130 58 Rursus
1584 202 78 58 in
1623 202 143 58 Judaeis
1727 202 143 58 Actorum
1818 202 78 58 cap.

1089 240 52 35 7.
1107 240 34 35 5.

1112 269 165 62 Utriusque
1239 269 127 62 istius
1327 269 152 62 invidiae
1441 269 152 62 exemplum
1555 269 89 62 est
1606 269 76 62 in
1644 269 139 62 Pompejo
1745 269 114 62 Magno
1821 269 63 62 &
1834 269 63 62 Ju¬-

1078 301 84 46 lio
1126 301 144 46 Caesare,
1234 301 72 46 de
1270 301 120 46 quibus
1355 301 132 46 Lucanus
1439 301 60 46 aut

1108 334 81 51 Nec
1155 334 81 51 jam
1201 334 104 51 ferre
1271 334 128 51 potest,
1364 334 139 51 Caelarve
1468 334 139 51 priorem,
1573 334 139 51 Pompejum
1677 334 81 51 sve
1712 334 93 51 paremi

1112 368 151 58 Exemplum
1226 368 101 58 item
1289 368 76 58 in
1327 368 139 58 aulicis
1428 368 114 58 Regis
1503 368 76 58 in
1541 368 151 58 Davidem,
1655 368 114 58 Psal.
1718 368 63 58 62.

1118 400 78 45 Est
1151 400 123 45 fugienda,

1117 432 68 51 I.
1151 432 91 51 Quia
1208 432 159 51 prohibetur
1333 432 57 51 a
1355 432 91 51 Deo,
1412 432 102 51 Psal.
1480 432 80 51 37.
1526 432 68 51 1.
1560 432 102 51 Prov.
1628 432 68 51 3.
1662 432 68 51 v.
1685 432 57 51 31.

1107 472 91 50 II.
1159 472 104 50 Quia
1224 472 221 50 reprehenditur
1406 472 65 50 a
1432 472 104 50 Deo.
1497 472 182 50 Reprehensa
1639 472 104 50 enim
1704 472 104 50 fuit
1769 472 78 50 in
1795 472 104 50 Cajino

1069 503 102 48 Gen.
1133 503 77 48 4.
1172 503 64 48 v
1197 503 77 48 6.
1235 503 77 48 In
1274 503 141 48 Mirjamo
1376 503 128 48 sorore
1466 503 115 48 Mosis
1542 503 64 48 &
1568 503 141 48 Aarone.
1670 503 102 48 Num.
1734 503 90 48 12.
1785 503 77 48 v.
1811 503 51 48 8.

1111 537 97 40 III.
1172 537 97 40 Quia
1232 537 146 40 impellit
1342 537 73 40 ad
1378 537 122 40 gravia
1463 537 146 40 delicta,
1573 537 122 40 veluti
1658 537 73 40 ad
1694 537 170 40 homicidium
1816 537 73 40 ime¬-

1083 573 111 43 etiam
1157 573 74 43 ad
1194 573 197 43 parricidium,
1354 573 74 43 ut
1391 573 148 43 ostendit
1502 573 148 43 exemplum
1613 573 123 43 Cajini
1700 573 123 43 Genes.
1786 573 74 43 4.
1823 573 62 43 &
1835 573 62 43 ex¬-

1082 611 128 40 emplum
1172 611 115 40 Joabi
1248 611 179 40 occidentis
1389 611 153 40 Abnerem.
1503 611 77 40 2.
1542 611 102 40 Sam.
1605 611 77 40 3.
1644 611 77 40 v.
1682 611 89 40 27.
1733 611 64 40 &
1759 611 140 40 Amasam.
1848 611 51 40 2.

1079 636 104 39 Sam.
1131 636 65 39 20.

1115 662 152 53 Impellit
1229 662 76 53 ad
1268 662 241 53 obtrectationem,
1470 662 76 53 ut
1509 662 152 53 ostendit
1623 662 152 53 exemplum
1737 662 140 53 Mirjami
1826 662 63 53 so¬-

1076 702 117 45 roris
1154 702 117 45 Mosis
1232 702 65 45 &
1258 702 156 45 Aaronis,
1376 702 104 45 Num.
1428 702 65 45 12.

1116 741 147 44 Impellit
1226 741 74 44 ad
1263 741 184 44 seditiones,
1410 741 74 44 ut
1447 741 147 44 ostendit
1557 741 147 44 exemplum
1667 741 123 44 Chore,
1753 741 147 44 Dathanis
1851 741 37 44 &

1070 763 129 51 Abirami

1115 805 91 53 IV.
1167 805 104 53 Quia
1232 805 156 53 attrahit
1349 805 143 53 poenas:
1453 805 78 53 ut
1492 805 117 53 docet
1571 805 156 53 exemplum
1688 805 143 53 Mirjami
1779 805 117 53 sororis

1046 829 123 53 Mosis

1129 870 79 44 V.
1168 870 105 44 Quia
1234 870 92 44 est
1287 870 132 44 veluti
1379 870 132 44 rubigo
1472 870 145 44 hominem
1564 870 158 44 consumens.

1128 905 85 40 VI.
1176 905 97 40 Quia
1237 905 133 40 efficit
1334 905 157 40 inquietam
1455 905 109 40 vitam
1528 905 61 40 &
1552 905 97 40 omne
1612 905 97 40 opus
1673 905 133 40 pravum,
1770 905 97 40 Jac.
1830 905 73 40 3.
1855 905 48 40 v.

1091 940 80 45 16.
1136 940 80 45 Ubi
1182 940 92 45 enim
1240 940 126 45 invidia
1331 940 80 45 est
1377 940 57 45 &
1400 940 103 45 rixa,
1469 940 80 45 ibi
1515 940 138 45 inquieta
1618 940 92 45 vita
1675 940 57 45 &
1698 940 92 45 omne
1755 940 92 45 opus
1801 940 92 45 pravu¬-

1110 975 117 37 Tertia
1192 975 140 37 invidiae
1297 975 128 37 species
1390 975 82 37 est
1437 975 82 37 cum
1483 975 93 37 quis
1541 975 128 37 moleste
1635 975 93 37 fert
1693 975 105 37 aliis
1751 975 140 37 contigisse

1089 1004 84 42 Deo
1137 1004 96 42 tale
1197 1004 132 42 aliquod
1293 1004 120 42 bonum,
1376 1004 108 42 quali
1448 1004 132 42 ornatus
1544 1004 84 42 est
1592 1004 96 42 ille
1652 1004 96 42 quem
1711 1004 144 42 diligit:
1819 1004 72 42 Ut
1843 1004 60 42 lo¬-

1086 1042 86 37 sua
1135 1042 99 37 quum
1197 1042 148 37 audisset
1307 1042 99 37 quod
1369 1042 111 37 Eldad
1443 1042 62 37 &
1468 1042 111 37 Medad
1542 1042 74 37 in
1579 1042 136 37 castris
1677 1042 209 37 prophetarent,
1837 1042 62 37 in¬-

1094 1075 107 45 vidit
1166 1075 107 45 illis
1237 1075 107 45 donum
1309 1075 179 45 prophetiae,
1452 1075 107 45 Mosis
1523 1075 119 45 causa,
1607 1075 107 45 cujus
1678 1075 167 45 autoritati
1810 1075 72 45 ne
1833 1075 72 45 quid

1086 1109 155 47 decederet
1205 1109 131 47 frustra
1300 1109 155 47 metuebat,
1420 1109 95 47 Num.
1479 1109 83 47 11.
1527 1109 71 47 v.
1563 1109 83 47 27,
1610 1109 83 47 28,
1658 1109 71 47 29
1694 1109 155 47 Discipuli
1801 1109 95 47 Johan¬-

1086 1147 85 40 nis
1135 1147 110 40 aegre
1208 1147 159 40 tulerunt,
1330 1147 98 40 quod
1391 1147 146 40 Christus
1501 1147 122 40 quoque
1586 1147 183 40 baptizaret,
1732 1147 61 40 &
1757 1147 98 40 quod
1805 1147 98 40 omnes.

1089 1177 70 35 ad
1124 1177 105 35 ipsum
1194 1177 151 35 venirent,
1310 1177 116 35 Johan.
1391 1177 70 35 3.
1426 1177 70 35 v.
1461 1177 81 35 26.
1508 1177 151 35 Discipuli
1624 1177 128 35 Christi
1717 1177 105 35 aegre
1775 1177 116 35 tulerunt

1095 1210 139 48 quendam
1196 1210 88 48 qui
1247 1210 114 48 ipsum
1323 1210 88 48 non
1373 1210 177 48 sequebatur
1512 1210 88 48 cum
1563 1210 114 48 aliis
1639 1210 190 48 discipulis,
1778 1210 126 48 miracula

1084 1245 108 37 edere
1156 1245 72 37 in
1192 1245 120 37 nomine
1276 1245 144 37 Christi,
1385 1245 108 37 Marc.
1457 1245 72 37 9.
1493 1245 72 37 v.
1517 1245 60 37 38.

1126 1269 119 51 Quarta
1209 1269 131 51 species
1304 1269 154 51 invidiae,
1423 1269 83 51 est
1471 1269 95 51 quum
1530 1269 95 51 quis
1589 1269 143 51 destruit
1696 1269 59 51 &
1720 1269 154 51 corrumpit
1827 1269 71 51 bona

1095 1309 93 36 sua,
1154 1309 82 36 vel
1200 1309 140 36 aliorum,
1305 1309 70 36 ne
1340 1309 140 36 quisquam
1445 1309 128 36 hominum
1539 1309 105 36 illis
1609 1309 117 36 utatur
1691 1309 163 36 fruaturve:
1807 1309 82 36 Exem.

1097 1341 94 37 plum
1156 1341 82 37 est
1203 1341 70 37 in
1238 1341 188 37 Philistaeis,
1391 1341 82 37 qui
1437 1341 106 37 omnes
1508 1341 117 37 puteos
1590 1341 94 37 quos
1649 1341 141 37 foderant
1754 1341 106 37 servi
1813 1341 82 37 Abra¬-

1100 1378 90 36 nami
1156 1378 180 36 occluserunt,
1302 1378 146 36 implentes
1414 1378 79 36 eos
1459 1378 135 36 pulvere,
1560 1378 90 36 Gen.
1616 1378 79 36 26.
1661 1378 79 36 14,
1706 1378 79 36 15.
1751 1378 90 36 Ista
1796 1378 101 36 in-pri¬-

1098 1411 93 34 nis
1151 1411 132 34 reddit
1243 1411 146 34 hominem
1349 1411 132 34 merito
1442 1411 132 34 exosum
1535 1411 66 34 &
1561 1411 185 34 maledictis
1707 1411 146 34 aliorum
1799 1411 93 34 obno¬-

1098 1443 107 43 tium,
1169 1443 119 43 instar
1253 1443 178 43 stellionis,
1395 1443 83 43 qui
1443 1443 83 43 est
1491 1443 119 43 animal
1574 1443 107 43 supra
1645 1443 107 43 modum
1717 1443 143 43 invidum:
1812 1443 83 43 cutem

1095 1479 100 35 enim
1157 1479 100 35 quam
1219 1479 162 35 quotannis
1343 1479 124 35 exuit,
1430 1479 149 35 protinus
1542 1479 149 35 devorat,
1654 1479 149 35 invidens
1766 1479 124 35 homini
1841 1479 62 35 eo¬-

1092 1518 144 40 mitialis
1200 1518 108 40 morbi
1272 1518 156 40 remedium,
1392 1518 132 40 Plinius
1488 1518 96 40 lib.
1548 1518 84 40 30.
1596 1518 96 40 cap.
1644 1518 60 40 10.

1125 1540 96 43 Ista
1185 1540 144 43 invidiae
1293 1540 132 43 species
1389 1540 84 43 est
1437 1540 156 43 in-primis
1557 1540 168 43 diabolica.
1689 1540 144 43 Diabolus
1797 1540 96 43 enim
1845 1540 60 43 in¬-

1098 1573 127 41 videns
1187 1573 127 41 humano
1276 1573 127 41 generi
1365 1573 114 41 datum
1441 1573 63 41 a
1466 1573 89 41 Deo
1517 1573 127 41 verbum
1606 1573 140 41 salutis
1708 1573 165 41 aeternae,
1822 1573 76 41 quum

1105 1611 83 40 psi
1153 1611 143 40 (diabolo
1260 1611 119 40 nempe)
1344 1611 83 40 non
1391 1611 131 40 prosit;
1487 1611 95 40 ejus
1546 1611 131 40 fructum
1642 1611 107 40 atque
1713 1611 155 40 salutarem
1820 1611 72 40 uti¬-

1089 1644 137 39 litatem
1188 1644 112 39 etiam
1263 1644 162 39 hominibus
1387 1644 137 39 cripere
1487 1644 124 39 cupit:
1574 1644 100 39 Ideo
1636 1644 137 39 quantum
1735 1644 75 39 in
1773 1644 100 39 ipso
1822 1644 75 39 est,

1093 1677 158 38 corrumpit
1214 1677 109 38 illud
1287 1677 61 38 &
1312 1677 109 38 plane
1385 1677 158 38 corruptum
1506 1677 109 38 atque
1579 1677 134 38 ablatum
1676 1677 134 38 vellet,
1773 1677 73 38 ne
1810 1677 109 38 salut

1088 1712 132 43 hominum
1184 1712 156 43 serviret.
1304 1712 84 43 Sic
1352 1712 144 43 corrupit
1460 1712 120 43 verbum
1544 1712 96 43 Dei.
1604 1712 96 43 Gen.
1664 1712 72 43 3.
1700 1712 72 43 v.
1736 1712 72 43 4.
1772 1712 60 43 &
1796 1712 72 43 5.
1820 1712 72 43 Hin¬-

1092 1754 145 34 producit
1201 1754 157 34 haereses,
1322 1754 73 34 ut
1358 1754 85 34 per
1407 1754 109 34 illas
1479 1754 121 34 verbum
1564 1754 85 34 Dei
1613 1754 157 34 depravet.
1734 1754 97 34 Hinc
1782 1754 109 34 excita.

1100 1785 202 41 persequutiones
1268 1785 79 41 per
1313 1785 146 41 tyrannos,
1425 1785 79 41 per
1470 1785 191 41 Antichristum,
1628 1785 79 41 per
1672 1785 157 41 satellites
1796 1785 101 41 ejus,
1852 1785 45 41 ut

1087 1813 126 37 verbum
1176 1813 89 37 Dei
1226 1813 177 37 supprimat,
1366 1813 76 37 ut
1403 1813 101 37 olim
1467 1813 177 37 Philistaei
1606 1813 126 37 puteos
1682 1813 126 37 Abrahami

1131 1838 136 42 Interdum
1233 1838 124 42 priores
1323 1838 124 42 species
1414 1838 147 42 invidiae,
1527 1838 79 42 cum
1572 1838 79 42 hac
1617 1838 170 42 concurrunt,
1753 1838 68 42 ut
1787 1838 68 42 in
1809 1838 91 42 falsis

1104 1876 104 50 ustis
1174 1876 81 50 seu
1220 1876 138 50 iniquis,
1323 1876 81 50 qui
1369 1876 138 50 invident
1473 1876 104 50 viris
1542 1876 115 50 justis
1623 1876 58 50 &
1646 1876 81 50 hoc
1692 1876 104 50 agunt
1761 1876 127 50 quomodo
1841 1876 58 50 vi¬-

1101 1912 59 37 i
1125 1912 107 37 justi
1196 1912 142 37 amittant
1303 1912 154 37 justitiam
1421 1912 83 37 vel
1468 1912 166 37 abducantur
1599 1912 59 37 a
1622 1912 154 37 justitia.
1741 1912 142 37 Exemplum
1836 1912 59 37 est

1088 1945 71 35 in
1124 1945 142 35 diabolo,
1230 1945 83 35 qui
1277 1945 83 35 cum
1324 1945 165 35 cecidisset
1454 1945 118 35 stanti
1537 1945 118 35 homini
1620 1945 130 35 invidit
1714 1945 201 35 integritatem,
1868 1945 35 35 &

1090 1980 100 36 quia
1152 1980 100 36 ipse
1214 1980 150 36 amiserat
1327 1980 125 36 regnum
1414 1980 162 36 coelorum,
1539 1980 137 36 hominem
1639 1980 112 36 illuc
1714 1980 162 36 pervenire
1827 1980 62 36 no¬-

1092 2011 93 35 suit
1151 2011 58 35 &
1174 2011 82 35 non
1221 2011 105 35 vult,
1291 2011 70 35 id
1326 2011 93 35 agit
1384 2011 70 35 ut
1419 2011 93 35 homo
1478 2011 105 35 illuc
1548 2011 82 35 non
1594 2011 163 35 perveniat,
1723 2011 93 35 unde
1781 2011 93 35 ipse
1828 2011 70 35 eje¬-

1089 2045 99 39 ctus
1150 2045 99 39 est.
1212 2045 148 39 Exemplum
1323 2045 99 39 est,
1384 2045 74 39 ut
1421 2045 74 39 in
1458 2045 123 39 Summis
1544 2045 209 39 Sacerdotibus,
1717 2045 148 39 Scribis,
1815 2045 74 39 Pha¬-

1083 2080 149 42 risaeis,
1195 2080 187 42 Sadducaeis,
1344 2080 87 42 qui
1394 2080 87 42 non
1443 2080 124 42 tantum
1530 2080 174 42 invidebant
1667 2080 124 42 Domino
1754 2080 112 42 Jesu,
1816 2080 75 42 quoc

1104 2116 111 42 assim
1178 2116 86 42 jam
1227 2116 197 42 agnosceretur
1387 2116 86 42 pro
1436 2116 135 42 Christo
1535 2116 111 42 illo:
1609 2116 86 42 sed
1658 2116 111 42 etiam
1732 2116 148 42 ipsummet
1830 2116 62 42 Do¬-

1092 2149 116 34 minum
1169 2149 116 34 Jesum
1246 2149 128 34 Pilato
1336 2149 193 34 tradiderunt
1490 2149 244 34 interficiendum,
1696 2149 77 34 ut
1734 2149 90 34 eum
1785 2149 64 34 e
1798 2149 103 34 medios

1092 2180 163 43 tolleret,
1217 2180 75 43 ne
1254 2180 138 43 amplius
1354 2180 150 43 quisquam
1467 2180 75 43 de
1504 2180 75 43 eo
1542 2180 138 43 tanquam
1642 2180 138 43 Christo
1742 2180 100 43 illo
1792 2180 113 43 gaudere

1096 2211 129 38 posset.
1190 2211 70 38 De
1225 2211 82 38 hac
1272 2211 153 38 diabolica
1390 2211 129 38 invidia
1483 2211 129 38 dicitur
1577 2211 117 38 Matth.
1659 2211 82 38 27.
1706 2211 70 38 v.
1741 2211 82 38 18.
1777 2211 117 38 Sciebat,

1089 2245 97 38 enim
1150 2245 97 38 quod
1210 2245 85 38 per
1259 2245 146 38 invidiam
1368 2245 194 38 tradidissent
1513 2245 61 38 eum

1118 2268 218 47 Malevolentia,
1298 2268 90 47 est
1349 2268 167 47 peccatum,
1477 2268 103 47 quum
1542 2268 103 47 quis
1606 2268 77 47 in
1644 2268 115 47 animo
1721 2268 90 47 suo
1773 2268 103 47 male
1824 2268 64 47 vul

1086 2314 137 50 alteri,
1185 2314 75 50 in
1223 2314 162 50 perniciem
1347 2314 100 50 ejus
1409 2314 112 50 malum
1484 2314 149 50 cogitans
1596 2314 62 50 &
1621 2314 125 50 optans
1708 2314 100 50 odio
1770 2314 137 50 privato
1858 2314 37 50 &

1087 2343 148 46 vindictae
1189 2343 136 46 cupiditate

1069 2510 128 43 damnis
1159 2510 90 43 seu
1197 2510 167 43 infortunii:

1113 2368 166 55 Simulatus
1241 2368 128 55 favor,
1330 2368 89 55 est
1381 2368 166 55 peccatum,
1509 2368 102 55 quum
1573 2368 102 55 quis
1637 2368 128 55 verbis
1726 2368 128 55 quidem
1803 2368 89 55 alter

1088 2410 177 46 gratulatur
1228 2410 114 46 bonum
1303 2410 101 46 quod
1367 2410 76 46 ei
1405 2410 152 46 obtigit,
1518 2410 114 46 anime
1594 2410 114 46 tamen
1670 2410 76 46 ei
1708 2410 139 46 invidet
1809 2410 63 46 &
1822 2410 76 46 male

1079 2444 66 42 vult.

1120 2471 222 50 ὑπεχαιρεκακια,
1304 2471 86 50 est
1354 2471 160 50 peccatum,
1477 2471 98 50 quum
1538 2471 98 50 quis
1600 2471 148 50 laetatur
1710 2471 135 50 alienis
1797 2471 98 50 malis,

1119 2542 135 51 Caveri
1213 2542 135 51 debet:
1307 2542 81 51 I.
1348 2542 108 51 Quia
1415 2542 67 51 a
1442 2542 94 51 Deo
1496 2542 189 51 prohibetur
1644 2542 108 51 Lege
1711 2542 175 51 Decalogi:
1833 2542 67 51 Non

1081 2578 138 40 occides.
1185 2578 104 40 Prov.
1255 2578 81 40 24.
1301 2578 81 40 17.
1347 2578 92 40 Quum
1404 2578 104 40 cadit
1474 2578 138 40 inimicus
1578 2578 104 40 tuus,
1647 2578 69 40 ne
1681 2578 150 40 laetator:
1785 2578 104 40 quumque

1083 2616 133 35 corruit,
1183 2616 67 35 ne
1216 2616 67 35 ex
1250 2616 122 35 sultato
1339 2616 111 35 animus
1405 2616 78 35 taus.

1118 2644 89 44 II.
1169 2644 102 44 Quia
1233 2644 89 44 est
1284 2644 127 44 noxia,
1373 2644 153 44 Proverb.
1487 2644 89 44 24.
1538 2644 89 44 18.
1589 2644 153 44 Attrahit
1703 2644 127 44 certas
1780 2644 114 44 poenas,

1082 2677 202 38 Proverbiorum
1247 2677 101 38 cap.
1310 2677 88 38 17.
1360 2677 76 38 5.
1398 2677 88 38 Qui
1449 2677 177 38 delectatur
1588 2677 190 38 calamitate,
1739 2677 88 38 non
1777 2677 114 38 impanis

1071 2712 71 41 erit

1111 2731 98 52 III.
1172 2731 98 52 Quia
1233 2731 73 52 in
1270 2731 122 52 quovis
1356 2731 220 52 reprehenditur:
1539 2731 73 52 ut
1576 2731 73 52 in
1613 2731 110 52 Doego
1686 2731 110 52 Psal.
1759 2731 86 52 52.
1808 2731 110 52 vers.

1108 2774 98 43 .Quid
1173 2774 65 43 te
1206 2774 109 43 jactas
1282 2774 65 43 in
1315 2774 98 43 male,
1380 2774 54 43 o
1401 2774 119 43 potens?
1488 2774 65 43 In
1521 2774 109 43 Simejo
1597 2774 65 43 2.
1629 2774 87 43 Sam.
1684 2774 76 43 16.
1727 2774 65 43 v.
1760 2774 65 43 8.
1792 2774 65 43 in
1814 2774 87 43 hosti¬-

1091 2811 75 40 bus
1134 2811 151 40 Servatoris
1253 2811 108 40 nostri
1328 2811 86 40 Jesu
1382 2811 129 40 Christi,
1478 2811 97 40 Psal.
1532 2811 54 40 21.

1120 2836 236 49 Abiπεχιαρεκακιᾳ
1318 2836 161 49 distingui
1442 2836 112 49 debet
1517 2836 137 49 gaudium
1616 2836 137 49 piorum,
1715 2836 74 49 ob
1752 2836 124 49 poenas
1827 2836 62 49 set

1095 2873 158 43 nteritum
1213 2873 184 43 improborum
1358 2873 66 43 &
1384 2873 171 43 crudelium
1515 2873 236 43 persequutorum,
1712 2873 105 43 quod
1765 2873 131 43 concipi¬-

1090 2910 81 38 unt
1137 2910 116 38 sancte
1218 2910 70 38 ex
1253 2910 163 38 documentis
1381 2910 128 38 divinae
1474 2910 151 38 justitiae
1590 2910 70 38 in
1625 2910 139 38 improbos
1718 2910 174 38 persequutores

1082 2942 176 43 declaratae
1221 2942 63 43 a
1246 2942 88 43 Deo
1296 2942 75 43 ad
1334 2942 101 43 suam
1397 2942 138 43 gloriam
1497 2942 63 43 &
1522 2942 214 43 consolationem
1698 2942 151 43 fidelium
1799 2942 88 43 atqui

1097 2979 202 38 confirmationem
1265 2979 67 38 in
1298 2979 101 38 bono.
1366 2979 67 38 De
1399 2979 101 38 quali
1466 2979 112 38 gaudio
1545 2979 123 38 dicitur
1634 2979 101 38 Psal.
1702 2979 78 38 52.
1746 2979 67 38 7.
1780 2979 67 38 8,
1814 2979 67 38 9,
1836 2979 56 38 10.

1094 3005 102 42 Etiam
1162 3005 91 42 Deus
1218 3005 113 42 fertis
1297 3005 170 42 demoliturus
1433 3005 79 42 est
1479 3005 68 42 te
1512 3005 68 42 in
1546 3005 147 42 aeternum,
1660 3005 136 42 abripiet
1761 3005 79 42 te,
1807 3005 57 42 &
1818 3005 68 42 avel

1097 3038 80 44 let
1142 3038 69 44 te
1177 3038 57 44 a
1200 3038 149 44 tentorio;
1314 3038 195 44 eradicabitque
1475 3038 69 44 te
1509 3038 57 44 e
1532 3038 103 44 terra
1601 3038 149 44 viventium
1704 3038 184 44 vehementissime

1093 3077 92 46 Quod
1150 3077 138 46 videntes
1253 3077 115 46 justi,
1334 3077 195 46 reverebuntur;
1495 3077 57 46 &
1518 3077 69 46 de
1552 3077 92 46 isto
1610 3077 149 46 ridebunt,
1725 3077 149 46 dicentes:
1828 3077 69 46 Ecce

1092 3102 110 44 virum
1165 3102 122 44 illum,
1250 3102 85 44 qui
1299 3102 85 44 non
1347 3102 183 44 proposuerat
1493 3102 97 44 Deum
1554 3102 110 44 robur
1627 3102 110 44 suum:
1700 3102 85 44 sed
1749 3102 170 44 confidebat

1089 3139 170 40 amplitudini
1225 3139 159 40 divitiarum
1349 3139 125 40 suarum,
1440 3139 147 40 roborabat
1553 3139 68 40 se
1587 3139 68 40 in
1621 3139 159 40 substantia
1746 3139 91 40 sua.
1802 3139 79 40 Ego
1836 3139 57 40 ve¬-

1089 3169 69 44 ro
1124 3169 69 44 ut
1159 3169 104 44 oliva
1228 3169 116 44 virens
1309 3169 69 44 in
1344 3169 93 44 domo
1402 3169 93 44 Dei;
1460 3169 127 44 confido
1552 3169 174 44 benignitati
1691 3169 81 44 Dei
1738 3169 69 44 in
1772 3169 127 44 saculum
1853 3169 35 44 &

1089 3213 186 45 sempiternum,
1241 3213 105 45 Psal.
1310 3213 81 45 58.
1357 3213 70 45 v.
1392 3213 81 45 10,
1438 3213 81 45 11,
1485 3213 81 45 12.
1531 3213 93 45 Quum
1590 3213 116 45 nondum
1671 3213 163 45 senttentur
1787 3213 105 45 spinae.
