2063 3435
261 180 110 35 miles
334 180 98 35 esse
396 180 147 35 mortuis,
506 180 86 35 qui
555 180 74 35 se
592 180 74 35 in
628 180 135 35 habenda
726 180 159 35 mortuorum
849 180 98 35 cura
910 180 135 35 frustra
1008 180 61 35 &
1020 180 74 35 inu¬-

250 215 125 37 tiliter
341 215 148 37 occupant:
454 215 80 37 eos
500 215 91 37 vero
557 215 80 37 qui
602 215 148 37 vocatione
716 215 102 37 vitae
784 215 182 37 instruuntur,
932 215 137 37 caeteras
1023 215 46 37 oc

268 248 156 42 cupationes
391 248 89 42 prae
447 248 145 42 vocatione
558 248 78 42 sua
603 248 112 42 nihili
681 248 112 42 facere
748 248 123 42 oportere.

304 277 107 37 Locus
375 277 166 37 sepulturae
506 277 143 37 honestus
613 277 59 37 &
637 277 71 37 ab
672 277 178 37 infidelibus
815 277 154 37 sejunctus
922 277 154 37 deligendus,

261 309 83 37 est
309 309 107 37 citra
380 309 214 37 superstitionem
559 309 131 37 exemplo
654 309 155 37 Abrahami,
773 309 131 37 Isaaci,
868 309 131 37 Jacobi,
963 309 83 37 qui
999 309 83 37 reli¬-

273 345 108 44 giose
345 345 156 44 caverunt,
465 345 72 44 ne
501 345 72 44 in
537 345 156 44 sepultura
657 345 84 44 cum
704 345 180 44 infidelibus
848 345 60 44 &
872 345 180 44 idololatris
1004 345 72 44 com¬-

264 376 209 55 miscerentur:
434 376 105 55 Ideo
499 376 144 55 Jacobus
604 376 157 55 Rachelem
722 376 92 55 non
774 376 170 55 sepelivit
905 376 78 55 in
944 376 131 55 oppido
1023 376 52 55 E¬-

271 412 136 42 phratha,
373 412 79 42 sed
418 412 68 42 in
452 412 79 42 via
497 412 68 42 ad
531 412 158 42 Ephratham,
656 412 113 42 Genes.
735 412 79 42 48.
769 412 45 42 7.

310 444 113 40 acobus
389 444 158 40 Patriarcha
513 444 113 40 voluit
592 444 136 40 sepeliri
694 444 68 40 in
728 444 102 40 terra
796 444 147 40 promissa,
909 444 113 40 Genes.
988 444 79 40 49.
1022 444 45 40 v.

265 478 83 38 29.
312 478 59 38 &
336 478 141 38 Josephus
442 478 71 38 in
477 478 118 38 eandem
560 478 118 38 voluit
643 478 153 38 deportari
760 478 94 38 ossa
819 478 83 38 sua
867 478 106 38 Genes
937 478 83 38 50.
984 478 71 38 v.
1008 478 59 38 25.

267 511 107 39 sosu.
339 511 84 39 24.
386 511 84 39 32.
434 511 72 39 ut
470 511 84 39 hoc
518 511 107 39 pacto
589 511 96 39 suam
649 511 72 39 de
685 511 84 39 Dei
733 511 215 39 promissionibus
912 511 119 39 populo
983 511 96 39 Israe¬-

258 545 117 41 litico
340 545 152 41 implendis
457 545 105 41 fidem
527 545 187 41 testarentur,
678 545 58 41 &
701 545 70 41 in
736 545 105 41 eadem
806 545 128 41 fideles
900 545 105 41 alios
958 545 105 41 confir¬-

262 581 125 38 marent,
352 581 102 38 Hebr.
420 581 79 38 11.
454 581 57 38 22.

283 607 179 52 Sepulcieta
424 607 218 52 Christianorum
604 607 192 52 nuncupantur
757 607 128 52 Graece
847 607 192 52 κοιμητήρια,
988 607 77 52 Cae¬-

255 652 143 31 miteria,
362 652 71 31 id
398 652 95 31 est,
457 652 178 31 dormitoria,
600 652 83 31 ubi
648 652 131 31 corpora
743 652 143 31 fidelium
850 652 214 31 resurrectionem
1016 652 48 31 ex

253 681 180 38 spectantia
395 681 180 38 quiescunt:
536 681 77 38 Xι
575 681 154 38 γκοιμῶν,
691 681 103 38 quod
755 681 90 38 est
807 681 154 38 dormire.
922 681 142 38 Dormire
1013 681 51 38 ex

266 716 78 40 nim
311 716 123 40 fideles
400 716 112 40 mortui
478 716 67 40 in
512 716 156 40 Scripturis
634 716 145 40 dicuntur.
746 716 123 40 Johann.
835 716 89 40 cap.
891 716 78 40 11.
936 716 123 40 versic.
1014 716 56 40 11.

258 751 67 44 I.
291 751 134 44 Corinth.
392 751 89 44 cap.
447 751 78 44 11.
492 751 145 44 versicul.
604 751 78 44 30.
648 751 67 44 1.
682 751 201 44 Thessaloniens.
849 751 112 44 capite
927 751 67 44 4.
949 751 123 44 versiculo

268 783 59 44 13,
301 783 59 44 14,
326 783 42 44 15.

300 813 174 41 Coemiteria
436 813 211 41 Christianorum
610 813 99 41 sunt
672 813 124 41 sacra,
759 813 87 41 non
809 813 137 41 magicis
908 813 161 41 susurris,
1020 813 62 41 aut

255 845 194 38 lustralibus
410 845 116 38 aquis
487 845 77 38 ab
526 845 181 38 Ethnicismo
668 845 155 38 mutuatis
784 845 194 38 consecrata:
939 845 90 38 sed
978 845 116 38 propter

259 881 152 49 corporum,
376 881 94 49 quae
435 881 141 49 sanguine
541 881 129 49 Christi
634 881 94 49 sunt
693 881 129 49 redemta
787 881 70 49 ac
822 881 199 49 sanctificata,
986 881 59 49 &
998 881 70 49 Spi¬-

266 917 109 42 titus
339 917 121 42 Sancti
424 917 121 42 templa
508 917 146 42 fuerunt,
605 917 146 42 dignitatem

304 941 110 44 Vetus
377 941 146 44 Ecclesia
487 941 171 44 Christiana
621 941 122 44 multam
706 941 195 44 reverentiam,
865 941 73 44 ab
901 941 183 44 idololatria
1035 941 37 44 &

258 980 201 41 superstitione
423 980 142 41 remotam,
530 980 71 41 in
565 980 177 41 sepeliendis
707 980 177 41 Christianis
848 980 153 41 adhibuit:
955 980 106 41 ceremo¬-

254 1022 105 34 nias
320 1022 145 34 quasdam
425 1022 79 34 ad
464 1022 158 34 locorum,
583 1022 171 34 temporum,
714 1022 197 34 personarum,
859 1022 210 34 consideratione

259 1048 191 42 accommodatas
414 1048 155 42 adhibuit,
533 1048 83 42 ita
581 1048 107 42 tamen
652 1048 71 42 ut
688 1048 155 42 Ecclesiae
807 1048 107 42 aliae
878 1048 107 42 aliis
950 1048 107 42 legem
1009 1048 60 42 non

259 1084 178 42 praescriberent.

290 1115 177 41 Amoveantur
430 1115 101 41 ergo
493 1115 114 41 omnis
569 1115 203 41 idololatriae
734 1115 63 41 &
759 1115 228 41 superstitionis
937 1115 139 41 vestigia:

255 1156 172 39 mortuorum
387 1156 145 39 corpora
492 1156 92 39 cum
545 1156 92 39 Dei
598 1156 132 39 timore
690 1156 66 39 &
717 1156 132 39 mortis
809 1156 158 39 accurata
928 1156 132 39 piaque
1007 1156 66 39 me¬-

261 1187 155 48 ditatione
380 1187 71 48 in
416 1187 167 48 dormitorio
547 1187 95 48 illo
606 1187 190 48 recondantur:
761 1187 178 48 superstitum
904 1187 107 48 juxta
963 1187 131 48 praescri¬-

270 1218 95 42 ptum
329 1218 107 42 verbi
400 1218 95 42 Dei,
459 1218 95 42 cura
519 1218 142 42 habeatur

284 1245 80 49 In
324 1245 93 49 his
377 1245 146 49 omnibus
483 1245 173 49 moderatio
616 1245 186 49 Christiana
763 1245 186 49 adhibenda:
909 1245 93 49 nam
962 1245 146 49 alioqui

271 1283 110 39 pompa
344 1283 147 39 funeris,
454 1283 122 39 agmina
540 1283 184 39 exequiarum,
687 1283 147 39 sumtuosa
797 1283 171 39 diligentia
920 1283 159 39 sepulturae,

251 1324 219 44 monumentorum
429 1324 164 44 opulenta
552 1324 219 44 constructio,
730 1324 150 44 vivorum
839 1324 109 44 sunt
894 1324 191 44 qualiacunque

264 1351 149 51 solatia,
375 1351 87 51 non
425 1351 161 51 adjutoria
537 1351 136 51 mortuorum

484 1431 317 59 CAPUT
660 1431 176 59 XV.

400 1507 96 61 In
448 1507 112 61 quo
512 1507 96 61 de
560 1507 128 61 voto
640 1507 112 61 pro
704 1507 144 61 beata
784 1507 160 61 corporum

562 1556 211 62 resurrectio¬

576 1611 152 39 ne.

271 1654 136 50 YTOTUM
367 1654 95 50 pro
421 1654 122 50 beata
502 1654 163 50 corporum
625 1654 245 50 resurrectione,
828 1654 95 50 est
883 1654 163 50 charitas
991 1654 82 50 ergo

342 1694 148 37 mortuos,
453 1694 86 37 per
502 1694 99 37 quam
564 1694 136 37 optamus
662 1694 111 37 illis
736 1694 62 37 &
761 1694 62 37 a
785 1694 86 37 Deo
835 1694 148 37 petimus,
946 1694 74 37 ut
983 1694 74 37 in
1007 1694 62 37 ex¬-

341 1731 111 38 tremo
415 1731 99 38 illo
476 1731 86 38 die
525 1731 111 38 eorum
599 1731 135 38 corpora
698 1731 74 38 ad
735 1731 111 38 vitam
809 1731 148 38 aeternam
907 1731 148 38 resurgant.

292 1749 118 57 Idque
370 1749 92 57 cum
423 1749 105 57 fide
488 1749 92 57 non
540 1749 131 57 pugnat

295 1785 81 41 I.
336 1785 108 41 Quia
404 1785 189 41 praeceptum
552 1785 95 41 est
606 1785 68 41 a
633 1785 162 41 Christo:
755 1785 95 41 Nam
809 1785 108 41 quum
876 1785 122 41 jubet
957 1785 95 41 nos
998 1785 81 41 ora¬-

267 1827 82 42 re,
314 1827 70 42 ut
349 1827 117 42 regnum
431 1827 117 42 Patris
512 1827 117 42 nostri
594 1827 82 42 qui
641 1827 70 42 in
676 1827 117 42 coelis
757 1827 82 42 est
804 1827 128 42 veniat,
897 1827 82 42 non
944 1827 117 42 tantum
1014 1827 58 42 re¬-

261 1859 96 44 gnum
321 1859 144 44 gratiae,
429 1859 84 44 sed
478 1859 108 44 etiam
550 1859 120 44 regnum
634 1859 132 44 gloriae
730 1859 180 44 intelligit,
874 1859 96 44 quod
935 1859 96 44 sine
983 1859 96 44 corpo¬-

268 1895 84 37 rum
316 1895 205 37 resurrectione
485 1895 84 37 non
533 1895 132 37 veniet.

299 1925 102 38 Ergo
363 1925 102 38 quum
427 1925 141 38 orantes
529 1925 153 38 dicimus,
644 1925 128 38 Veniat
734 1925 128 38 regnum
823 1925 115 38 tuum,
900 1925 115 38 etiam
977 1925 89 38 pro
1015 1925 64 38 re¬-

264 1958 214 44 suscitatione
437 1958 160 44 corporum
557 1958 80 44 ex
597 1958 147 44 mortuis
704 1958 134 44 futura
798 1958 147 44 oramus:
904 1958 93 44 Non
958 1958 93 44 tam
998 1958 80 44 unde

261 1995 125 40 regnum
349 1995 138 40 gloriae
449 1995 63 40 &
474 1995 225 40 resurrectionem
662 1995 150 40 fidelium
775 1995 200 40 acceleremus,
937 1995 125 40 quibus
1012 1995 63 40 an¬-

259 2033 72 36 te
295 2033 120 36 secula
379 2033 96 36 suum
439 2033 192 36 praestitutum
596 2033 132 36 tempus,
692 2033 96 36 quam
752 2033 72 36 ut
788 2033 108 36 fidem
860 2033 132 36 nostram
945 2033 132 36 testemur.

273 2064 137 41 gloriae
372 2064 87 41 Dei
422 2064 174 41 salutisque
559 2064 137 41 nostrae
658 2064 224 41 consummationem
833 2064 149 41 exoptantes

285 2095 79 44 2.
324 2095 105 44 Quia
390 2095 145 44 habemus
496 2095 211 44 promissionem
667 2095 79 44 de
706 2095 224 44 resurrectione
891 2095 132 44 carnis
983 2095 79 44 ad
1009 2095 66 44 vi¬-

257 2125 96 43 tam
298 2125 151 43 aeternam.

302 2158 151 45 Quicquid
415 2158 113 45 autem
491 2158 113 45 nobis
566 2158 63 45 &
591 2158 126 45 aliis,
679 2158 113 45 etiam
755 2158 163 45 defunctis
880 2158 75 45 in
918 2158 138 45 Christi
1006 2158 75 45 fide

264 2196 152 36 promissum
381 2196 94 36 est,
440 2196 82 36 pro
486 2196 94 36 ejus
545 2196 187 36 praestatione
697 2196 117 36 preces
779 2196 152 36 concipere
896 2196 117 36 aequum
966 2196 70 36 est.

285 2228 70 41 3.
320 2228 94 41 Quia
379 2228 129 41 nititur
473 2228 141 41 probatis
578 2228 152 41 exemplis,
695 2228 164 41 Apocalyps.
824 2228 82 41 22.
871 2228 129 41 versic.
965 2228 82 41 17.
1011 2228 82 41 Et¬

258 2261 139 38 Spiritus
363 2261 58 38 &
386 2261 116 38 Sponsa
467 2261 127 38 dicunt,
559 2261 104 38 Veni.
629 2261 69 38 Et
664 2261 127 38 versic.
756 2261 81 38 20.
803 2261 81 38 ait
849 2261 151 38 Johannes;
965 2261 93 38 Veni
1011 2261 58 38 Dei

255 2295 98 46 mine
304 2295 85 46 Iesu.

289 2331 95 35 Quid
348 2331 83 35 hoc
396 2331 107 35 aliud
467 2331 95 35 est,
526 2331 95 35 quam
586 2331 119 35 revela
669 2331 71 35 te
704 2331 71 35 in
740 2331 119 35 gloria
823 2331 95 35 tua,
882 2331 154 35 resuscita
989 2331 95 35 omnes.

258 2363 147 38 mortuos,
368 2363 147 38 introduc
478 2363 135 38 fideles
576 2363 98 38 tuos
637 2363 73 38 in
674 2363 122 38 regnum
760 2363 147 38 gloriae,
870 2363 147 38 introduc
968 2363 110 38 sponsam

251 2400 97 34 tuam
311 2400 73 34 in
348 2400 157 34 coelestem
468 2400 109 34 illam
529 2400 145 34 civitatem:

300 2429 100 37 Atque
367 2429 89 37 haec
422 2429 78 37 est
467 2429 89 37 vera
522 2429 67 37 ac
556 2429 122 37 fidelis
645 2429 89 37 cura
701 2429 78 37 pro
745 2429 134 37 mortuis,
845 2429 56 37 a
868 2429 78 37 qua
912 2429 145 37 dissentit
1012 2429 67 37 Eth¬-

261 2463 98 43 nica
322 2463 98 43 cura
383 2463 86 43 pro
432 2463 147 43 mortuis:
543 2463 184 43 Etlinicorum
690 2463 98 43 enim
751 2463 86 43 mos
800 2463 110 43 fuit,
874 2463 74 43 ut
910 2463 147 43 lugentes
1008 2463 74 43 ipsi

269 2497 165 37 parentalibs
401 2497 88 37 suis
456 2497 88 37 quam
511 2497 242 37 superstitiosissime
720 2497 132 37 occupati
819 2497 154 37 exhiberent
940 2497 99 37 aliis
995 2497 77 37 sili¬-

259 2528 133 36 cernia.
356 2528 133 36 Graecis
453 2528 242 36 πριoci:appellata
658 2528 133 36 Latinis
755 2528 169 36 parentalia
888 2528 73 36 id
925 2528 97 36 est,
973 2528 121 36 convivia

255 2565 75 42 in
293 2565 125 42 quibus
381 2565 175 42 parentibus
519 2565 113 42 justa
594 2565 226 42 celebrarentur;
782 2565 113 42 eaque
857 2565 175 42 exhibebant
982 2565 88 42 etiam

258 2593 167 41 religiosis
389 2593 96 41 suis
449 2593 60 41 &
473 2593 203 41 sacerdotibus,
640 2593 72 41 ut
676 2593 84 41 pro
724 2593 131 41 mortuis
819 2593 143 41 orarent.
927 2593 119 41 Impiam
998 2593 84 41 istam

253 2632 215 35 consuetudinem
430 2632 177 35 Christiani
569 2632 139 35 infirmi
671 2632 63 35 &
696 2632 88 35 non
746 2632 114 35 recte
822 2632 164 35 instituti
936 2632 139 35 retinebam

258 2660 84 43 vel
306 2660 192 43 imitabantur,
462 2660 72 43 ne
499 2660 108 43 minus
571 2660 156 43 officiosi
691 2660 168 43 viderentur
823 2660 96 43 erga
884 2660 144 43 parentes
980 2660 96 43 defun¬-

257 2696 108 46 ctos,
329 2696 96 46 quam
389 2696 96 46 ipsi
436 2696 132 46 Gentiles.

297 2718 139 55 Quam
384 2718 296 55 consuetudinem
628 2718 279 55 CHRVSOSTOMUS
837 2718 244 55 reprehendit.

251 2767 214 41 commentariis
424 2767 174 41 prioribus
558 2767 80 41 in
598 2767 174 41 Matthaeum
732 2767 147 41 homilia
825 2767 254 41 trigesima-secunda

256 2795 107 43 Nihil
327 2795 107 43 autem
398 2795 154 43 hujusmodi
517 2795 71 43 de
552 2795 130 43 futuris
647 2795 107 43 rebus
718 2795 166 43 scribitur,
849 2795 95 43 quin
908 2795 83 43 imo
955 2795 107 43 totum
1015 2795 59 43 op¬-

261 2830 137 46 positum.
364 2830 137 46 Effugit,
467 2830 126 46 inquit,
558 2830 103 46 doler
627 2830 160 46 tristitia,
753 2830 137 46 gemitus:
856 2830 69 46 Et
890 2830 126 46 rursum:
981 2830 69 46 Ab
1004 2830 69 46 Ori¬-

263 2850 92 56 ente
320 2850 103 56 atque
389 2850 149 56 Occidente
503 2850 137 56 venient,
606 2850 57 56 &
629 2850 149 56 recumbent
744 2850 69 56 in
778 2850 92 56 sinu
835 2850 137 56 Abrahae,
939 2850 103 56 Isaac
1007 2850 57 56 &
1019 2850 57 56 la¬-

256 2898 87 40 cob:
310 2898 65 40 Et
343 2898 108 40 alibi:
419 2898 130 40 thalamus
516 2898 97 40 sunt,
581 2898 87 40 quae
635 2898 97 40 illic
700 2898 97 40 sunt,
765 2898 162 40 spiritalis,
884 2898 195 40 inextinguibilis,

255 2929 152 53 fulgidaeque
376 2929 121 53 lucerna,
467 2929 131 53 coelestis
558 2929 71 53 vita.

306 2964 87 39 Cur
355 2964 99 39 ergo
417 2964 162 39 defanctum
542 2964 162 39 exagitas?
666 2964 87 39 Cur
716 2964 174 39 committis,
852 2964 75 39 ut
890 2964 137 39 timeant
977 2964 99 39 mortem

258 3000 104 39 alij,
328 3000 104 39 atque
397 3000 162 39 formident:
525 3000 81 39 Cur
571 3000 116 39 cousum
652 3000 139 39 praebes,
756 3000 69 39 ut
791 3000 139 39 nonnulli
895 3000 93 39 Deum
942 3000 127 39 incusare.

264 3036 145 34 audea:t,
373 3036 97 34 quud
433 3036 97 34 mala
493 3036 109 34 nobis
566 3036 109 34 tanta
638 3036 169 34 invexerit?
771 3036 85 34 Ino
819 3036 97 34 vero
880 3036 85 34 tur
928 3036 97 34 post
976 3036 97 34 mertem

257 3063 115 39 tuorum
337 3063 127 39 paperes
429 3063 150 39 convocus?
544 3063 81 39 Cur
590 3063 184 39 presbyteros,
740 3063 69 39 ut
774 3063 81 39 pro
820 3063 69 39 eo
855 3063 115 39 velint
935 3063 115 39 arare,
1016 3063 81 39 ob¬

261 3101 129 42 sceras:
355 3101 82 42 Non
402 3101 118 42 ignoro
485 3101 71 42 te
520 3101 188 42 responsurum,
673 3101 71 42 ut
708 3101 153 42 desunctus
826 3101 129 42 requiem
920 3101 176 42 adipiscatur

265 3136 69 33 ue
299 3136 149 33 propitium
414 3136 126 33 judicem
505 3136 149 33 inviniat:
620 3136 80 33 his
666 3136 92 33 ergo
723 3136 69 33 de
758 3136 103 33 rebus
827 3136 126 33 flendum
918 3136 103 33 atque
976 3136 103 33 ululan¬-

262 3163 96 43 dum
317 3163 205 43 orbitraris?
481 3163 109 43 oans
550 3163 109 43 auds
618 3163 109 43 quam
686 3163 137 43 maxime
782 3163 150 43 tibupse
892 3163 178 43 retugnas:
1015 3163 68 43 Ham

267 3204 128 37 quusidA
360 3204 116 37 olisse
441 3204 70 37 in
476 3204 104 37 pruta
546 3204 151 37 fictentia
662 3204 116 37 putes,
743 3204 139 37 ingente:
847 3204 104 37 tamin
917 3204 116 37 adver,
998 3204 70 37 us
1021 3204 58 37 te¬-

257 3227 104 55 ipsum
327 3227 127 55 flaetus
419 3227 127 55 suscuas
500 3227 162 55 tempestatis,

1147 169 161 72 Attamen
1264 169 88 72 ad
1308 169 146 72 impiam
1410 169 131 72 istam
1498 169 248 72 consuetudinem
1702 169 73 72 &
1732 169 73 72 a
1746 169 190 72 Chrysostomo

1134 219 143 34 traviter
1241 219 179 34 reprehensam
1384 219 143 34 revocant
1491 219 143 34 Papistae
1586 219 155 34 Christianos

1146 248 183 56 Precationes
1292 248 110 56 etiam
1365 248 85 56 pro
1414 248 146 56 mortuis,
1524 248 73 56 ut
1560 248 85 56 eis
1609 248 134 56 peccata
1706 248 195 56 remittantur,
1853 248 85 56 utque

1118 276 173 53 liberentur
1254 276 62 53 e
1278 276 99 53 loco
1340 276 74 53 in
1377 276 86 53 quo
1426 276 111 53 sunt,
1501 276 86 53 Deo
1550 276 99 53 sunt
1612 276 148 53 ingratae
1723 276 62 53 &
1748 276 136 53 mortuis
1834 276 99 53 inuti¬

1103 313 72 40 les

1152 344 76 58 I.
1190 344 102 58 Quia
1254 344 89 58 non
1305 344 102 58 sunt
1368 344 165 58 conceptae
1495 344 76 58 ad
1533 344 127 58 formam
1622 344 127 58 precum
1711 344 76 58 in
1749 344 127 58 sacris
1825 344 114 58 literis

1100 375 171 46 traditatum.

1146 412 91 48 II.
1198 412 105 48 Quia
1264 412 105 48 sunt
1329 412 170 48 peccatum:
1460 412 91 48 nam
1512 412 91 48 non
1564 412 105 48 sunt
1629 412 78 48 ex
1669 412 118 48 fide.
1747 412 105 48 Quod
1812 412 91 48 non
1852 412 78 48 sint

1122 453 75 45 ex
1159 453 112 45 side,
1234 453 125 45 patet:
1321 453 100 45 quia
1384 453 125 45 nullum
1471 453 87 45 Dei
1521 453 162 45 mandatum,
1646 453 125 45 nullum
1733 453 175 45 promissum,
1858 453 75 45 nul¬-

1115 480 92 42 lum
1167 480 157 42 exemplum
1285 480 157 42 probatum
1403 480 79 42 in
1442 480 170 42 Scriptura
1573 480 118 42 Sacra
1651 480 131 42 habent

1138 521 108 52 III.
1206 521 108 52 Quia
1274 521 135 52 mortui
1369 521 203 52 resipiscere
1531 521 149 52 amplius
1639 521 176 52 nequeunt:
1775 521 81 52 In
1815 521 95 52 hac
1856 521 81 52 enim

1113 541 94 54 vita
1172 541 82 54 est
1219 541 118 54 tempus
1301 541 141 54 gratiae,
1407 541 82 54 non
1454 541 94 54 post
1513 541 94 54 hanc
1560 541 82 54 vitam

1331 629 332 54 CAPUT
1516 629 184 54 XVI

1240 698 88 68 In
1284 698 102 68 quo
1343 698 88 68 de
1386 698 190 68 charitate
1533 698 117 68 erga
1606 698 175 68 posteros
1722 698 88 68 mor¬

1427 758 162 45 tuorum.

1173 814 151 55 HARITAS
1283 814 110 55 erga
1352 814 165 55 posteros
1475 814 69 55 &
1503 814 192 55 propinquos
1654 814 192 55 mortuorum,
1805 814 96 55 est
1846 814 82 55 quum

1190 861 79 40 ob
1229 861 184 40 charitatem
1374 861 105 40 quam
1440 861 158 40 complexi
1558 861 131 40 fuimus
1650 861 158 40 viventes
1768 861 66 40 &
1781 861 145 40 retinemu.

1185 889 96 43 erga
1245 889 144 43 mortuos,
1353 889 204 43 benevolentiam
1521 889 60 43 &
1545 889 132 43 officia
1642 889 120 43 utilia
1726 889 72 43 ac
1762 889 156 43 necessara
1870 889 60 43 ex¬-

1116 917 133 50 hibemus
1213 917 109 50 etiam
1285 917 145 50 posteris
1394 917 61 50 &
1419 917 169 50 propinquis
1552 917 133 50 illorum
1649 917 218 50 superstitibus.
1830 917 73 50 Ea
1854 917 73 50 enim

1119 957 86 40 est
1168 957 111 40 verae
1242 957 172 40 charitatis
1377 957 135 40 natura,
1475 957 74 40 ut
1512 957 111 40 morte
1586 957 98 40 ejus
1647 957 98 40 quem
1709 957 160 40 diligimus
1832 957 86 40 non
1869 957 61 40 ab¬-

1116 993 156 41 rumpatur,
1236 993 84 41 sed
1284 993 120 41 veluti
1367 993 192 41 haereditatio
1523 993 96 41 jure
1583 993 72 41 ad
1619 993 144 41 posteros
1727 993 60 41 &
1738 993 192 41 propinquosejus

1127 1023 176 36 continuetur.

1148 1057 93 49 Ita
1201 1057 119 49 David
1280 1057 185 49 declaravit
1426 1057 185 49 charitatem
1571 1057 106 49 suam
1638 1057 106 49 erga
1704 1057 199 49 Jonathanem,
1850 1057 79 49 post

1116 1082 126 45 mortem
1204 1082 101 45 ejus
1267 1082 201 45 benefaciendo
1431 1082 214 45 Mephiboscheto
1607 1082 113 45 filio
1682 1082 189 45 Jonathanis.
1833 1082 88 45 Sic
1871 1082 63 45 fi¬-

1116 1119 112 46 deles
1190 1119 74 46 ob
1227 1119 124 46 amorem
1314 1119 74 46 in
1351 1119 174 46 defunctum,
1488 1119 149 46 convivia
1599 1119 186 46 exhibebant,
1748 1119 87 46 vel
1798 1119 112 46 cibos
1860 1119 74 46 mit¬-

1113 1159 116 40 tebant
1195 1159 139 40 posteris
1299 1159 139 40 defuncti
1403 1159 70 40 ad
1438 1159 81 40 eos
1484 1159 186 40 consolandos,
1635 1159 116 40 Jerem.
1716 1159 81 40 16.
1763 1159 70 40 7.
1797 1159 116 40 Ezech.
1867 1159 58 40 24.

1123 1194 86 41 17.
1172 1194 111 41 Tobi.
1246 1194 74 41 4.
1283 1194 86 41 18.
1332 1194 86 41 Nam
1382 1194 86 41 qui
1431 1194 160 41 mortuorum
1555 1194 185 41 necessariis
1703 1194 173 41 benefacit,
1826 1194 111 41 mortuis

1121 1220 101 47 ipsis
1188 1220 124 47 dicitur
1267 1220 135 47 benefacere

1327 1325 297 54 CAPUT
1492 1325 231 54 XVII.

1228 1398 91 69 In
1273 1398 106 69 quo
1334 1398 91 69 de
1380 1398 152 69 honore
1486 1398 167 69 mortuis
1607 1398 167 69 sanctis
1714 1398 106 69 exhi¬

1464 1454 131 52 bendo.

1132 1532 135 37 TTONOR
1227 1532 149 37 mortuis
1335 1532 149 37 sanctis
1443 1532 203 37 exhibendus,
1606 1532 95 37 est
1660 1532 162 37 charitae
1781 1532 108 37 quum
1835 1532 95 37 illos

1129 1562 181 55 TTquamvis
1268 1562 69 55 e
1296 1562 181 55 conspectu
1435 1562 139 55 nostro
1532 1562 181 55 subductos
1671 1562 181 55 honoramus
1810 1562 69 55 &
1824 1562 97 55 colim

1204 1605 157 44 constanti
1325 1605 169 44 dilectione
1457 1605 60 44 &
1482 1605 169 44 societate,
1614 1605 84 44 non
1663 1605 109 44 autem
1735 1605 157 44 serutute.
1844 1605 72 44 Augu

1125 1629 104 51 stinus
1197 1629 62 51 de
1229 1629 83 51 vera
1280 1629 145 51 religione,
1395 1629 83 51 cap.
1447 1629 83 51 ult.

1161 1662 112 40 Honor
1235 1662 100 40 iste
1298 1662 62 40 &
1323 1662 125 40 cultus
1410 1662 162 40 distingui
1534 1662 112 40 debet
1609 1662 62 40 a
1634 1662 125 40 divino
1721 1662 100 40 culu
1771 1662 162 40 religionis:

1132 1699 115 38 Cultus
1212 1699 92 38 enim
1269 1699 161 38 religionis
1396 1699 80 38 seu
1442 1699 161 38 religiosae
1568 1699 172 38 adorationis
1706 1699 92 38 soli
1763 1699 80 38 Deo
1809 1699 80 38 est
1844 1699 80 38 debit

1125 1735 128 34 minore
1215 1735 102 34 vero
1279 1735 115 34 cultu
1355 1735 141 34 sanctos
1458 1735 141 34 mortuos
1560 1735 179 34 honoramus,
1701 1735 102 34 quem
1765 1735 128 34 cultum
1841 1735 90 34 dile¬-

1121 1768 139 38 ctionis
1222 1768 63 38 &
1247 1768 176 38 societatis
1386 1768 176 38 Augustinus
1525 1768 113 38 vocat
1600 1768 113 38 sexto
1676 1768 101 38 tomo
1739 1768 126 38 contra
1815 1768 113 38 Faustum

1123 1800 182 34 Manichaeum
1266 1800 117 34 libro
1344 1800 169 34 vigesimo,
1474 1800 130 34 capit.
1566 1800 247 34 vigesimo-primo;
1774 1800 117 34 Verba
1839 1800 91 34 Augu¬-

1122 1834 103 36 stini
1190 1834 103 36 sunt:
1259 1834 126 36 Colimus
1350 1834 137 36 Martyres
1453 1834 69 36 eo
1487 1834 103 36 cultu
1556 1834 172 36 dilectionis
1693 1834 57 36 &
1716 1834 172 36 societatis,
1853 1834 80 36 quo
1888 1834 34 36 &

1121 1868 71 38 in
1157 1868 83 38 hac
1204 1868 95 38 vita
1264 1868 143 38 coluntur
1371 1868 119 38 sancti
1455 1868 131 38 homines
1550 1868 95 38 Dei,
1609 1868 119 38 quorum
1693 1868 107 38 corad
1764 1868 107 38 talem
1836 1868 83 38 pro
1871 1868 60 38 Ev¬-

1129 1899 132 39 angelica
1228 1899 132 39 veritate
1327 1899 143 39 passionem
1437 1899 121 39 paratum
1525 1899 88 39 esse
1579 1899 143 39 sentimus.
1689 1899 77 39 Sed
1733 1899 99 39 illos
1799 1899 99 39 tanto
1854 1899 77 39 deve¬-

1136 1932 100 35 tius,
1203 1932 111 35 quanto
1280 1932 133 35 securius
1380 1932 89 35 post
1436 1932 122 35 incerta
1525 1932 100 35 omnia
1592 1932 144 35 superata:
1703 1932 111 35 quanto
1781 1932 100 35 etiam
1836 1932 89 35 fident

1130 1968 97 34 tiore
1195 1968 97 34 laude
1260 1968 172 34 praedicamus,
1400 1968 75 34 jam
1443 1968 65 34 in
1475 1968 86 34 vita
1529 1968 140 34 feliciore
1637 1968 140 34 victores,
1745 1968 86 34 quam
1799 1968 65 34 in
1831 1968 86 34 ista
1874 1968 54 34 ad¬-

1123 2000 75 37 huc
1166 2000 97 37 usque
1231 2000 150 37 pugnantes.
1349 2000 64 37 At
1381 2000 86 37 illo
1435 2000 118 37 cultis,
1521 2000 75 37 qui
1564 2000 107 37 Graeco
1639 2000 107 37 latria
1714 2000 129 37 dicitur,
1811 2000 107 37 Latine
1875 2000 43 37 un

1126 2035 97 40 verbo
1191 2035 86 40 dici
1245 2035 75 40 non
1288 2035 119 40 potest,
1374 2035 86 40 quum
1428 2035 75 40 sit
1471 2035 119 40 quaedam
1557 2035 119 40 proprie
1644 2035 162 40 diuvinitati
1773 2035 108 40 debita
1838 2035 86 40 servit

1124 2070 103 36 tus,
1188 2070 90 36 nec
1240 2070 154 36 colendum
1356 2070 154 36 docemus,
1471 2070 103 36 nisi
1536 2070 103 36 unum
1600 2070 116 36 Deum.
1677 2070 116 36 Honor
1754 2070 103 36 iste
1818 2070 64 36 &
1831 2070 103 36 cultus

1143 2105 98 34 quem
1204 2105 135 34 sanctis
1303 2105 160 34 hominibus
1426 2105 86 34 jam
1475 2105 74 34 in
1512 2105 111 34 coelo
1586 2105 86 34 cum
1635 2105 135 34 Christo
1733 2105 185 34 regnantibus
1868 2105 62 34 ha¬-

1124 2130 116 39 bemus,
1206 2130 82 39 est
1252 2130 151 39 politicus
1369 2130 82 39 seu
1416 2130 128 39 civilis
1509 2130 58 39 &
1532 2130 140 39 humanus:
1637 2130 82 39 Nam
1683 2130 116 39 sancti
1765 2130 70 39 in
1800 2130 105 39 coelo
1858 2130 70 39 ver¬-

1134 2164 121 39 santes
1219 2164 85 39 non
1267 2164 157 39 desierunt
1388 2164 97 39 esse
1449 2164 145 39 nobiscum
1558 2164 109 39 cives
1630 2164 133 39 ejusdem
1727 2164 157 39 civitatis
1848 2164 97 39 Dei,
1897 2164 36 39 &

1124 2197 63 38 &
1150 2197 138 38 commune
1250 2197 150 38 nobiscum
1363 2197 125 38 colunt
1450 2197 176 38 τολίτῳυμα,
1588 2197 75 38 ut
1626 2197 113 38 vocat
1701 2197 138 38 Paulus.
1802 2197 100 38 Idem
1852 2197 75 38 cula

1128 2230 86 36 tus
1177 2230 135 36 humanus
1275 2230 99 36 est,
1337 2230 99 36 quia
1399 2230 123 36 sancti
1485 2230 135 36 homines
1583 2230 135 36 fuerunt
1682 2230 148 36 homines,
1793 2230 86 36 ubi
1830 2230 99 36 sumus;

1131 2264 65 47 &
1157 2264 105 47 sunt
1222 2264 157 47 homines,
1340 2264 105 47 quod
1392 2264 92 47 sumus

1155 2291 142 55 Papistae
1262 2291 118 55 negant
1345 2291 130 55 sanctis
1439 2291 154 55 hominibus
1558 2291 83 55 jam
1605 2291 71 55 in
1641 2291 107 55 coelo
1712 2291 178 55 degentibus,
1842 2291 83 55 posse

1130 2331 156 38 exhiberi
1247 2331 130 38 cultum
1339 2331 65 38 &
1365 2331 143 38 honorem
1469 2331 169 38 politicum
1599 2331 91 38 seu
1651 2331 156 38 civilem:
1769 2331 78 38 eo
1808 2331 104 38 quod
1860 2331 65 38 non

1133 2368 182 34 conversentur
1281 2368 137 34 nobiscum
1383 2368 125 34 amplius
1474 2368 137 34 politice
1577 2368 80 34 seu
1622 2368 159 34 civiliter.

1155 2397 107 48 RESP.
1226 2397 178 48 Discernenda
1369 2397 83 48 est
1417 2397 131 48 politia
1512 2397 166 48 corporalis
1643 2397 59 48 a
1666 2397 178 48 spirituali:
1809 2397 59 48 &
1821 2397 107 48 conver¬-

1126 2429 105 35 satio
1196 2429 81 35 cum
1243 2429 105 35 aliis
1312 2429 163 35 corporalis
1440 2429 58 35 a
1464 2429 174 35 spirituali.
1603 2429 128 35 Nostrum
1696 2429 105 35 autem
1766 2429 151 35 πολίτῳυμα
1871 2429 58 35 est

1125 2462 66 53 in
1158 2462 110 53 coelis
1235 2462 55 53 &
1257 2462 154 53 spirituale
1378 2462 88 53 est.
1433 2462 77 53 Sed
1477 2462 132 53 Papistae
1576 2462 99 53 nihil
1642 2462 88 53 nisi
1697 2462 143 53 corporale
1807 2462 132 53 cogitant
1895 2462 33 53 &

1126 2498 97 39 arnale

1159 2522 146 46 Honoris,
1268 2522 85 46 qui
1317 2522 134 46 mortuis
1414 2522 134 46 sanctis
1511 2522 182 46 exhibendus,
1657 2522 122 46 partes
1742 2522 109 46 sunt;
1803 2522 134 46 gratiarum

1138 2561 94 51 ctio
1197 2561 71 51 ad
1232 2561 94 51 Deum
1291 2561 82 51 pro
1338 2561 118 51 illis;
1421 2561 130 51 memoria
1515 2561 82 51 cum
1562 2561 106 51 laude
1633 2561 153 51 conjuncta
1750 2561 59 51 &
1774 2561 141 51 imitatio
1868 2561 59 51 il¬-

1127 2597 102 34 lorum
1195 2597 125 34 debita;
1286 2597 159 34 exsiquutio
1410 2597 113 34 justae
1490 2597 159 34 uoluntatis
1615 2597 136 34 ipsorum:
1717 2597 57 34 &
1739 2597 159 34 desiderium
1853 2597 68 34 con¬-

1125 2633 173 43 junctionis
1261 2633 87 43 cum
1310 2633 111 43 illis
1384 2633 99 43 apud
1446 2633 148 43 Christum
1545 2633 124 43 Dominum.

1157 2664 225 42 GRATIARUM
1329 2664 190 42 ACTIOad
1468 2664 138 42 Deum
1554 2664 121 42 pro
1623 2664 207 42 mortuis,
1779 2664 121 42 est
1830 2664 104 42 quum

1131 2698 183 44 agnoscentes
1277 2698 97 44 dona
1338 2698 61 44 &
1362 2698 158 44 beneficia
1484 2698 97 44 Dei,
1545 2698 85 44 tum
1593 2698 73 44 in
1630 2698 85 44 eos
1678 2698 85 44 qui
1727 2698 122 44 mortui
1812 2698 110 44 sunt,
1873 2698 61 44 tum

1124 2733 82 45 per
1171 2733 82 45 eos
1218 2733 70 45 in
1253 2733 82 45 nos
1299 2733 140 45 collata,
1405 2733 82 45 Deo
1451 2733 82 45 pro
1498 2733 105 45 illis
1568 2733 105 45 etiam
1638 2733 93 45 post
1696 2733 117 45 mortem
1778 2733 128 45 illorum
1860 2733 70 45 gra¬-

1117 2766 98 44 tias
1166 2766 110 44 agimus.

1148 2797 75 48 Ea
1186 2797 88 48 cum
1236 2797 138 48 pietate
1336 2797 88 48 est
1374 2797 175 48 consentanea:

1151 2823 83 51 I.
1193 2823 110 51 Quia
1261 2823 165 51 generali
1385 2823 151 51 mandato
1495 2823 83 51 de
1537 2823 207 51 gratitudine
1702 2823 83 51 in
1743 2823 110 51 DIUM
1798 2823 138 51 requiti¬-

1132 2860 58 47 ur

1151 2893 89 46 II.
1202 2893 102 46 Quia
1266 2893 140 46 exempla
1368 2893 140 46 probata
1470 2893 128 46 habet.
1560 2893 89 46 Sic
1611 2893 102 46 enim
1675 2893 153 46 Ecclesia
1777 2893 153 46 Christiana

1125 2931 141 39 hactenus
1231 2931 129 39 gratias
1325 2931 94 39 egit
1384 2931 82 39 Deo
1431 2931 82 39 pro
1478 2931 176 39 beneficiis,
1619 2931 94 39 quae
1678 2931 71 39 in
1713 2931 165 39 Prophetas,
1843 2931 71 39 in
1866 2931 71 39 Apo¬-

1119 2962 127 42 stolos,
1212 2962 69 42 in
1247 2962 127 42 Sanctos
1339 2962 150 42 Martyres,
1454 2962 69 42 in
1489 2962 185 42 confessores,
1639 2962 58 42 &
1662 2962 81 42 per
1709 2962 116 42 eosdem
1789 2962 69 42 in
1824 2962 81 42 nos
1859 2962 69 42 con¬-

1120 2995 116 46 tulit.
1202 2995 128 46 Gratias
1295 2995 93 46 agit
1353 2995 81 46 pro
1399 2995 174 46 liberatione
1538 2995 139 46 fidelium
1643 2995 70 46 ex
1678 2995 81 46 hac
1724 2995 163 46 miseriarum
1840 2995 93 46 valle,

1135 3029 76 44 pro
1178 3029 108 44 sidei,
1254 3029 54 44 &
1275 3029 86 44 sper
1329 3029 54 44 &
1351 3029 151 44 charitatis
1470 3029 183 44 charismatibus
1621 3029 65 44 in
1653 3029 97 44 ipsos
1707 3029 97 44 effusis

1162 3050 153 52 MEMORIA
1273 3050 97 52 cum
1329 3050 125 52 laude
1413 3050 181 52 conjuncta
1552 3050 70 52 &
1580 3050 195 52 imitatione
1733 3050 181 52 mortuorum
1858 3050 70 52 de¬-

1135 3092 108 47 cita,
1207 3092 84 47 est
1255 3092 96 47 quum
1315 3092 108 47 nobis
1387 3092 60 47 &
1411 3092 108 47 aliis
1483 3092 144 47 pietatem
1592 3092 60 47 &
1616 3092 144 47 virtutes
1724 3092 132 47 illorum
1820 3092 72 47 in
1844 3092 84 47 memo¬-

1122 3125 98 48 riam
1183 3125 172 48 revocamus,
1319 3125 62 48 &
1343 3125 74 48 in
1380 3125 98 48 vera
1442 3125 135 48 pietate
1540 3125 209 48 virtutibusque
1712 3125 98 48 quas
1774 3125 123 48 merito
1848 3125 86 48 cele¬-

1114 3163 148 39 bramus,
1221 3163 94 39 eos
1275 3163 175 39 imitamur,
1410 3163 67 39 &
1437 3163 162 39 honestam
1558 3163 121 39 eorum
1639 3163 121 39 famam
1720 3163 162 39 adversus
1828 3163 94 39 calum

1120 3189 95 45 nias
1179 3189 166 45 asserimus.
1309 3189 83 45 Sic
1357 3189 106 45 David
1428 3189 166 45 celebravit
1558 3189 142 45 virtutes
1664 3189 177 45 Jonathanis,
1806 3189 71 45 2.
1830 3189 106 45 Samuel.

1122 3222 75 56 1.
1160 3222 88 56 Sic
1210 3222 126 56 laudat
1298 3222 126 56 Paulus
1386 3222 113 56 fidem
1462 3222 189 56 plutimorum,
1613 3222 113 56 Hebi,
1688 3222 75 56 1.
1726 3222 138 56 Jacobus
1814 3222 113 56 natue¬i
