2063 3430
157 133 75 53 am
195 133 113 53 Jobi,
270 133 125 53 Jacob.
358 133 75 53 5.
396 133 75 53 v.
433 133 88 53 11.
483 133 88 53 Sic
534 133 150 53 memoriam
646 133 188 53 Apostolorum
797 133 63 53 &
822 133 138 53 aliorum
910 133 75 53 san¬-

174 174 120 45 ctorum
258 174 144 45 libenter
366 174 60 45 &
391 174 120 45 sancte
463 174 120 45 colimus.

195 203 134 50 Scite
284 203 163 50 admodum
403 203 208 50 AUGUSTINUS
567 203 134 50 sexto
656 203 134 50 tomo,
745 203 134 50 libro
819 203 149 50 vigesimo

176 245 127 41 contra
265 245 139 41 Faustum
366 245 190 41 Manichaeum,
518 245 127 41 capite
607 245 241 41 vigesimo-primo,
809 245 101 41 ait:
860 245 114 41 Populus

175 277 179 40 Christianus
318 277 143 40 memorias
425 277 143 40 martyrum
533 277 155 40 religiosa
652 277 179 40 solemnitate
795 277 191 40 concelebrat,
938 277 36 40 &

176 318 73 37 ad
212 318 170 37 excitandam
346 318 194 37 imitationem,
504 318 61 37 &
528 318 73 37 ut
564 318 134 37 meritis
661 318 109 37 eorum
734 318 194 37 consocietur,
880 318 97 37 atque.

172 342 168 45 orationibus
306 342 156 45 adjuvetur.

198 367 72 45 Et
234 367 96 45 mox:
294 367 96 45 Quod
353 367 155 45 offertur,
473 367 143 45 offertur
581 367 84 45 Deo
628 367 84 45 qui
676 367 143 45 martyres
784 367 167 45 coronavit,
903 367 72 45 apud

165 405 147 42 memorias
275 405 110 42 eorum
349 405 98 42 quos
410 405 172 42 coronavit:
545 405 74 42 ut
582 405 74 42 ex
618 405 135 42 ipsorum
717 405 135 42 locorum
815 405 74 42 ad
839 405 135 42 monitione

171 438 104 42 major
241 438 139 42 affectus
345 438 150 42 exsurgat,
460 438 69 42 ad
495 438 139 42 acuendam
599 438 162 42 charitatem
726 438 58 42 &
749 438 69 42 in
784 438 104 42 illos
853 438 92 42 quos
900 438 69 42 imi¬-

171 472 95 46 tari
230 472 154 46 possumus,
349 472 59 46 &
372 472 71 46 in
408 472 107 46 illum
479 472 83 46 quo
526 472 154 46 adjuvante
633 472 118 46 possumus

218 509 151 43 Quomodo
328 509 151 43 veteres
438 509 192 43 Christiani
589 509 220 43 anniversaria
754 509 220 43 commemoratione

174 538 159 46 passiones
296 538 61 46 &
320 538 98 46 dies
381 538 146 46 martyrum
491 538 220 46 celebraverint,
674 538 98 46 vide
735 538 195 46 annotationes
882 538 85 46 Simo¬-

173 571 86 47 nis
222 571 159 47 Grulartii
344 571 73 47 ad
380 571 281 47 trigesimam:-quartam
625 571 159 47 epistolam
735 571 122 47 Cyprians

198 598 173 46 EXSECUTIO
331 598 133 46 jastae
423 598 186 46 uoluntatis
570 598 212 46 defunctorum,
742 598 93 46 est
795 598 106 46 pars
848 598 120 46 honoris

178 641 86 40 qui
227 641 159 40 defunctis
349 641 171 40 exhibetur,
484 641 98 40 quum
545 641 135 40 nimirum
643 641 98 40 bona
704 641 98 40 fide
765 641 171 40 praestamus
887 641 86 40 quae¬-

174 675 88 36 illi
229 675 99 36 juste
295 675 142 36 voluerunt
404 675 55 36 &
426 675 55 36 a
448 675 99 36 nobis
514 675 197 36 requisiverunt,
678 675 77 36 vel
722 675 88 36 jure
777 675 142 36 naturali,
886 675 77 36 vel
919 675 55 36 pa¬-

167 703 76 40 cto
211 703 152 40 amicitiae,
330 703 76 40 vel
374 703 87 40 alio
428 703 119 40 honesto
515 703 119 40 titulo.
602 703 76 40 Sic
645 703 87 40 ergo
699 703 109 40 liberi
775 703 152 40 praeceptis
884 703 76 40 paren

166 741 99 37 tum
222 741 141 37 suorum
321 741 211 37 defunctorum
490 741 225 37 obtemperant,
673 741 211 37 quomadmodum
827 741 141 37 Josephus

174 773 174 39 Patriarcha
310 773 124 39 corpus
397 773 124 39 patris
484 773 87 39 sui
534 773 124 39 Jacobi
620 773 74 39 in
658 773 161 39 Cananaeam
782 773 74 39 ex
819 773 137 39 AEgypto
906 773 62 39 du¬-

160 804 91 42 xit.
217 804 114 42 Genes.
296 804 80 42 47.
342 804 125 42 versic.
433 804 80 42 29.
478 804 80 42 30.
524 804 57 42 &
547 804 114 42 capite
626 804 80 42 50.
672 804 148 42 versicul.
786 804 57 42 4
809 804 57 42 &
820 804 148 42 sequentibus

165 840 159 35 Rechabitae
290 840 114 35 patris
369 840 80 35 sui
414 840 136 35 defuncti
517 840 159 35 praeceptum
642 840 148 35 servarunt
755 840 114 35 Jerem.
835 840 80 35 35.
869 840 102 35 versic.

166 867 74 45 6.
203 867 86 45 Huc
252 867 148 45 spectat,
363 867 99 45 quum
425 867 173 45 testamenta
561 867 185 45 demortuorum
709 867 160 45 religiose
820 867 148 45 servantur.

167 899 112 40 Galat.
245 899 67 40 3.
279 899 146 40 versicul.
391 899 79 40 15.
436 899 79 40 Sic
481 899 101 40 David
548 899 157 40 exsequutus
672 899 79 40 est
717 899 101 40 bonam
784 899 101 40 fide,
852 899 90 40 quod
896 899 79 40 Jona¬-

173 938 92 45 thani
234 938 143 45 pollicitus
347 938 82 45 erat

202 960 187 49 DESIDERIUM
349 960 227 49 conjunctionis
535 960 93 49 cum
589 960 147 49 sanctis
696 960 174 49 defunctis
829 960 107 49 apud
883 960 93 49 Chri¬-

176 1004 100 42 stum
239 1004 138 42 Dominum
340 1004 88 42 est
390 1004 100 42 pars
453 1004 138 42 honoris
553 1004 88 42 qui
603 1004 138 42 sanctis
703 1004 163 42 defunctis
816 1004 151 42 exhibetur?

178 1036 100 44 quum
240 1036 62 44 &
265 1036 112 44 animo
339 1036 162 44 expetimus
464 1036 62 44 &
489 1036 125 44 verbis
576 1036 174 44 profitemur
713 1036 87 44 nos
763 1036 174 44 desiderate
887 1036 75 44 cor¬-

178 1065 94 43 ungi
237 1065 83 43 cum
284 1065 130 43 sanctis
379 1065 83 43 qui
426 1065 83 43 jam
473 1065 83 43 cum
520 1065 130 43 Christo
615 1065 71 43 in
650 1065 106 43 coelo
721 1065 177 43 triumphant,
863 1065 71 43 ut
898 1065 59 43 &
910 1065 59 43 no¬-

171 1105 129 33 gloriam
265 1105 94 33 ejus
324 1105 152 33 videamus,
441 1105 59 33 &
464 1105 94 33 unam
523 1105 82 33 cum
570 1105 105 33 ipsis
640 1105 141 33 Christum
745 1105 70 33 in
781 1105 141 33 coelesti
874 1105 94 33 Eccle¬-

166 1130 85 48 sia
202 1130 145 48 celebremus

201 1157 74 49 In
238 1157 87 49 his
287 1157 161 49 consistit
411 1157 99 49 vera
473 1157 74 49 ac
510 1157 148 49 legitima
621 1157 161 49 honoratio
745 1157 148 49 memoriae
844 1157 136 49 sanctorum

148 1204 187 40 defunctorum.

198 1230 143 47 Papistae
305 1230 95 47 vero
365 1230 119 47 gravem
448 1230 143 47 injuriam
556 1230 131 47 sanctis
651 1230 155 47 defunctis
770 1230 131 47 faciunt
866 1230 60 47 &
878 1230 95 47 dehito

172 1262 116 45 honore
254 1262 105 45 illos
323 1262 151 45 spoliant.
440 1262 81 45 Nam
486 1262 105 45 primo
556 1262 105 45 illis
625 1262 139 45 tribuunt
730 1262 116 45 honore
811 1262 81 45 qui
858 1262 93 45 soli
904 1262 70 45 Deo.

174 1296 131 46 debetur
269 1296 59 46 &
293 1296 95 46 quem
353 1296 95 46 ipsi
412 1296 167 46 recusarunt
543 1296 119 46 serio.
626 1296 143 46 Invocant
733 1296 95 46 enim
793 1296 83 46 eos
840 1296 155 46 religiose
947 1296 36 46 &

170 1332 100 46 aliis
237 1332 156 46 religiosis
359 1332 134 46 cultibus
459 1332 78 46 eos
504 1332 167 46 venerantur.
637 1332 100 46 Atqui
704 1332 67 46 si
737 1332 89 46 quis
793 1332 122 46 sanctis
871 1332 100 46 tribuat

176 1362 91 46 quod
232 1362 79 46 eis
278 1362 79 46 non
323 1362 102 46 debet
391 1362 125 46 tribui,
482 1362 125 46 quodque
572 1362 68 46 in
606 1362 113 46 tetris
686 1362 136 46 viventes
788 1362 91 46 sibi
844 1362 113 46 tribui
912 1362 57 46 no¬-

180 1397 146 45 luerunt,
289 1397 73 45 eo
326 1397 97 45 quod
387 1397 97 45 Deum
448 1397 183 45 diligerent,
594 1397 61 45 &
618 1397 110 45 multo
691 1397 110 45 minus
764 1397 97 45 nunc
825 1397 97 45 sibi
873 1397 110 45 tribui¬-

169 1434 129 40 volunt,
263 1434 165 40 charitatis
393 1434 82 40 Dei
440 1434 188 40 perfectionem
592 1434 176 40 consequuti:
733 1434 129 40 etiamsi
827 1434 141 40 videatur
921 1434 59 40 ho¬-

179 1468 90 40 nor,
235 1468 158 40 contumelia
348 1468 68 40 est.

205 1501 132 40 Deinde,
301 1501 120 40 preces
385 1501 84 40 pro
433 1501 156 40 defunctis
553 1501 132 40 sanctis
650 1501 132 40 fundunt
746 1501 108 40 atque
818 1501 84 40 hoc
866 1501 96 40 modo
914 1501 60 40 ne¬-

181 1534 116 43 gant,
258 1534 116 43 illos
335 1534 90 43 jam
387 1534 128 43 beatos
476 1534 116 43 esse.
553 1534 103 43 Quum
618 1534 103 43 enim
682 1534 128 43 Mariam
772 1534 154 43 Virginem
874 1534 103 43 matrem

176 1560 131 44 Christi
271 1560 131 44 salutat
366 1560 59 44 &
390 1560 131 44 dicunt,
485 1560 83 44 Ave
532 1560 119 44 Maria,
615 1560 83 44 &c.
663 1560 83 44 pro
710 1560 107 44 Maria
781 1560 166 44 precantur.
900 1560 71 44 Quid

172 1605 94 34 enim
231 1605 153 34 salutatio
348 1605 82 34 est
395 1605 106 34 aliud
466 1605 94 34 quam
525 1605 141 34 precatio
630 1605 82 34 pro
677 1605 70 34 eo
713 1605 82 34 qui
760 1605 164 34 salutatur?
889 1605 70 34 In
912 1605 59 34 Ca¬-

184 1634 94 37 hone
243 1634 118 37 Missae
325 1634 71 37 in
361 1634 200 37 comemoratione
525 1634 82 37 pro
572 1634 153 37 defunctis
690 1634 188 37 sacrificulus
843 1634 141 37 precatur
937 1634 47 37 ut

182 1661 92 42 Deus
239 1661 127 42 omnibus
331 1661 69 42 in
366 1661 127 42 Christo
458 1661 196 42 quiescentibus
619 1661 104 42 locum
688 1661 161 42 refrigerii
814 1661 104 42 lucis
883 1661 58 42 &
895 1661 81 42 paci¬-

171 1693 166 45 indulgeat.
302 1693 83 45 Hoc
349 1693 107 45 autem
420 1693 83 45 ait
468 1693 178 45 Bellarminus
610 1693 71 45 de
646 1693 107 45 Missa
717 1693 131 45 secundo
812 1693 119 45 libro,
883 1693 95 45 capite

171 1728 165 38 vigesimo.
298 1728 127 38 quinto
387 1728 76 38 se
425 1728 127 38 orare,
514 1728 140 38 quoniam
616 1728 102 38 illi
680 1728 127 38 nondum
769 1728 114 38 pacem
845 1728 64 38 &
858 1728 114 38 quietem

182 1763 114 37 habent
261 1763 57 37 a
284 1763 160 37 tormentis,
410 1763 57 37 &
433 1763 57 37 a
455 1763 148 37 desiderio
569 1763 137 37 visionis
672 1763 137 37 divinae.
775 1763 103 37 Dicit
843 1763 125 37 quidem,
934 1763 68 37 id

174 1791 106 43 solis
245 1791 82 43 iis
292 1791 165 43 convenire,
421 1791 82 43 qui
468 1791 71 43 in
504 1791 165 43 Purgatorio
633 1791 129 43 degunt:
727 1791 82 43 sed
774 1791 106 43 Canon
845 1791 118 43 Missae
915 1791 59 43 ha¬-

174 1829 96 40 bet,
234 1829 132 40 OMNIBUS
330 1829 72 40 in
366 1829 132 40 Christo
463 1829 217 40 quiescentibus,
643 1829 108 40 lucis
715 1829 60 40 &
739 1829 108 40 pacis
812 1829 120 40 locum,
896 1829 72 40 ut
920 1829 60 40 in¬-

170 1859 138 41 dulgeas
271 1859 189 41 deprecamur:
422 1859 113 41 atqui
498 1859 113 41 OMNES
573 1859 126 41 sancti
661 1859 138 41 mortui,
762 1859 76 41 in
800 1859 138 41 Christo
900 1859 101 41 qui¬

177 1894 130 40 escunt,
272 1894 106 40 nullo
342 1894 141 40 excepto:
448 1894 118 40 Itaque
531 1894 83 40 pro
578 1894 130 40 omnibus
672 1894 106 40 nullo
743 1894 130 40 excepto
838 1894 106 40 orat.
908 1894 71 40 Et
932 1894 47 40 in

183 1922 146 39 proprio
289 1922 159 39 Missarum
408 1922 93 39 pro
461 1922 186 39 defunctis,
607 1922 119 39 Missa
686 1922 80 39 in
726 1922 239 39 Commemoratione
912 1922 66 39 OM¬-

176 1952 107 52 NIUM
243 1952 161 52 fidelium
363 1952 201 52 defunctorum
524 1952 121 52 talem
604 1952 147 52 Tractum
711 1952 134 52 habet;
805 1952 161 52 Absolve,
912 1952 54 52 De

183 1988 117 42 mino,
261 1988 130 42 animas
351 1988 130 42 OMNIUM
442 1988 155 42 fidelium
559 1988 194 42 defunctorum
714 1988 78 42 ab
753 1988 104 42 omni
818 1988 142 42 vinculo
908 1988 65 42 de¬-

181 2018 151 44 lictorum,
297 2018 58 44 &
321 2018 116 44 gratia
402 2018 81 44 tua
448 2018 104 44 ipsis
518 2018 186 44 succurrente,
669 2018 151 44 mereantur
785 2018 128 44 evadere
866 2018 116 44 judicium

185 2061 143 37 ultionis,
295 2061 55 37 &
317 2061 99 37 lucis
383 2061 132 37 aeternae
482 2061 165 37 beatitudine
614 2061 132 37 perfrui.
713 2061 88 37 Hinc
768 2061 132 37 profecto
867 2061 132 37 sequitur

180 2085 160 47 nullorum
300 2085 160 47 fidelium
420 2085 200 47 defunctorum
580 2085 133 47 animas
673 2085 120 47 adhuc
753 2085 133 47 videre
847 2085 120 47 Deum.
914 2085 53 47 At

191 2124 80 43 qui
236 2124 125 43 injuria
327 2124 80 43 est
373 2124 80 43 pro
418 2124 125 43 Martyre
509 2124 114 43 orare,
589 2124 68 43 ut
623 2124 80 43 ait
668 2124 159 43 Augustinus
793 2124 68 43 De
828 2124 114 43 verbis
896 2124 68 43 Apo¬-

178 2149 108 45 stoli
250 2149 108 45 Serm.
322 2149 84 45 17.
370 2149 96 45 quod
430 2149 120 45 dictum
514 2149 120 45 laudat
599 2149 144 45 Magister
707 2149 192 45 Sententiarum
863 2149 108 45 libr.
923 2149 48 45 4.

170 2195 190 32 distinction.
324 2195 83 32 45.
372 2195 71 32 Et
407 2195 95 32 Papa
466 2195 178 32 Innocentius
609 2195 130 32 tertius
703 2195 142 32 Capitulo
810 2195 83 32 cum
846 2195 130 32 Mlarthae.

179 2223 190 37 Decretalibus
333 2223 142 37 Gregorii
440 2223 83 37 IX.
487 2223 118 37 tertio
570 2223 118 37 libro,
653 2223 118 37 titulo
724 2223 249 37 quadragesimo-primo,

181 2258 71 35 De
217 2258 188 35 celebrasione
370 2258 141 35 Missarum
476 2258 71 35 S.
511 2258 118 35 Tertio
593 2258 106 35 loco,
664 2258 94 35 ait;
723 2258 82 35 Cum
770 2258 118 35 Sacrae
841 2258 141 35 Scripturae

178 2290 107 45 dicat
249 2290 166 45 autoritas,
380 2290 95 45 quod
439 2290 142 45 injuriam
546 2290 107 45 facit
617 2290 142 45 martyri,
723 2290 83 45 qui
771 2290 95 45 orat
830 2290 83 45 pro
865 2290 119 45 Martyre:

180 2315 86 51 idem
234 2315 75 51 est
277 2315 118 51 ratione
363 2315 140 51 consimili
470 2315 64 51 de
503 2315 118 51 sanctis
589 2315 97 51 aliis
642 2315 140 51 sentiendum.

218 2357 128 32 Tertio,
311 2357 93 32 none
369 2357 139 32 Papistae
474 2357 116 32 debito
555 2357 116 32 honore
636 2357 139 32 spoliant
740 2357 128 32 sanctos
822 2357 162 32 Patriarchas,

182 2386 169 36 Apostolos,
315 2386 157 36 Martyres,
436 2386 145 36 aliosque
545 2386 145 36 sanctos,
654 2386 85 36 dum
702 2386 133 36 illorum
799 2386 109 36 veram
859 2386 121 36 historis

183 2418 83 35 am,
231 2418 95 35 item
290 2418 118 35 dicta,
373 2418 118 35 facta,
456 2418 118 35 eventa
539 2418 71 35 ad
574 2418 178 35 imitationem
716 2418 59 35 &
740 2418 201 35 consolationem
906 2418 95 35 alii

185 2447 139 40 fidelibus
292 2447 160 40 necessaria,
420 2447 150 40 cognoscere
538 2447 53 40 e
559 2447 107 40 sacris
634 2447 118 40 Bibliis
720 2447 118 40 vetant,
805 2447 64 40 in
837 2447 107 40 quibus
901 2447 75 40 solis

176 2487 102 33 vere
240 2487 230 33 commemorantur?
431 2487 115 33 nonne
508 2487 166 33 prohibent
636 2487 153 33 lectione
750 2487 179 33 Scripturae
878 2487 102 33 Sacra¬-

188 2517 140 41 populum
290 2517 102 41 Dei,
354 2517 102 41 quam
418 2517 166 41 Prophetae
545 2517 64 41 &
571 2517 153 41 Apostoli
686 2517 77 41 ob
724 2517 102 41 hanc
788 2517 128 41 causam
864 2517 115 41 populo,

184 2550 86 36 Dei
233 2550 197 36 tradiderunt,
393 2550 74 36 ut
430 2550 86 36 eam
479 2550 135 36 legeret
578 2550 62 36 &
602 2550 148 36 audiret?
713 2550 160 36 honoratne
836 2550 160 36 Prophetas
947 2550 37 36 &

184 2579 146 44 Apostolos
296 2579 90 44 ille
352 2579 79 44 qui
397 2579 135 44 prohibet
498 2579 90 44 quod
554 2579 90 44 illi
611 2579 124 44 jubent,
700 2579 56 44 &
723 2579 112 44 mandat
802 2579 90 44 quod
858 2579 90 44 illi
903 2579 67 44 pro¬-

171 2612 133 38 hibent?
268 2612 85 38 num
316 2612 73 38 ad
353 2612 133 38 honorem
449 2612 121 38 Mariae
534 2612 121 38 matris
619 2612 133 38 Christi
716 2612 121 38 facit,
800 2612 157 38 prohibere
909 2612 61 38 po¬-

174 2652 111 43 pulum
248 2652 86 43 Dei
297 2652 62 43 a
322 2652 136 43 legendo
421 2652 62 43 &
445 2652 148 43 audiendo
556 2652 74 43 ea
593 2652 99 43 quae
655 2652 74 43 de
692 2652 99 43 illa
754 2652 173 43 Scripturae
877 2652 99 43 Sacra¬-

175 2685 212 38 commemorant
331 2685 42 38 .

206 2706 126 53 Quarto
295 2706 151 53 accusant
408 2706 164 53 Prophetas
534 2706 63 53 &
559 2706 164 53 Apostolos
685 2706 101 53 quod
748 2706 176 53 Scripturam
874 2706 101 53 tradi¬-

178 2745 106 41 dermt
249 2745 153 41 Ecclesiae
367 2745 141 41 obscuram
473 2745 59 41 &
497 2745 189 41 imperfectam,
650 2745 83 41 qua
697 2745 71 41 in
732 2745 71 41 re
768 2745 141 41 Papistae
862 2745 118 41 haereti¬-

172 2785 77 33 cos
216 2785 99 33 illos
282 2785 121 33 veteres
370 2785 143 33 imitantur
481 2785 66 33 de
514 2785 110 33 quibus
591 2785 132 33 Irenaeus
690 2785 110 33 tertio
767 2785 88 33 lib.
823 2785 132 33 adversus
911 2785 66 33 hae¬-

179 2813 111 46 reses,
257 2813 111 46 capite
323 2813 111 46 secundo.

219 2839 127 48 Quinto,
312 2839 151 48 sanctorum
428 2839 93 48 ossa
486 2839 151 48 exhumant,
602 2839 93 48 quae
660 2839 70 48 in
694 2839 127 48 lectulo
787 2839 139 48 quietis,
891 2839 70 48 in
914 2839 70 48 dor¬-

170 2880 139 46 mitorio
271 2880 139 46 ipsorum
373 2880 177 46 resinquere
512 2880 152 46 debebant

214 2908 113 42 Sexto,
293 2908 79 42 pro
338 2908 102 42 veris
406 2908 147 42 sanctorum
520 2908 147 42 reliquiis
633 2908 193 42 supposititias
792 2908 147 42 reliquias
894 2908 91 42 viden¬-

186 2941 85 39 das
234 2941 109 39 atque
307 2941 169 39 osculandas
440 2941 145 39 exhibent
548 2941 193 39 offerentibus
693 2941 121 39 pecuniam

213 2981 146 40 Septimo,
322 2981 122 40 Petrum
408 2981 158 40 dignitate
529 2981 183 40 Apostolatus
676 2981 122 40 exuunt
761 2981 195 40 Apostolosque
907 2981 73 40 cae¬-

187 3014 112 33 teros
261 3014 75 33 de
299 3014 112 33 gradu
373 3014 87 33 suo
423 3014 174 33 deturbant.
560 3014 87 33 Nam
610 3014 124 33 Petrum
697 3014 149 33 proprium
809 3014 162 33 Ecclesiae
921 3014 62 33 Ro¬-

176 3048 120 35 manae
256 3048 160 35 pastorem
375 3048 67 35 &
402 3048 173 35 Episcopum
535 3048 133 35 fuisse
628 3048 200 35 contendunt;
788 3048 106 35 quum
841 3048 133 35 Christus

180 3075 86 39 eum
229 3075 74 39 in
266 3075 160 39 universum
389 3075 123 39 mundum
475 3075 172 39 proficisci
610 3075 148 39 jusserit
721 3075 61 39 &
745 3075 172 39 Evangelium
868 3075 111 39 praedi¬-

184 3108 92 38 care
241 3108 92 38 omni
298 3108 161 38 creaturae:
425 3108 57 38 &
448 3108 103 38 cidem
517 3108 80 38 uni
563 3108 103 38 Petro
631 3108 103 38 soli,
700 3108 138 38 Petrique
804 3108 161 38 luccessori
919 3108 57 38 Ro¬-

172 3141 100 51 mano
235 3141 175 51 Pontifici,
373 3141 75 51 in
410 3141 175 51 potestatis
548 3141 188 51 plenitudine
698 3141 188 51 gubernandam
849 3141 63 51 a
861 3141 113 51 Christo

1003 132 141 55 traditam
1109 132 153 55 Ecclesiam
1226 132 117 55 ajunt.
1309 132 70 55 Si
1344 132 82 55 uni
1391 132 94 55 soli
1449 132 106 55 Petro
1520 132 141 55 potestas
1626 132 94 55 illa
1684 132 106 55 data,
1755 132 82 55 tum
1790 132 47 55 ad

1011 179 135 33 caeteros
1112 179 146 33 Apostolos
1224 179 123 33 frustra
1314 179 135 33 Christus
1415 179 123 33 dixerit
1504 179 112 33 Matth.
1583 179 79 33 18.
1628 179 146 33 versicul.
1740 179 79 33 18.
1773 179 34 33 A

1011 210 73 43 men
1052 210 84 43 dico
1105 210 105 43 vobis,
1178 210 136 43 quacunque
1282 210 157 43 ligaveritis
1408 210 63 43 in
1439 210 105 43 terra,
1512 210 94 43 erunt
1575 210 105 43 ligata
1648 210 63 43 in
1680 210 105 43 coelo:
1753 210 73 43 Et¬

1017 243 145 43 quaecunque
1131 243 145 43 solveritis
1244 243 62 43 in
1276 243 104 43 terra,
1348 243 93 43 erunt
1410 243 104 43 soluta
1483 243 62 43 in
1514 243 104 43 coelo.
1586 243 62 43 Et
1617 243 93 43 capit
1679 243 72 43 28.
1710 243 104 43 versicul

1021 279 78 40 18,
1065 279 78 40 19.
1110 279 89 40 Data
1165 279 78 40 est
1210 279 89 40 mihi
1265 279 100 40 omnis
1332 279 133 40 potestas
1432 279 67 40 in
1465 279 100 40 coelo
1531 279 55 40 &
1554 279 67 40 in
1587 279 111 40 terra.
1665 279 133 40 Profecti
1753 279 67 40 ergo

1021 309 112 36 docete
1099 309 100 36 omnes
1166 309 123 36 gentes,
1255 309 167 36 baptizantes
1389 309 78 36 eos
1434 309 67 36 in
1467 309 112 36 nomine
1545 309 112 36 Patris
1623 309 56 36 &
1646 309 100 36 Filii
1713 309 56 36 &
1724 309 89 36 Spiri¬-

1024 344 76 36 tus
1067 344 119 36 Sancti.
1154 344 65 36 Et
1186 344 108 36 Johan.
1262 344 76 36 20.
1305 344 140 36 versicul.
1413 344 76 36 21,
1456 344 76 36 22,
1499 344 76 36 23.
1542 344 97 36 Sicut
1607 344 97 36 misit
1672 344 65 36 me
1704 344 108 36 Pater,
1769 344 54 36 ita

1027 372 56 40 &
1049 372 79 40 ego
1094 372 90 40 muto
1151 372 90 40 vos.
1207 372 68 40 Et
1241 372 90 40 quum
1297 372 90 40 haec
1353 372 135 40 dixisset
1455 372 135 40 afflavit
1556 372 90 40 eos:
1612 372 56 40 &
1635 372 101 40 dixit
1702 372 90 40 tis,
1747 372 79 40 Acci¬-

1024 409 90 36 pite
1080 409 135 36 Spiritum
1182 409 135 36 Sanctum.
1283 409 68 36 Si
1317 409 113 36 quorum
1396 409 169 36 vemiseritis
1532 409 135 36 peccata,
1633 409 169 36 remittuntur
1758 409 56 36 eis

1023 440 70 38 si
1058 440 117 38 quorum
1140 440 198 38 retinueritis,
1303 440 128 38 retenta
1396 440 105 38 sunt.
1466 440 70 38 Et
1501 440 70 38 si
1536 440 117 38 mortuo
1618 440 105 38 Petro
1688 440 93 38 unus
1734 440 82 38 solu¬-

1010 476 143 38 Romanus
1114 476 156 38 Pontifex
1231 476 78 38 in
1270 476 182 38 potestatis
1413 476 195 38 plenitudine
1568 476 195 38 gubernandam
1711 476 117 38 habuit.

1023 505 164 37 Ecclesiam,
1152 505 82 37 tum
1199 505 105 37 major
1269 505 117 37 fuerit
1351 505 140 37 potestas
1456 505 105 37 Lini,
1526 505 117 37 Cleti,
1608 505 152 37 Clementis
1714 505 105 37 Episco¬-

1021 538 125 35 porum
1104 538 194 35 Romanorum,
1257 538 111 35 quam
1326 538 166 35 Johannis
1451 538 69 35 &
1479 538 125 35 Judae
1562 538 152 35 Taddaei
1673 538 180 35 Apostolo¬

1010 574 115 44 rum.
1082 574 101 44 Nam
1139 574 101 44 quo
1197 574 158 44 tempore
1312 574 158 44 Clemens
1427 574 158 44 Romanam
1542 574 173 44 gubernat
1657 574 173 44 Ecclesiam;

1017 604 141 39 Johannes
1123 604 165 39 Apostolus,
1252 604 106 39 adhuc
1323 604 71 39 in
1358 604 94 39 Asia
1417 604 106 39 vitam
1487 604 165 39 traducens,
1617 604 153 39 Ecclesias
1734 604 82 39 ibi
1769 604 59 39 ad¬-

1012 649 176 34 ministravit,
1155 649 66 34 ut
1188 649 110 34 refert
1265 649 132 34 Eusebius
1364 649 121 34 Histor.
1451 649 165 34 Ecclesiast.
1583 649 99 34 libro
1649 649 121 34 tertio,
1737 649 99 34 capit

1026 672 129 36 lecimo
1117 672 129 36 sexto.
1207 672 91 36 Jam
1259 672 78 36 si
1298 672 116 36 verum
1375 672 91 36 est
1427 672 207 36 Pontificibus
1595 672 142 36 Romanis
1686 672 142 36 universam

1019 706 168 36 Ecclesiam
1148 706 181 36 commissam,
1290 706 90 36 tum
1342 706 155 36 Johannes
1458 706 168 36 Apostolus
1587 706 116 36 longe
1664 706 116 36 minor
1729 706 90 36 fuis.

1024 736 86 44 set
1073 736 160 44 Episcopis
1196 736 135 44 Romanis
1294 736 61 44 &
1318 736 160 44 Ecclesias
1441 736 160 44 Asiaticas
1564 736 221 44 administrasset
1736 736 98 44 tantum

1018 774 71 39 ut
1054 774 118 39 Romani
1136 774 165 39 Pontificis
1266 774 141 39 vicarius
1371 774 165 39 dioeceseos
1489 774 118 39 Asianae:

1037 796 139 51 Octavo.
1138 796 139 51 sanctis
1239 796 164 51 demortuis
1365 796 151 51 tribuunt
1478 796 214 51 procurationem
1655 796 139 51 illarum
1743 796 88 51 rerum

1023 838 95 37 quae
1082 838 107 37 illis
1153 838 95 37 sine
1213 838 142 37 ludibrio
1319 838 118 37 tribui
1402 838 154 37 nequeunt.
1520 838 95 37 Olim
1579 838 95 37 enim
1639 838 107 37 Venus
1710 838 71 37 ex
1733 838 95 37 Genti¬-

1010 869 100 45 lium
1073 869 150 45 figmento
1186 869 125 45 agebat
1274 869 113 45 curam
1349 869 163 45 nautarum,
1474 869 100 45 quia
1537 869 100 45 nata
1599 869 175 45 credebatur
1737 869 75 45 ex
1762 869 63 45 ma¬-

1015 904 77 34 ri,
1059 904 66 34 ea
1092 904 121 34 quoniam
1181 904 110 34 desiit
1258 904 121 34 curare,
1346 904 132 34 suffecta
1446 904 77 34 est
1490 904 55 34 a
1512 904 132 34 Papistis
1611 904 88 34 huic
1666 904 99 34 matri
1733 904 77 34 non
1766 904 66 34 vir¬-

1020 940 95 40 gini
1080 940 107 40 Virgo
1151 940 119 40 mater.
1235 940 95 40 Unde
1294 940 119 40 nautae
1378 940 72 40 in
1414 940 143 40 periculo
1521 940 155 40 naufragii
1640 940 155 40 versantes
1759 940 60 40 &
1771 940 60 40 ca¬-

1023 974 135 38 nentes,
1121 974 111 38 Salve
1195 974 135 38 regina,
1293 974 160 38 implorant
1416 974 123 38 matrem
1502 974 160 38 Virginem,
1625 974 184 38 appellantes
1773 974 86 38 eam

1016 1005 130 38 stellam
1111 1005 118 38 matis,
1193 1005 130 38 reginam
1288 1005 118 38 coeli,
1370 1005 130 38 dominam
1465 1005 118 38 mundi,
1547 1005 118 38 portum
1630 1005 142 38 salutis,
1725 1005 94 38 aliis.

1030 1039 79 43 que
1075 1039 112 43 multis
1153 1039 124 43 titulis
1243 1039 90 43 illi
1300 1039 180 43 blandientes,
1446 1039 90 43 quos
1502 1039 124 43 nusquam
1592 1039 90 43 illi
1648 1039 135 43 tribuunt
1738 1039 90 43 sacrae

1011 1069 95 44 diterae.

1123 1101 166 45 Hactenus
1248 1101 83 45 de
1289 1101 180 45 charitate
1428 1101 138 45 nostra
1524 1101 111 45 erga
1580 1101 138 45 homines:

1331 1143 144 52 sequitur.

1230 1213 282 54 LAPUT
1386 1213 220 54 XIIX.

1133 1269 86 68 In
1176 1269 101 68 quo
1233 1269 86 68 de
1277 1269 187 68 Charitate
1421 1269 144 68 nostra
1522 1269 115 68 erga
1579 1269 130 68 sanctos

1337 1324 159 54 Angelos

1102 1357 198 52 NGELIsancti
1260 1357 106 52 sunt
1326 1357 66 52 a
1353 1357 119 52 nobis
1432 1357 172 52 diligendi
1564 1357 66 52 &
1577 1357 159 52 honorandi:

1128 1399 81 40 I.
1169 1399 109 40 Quia
1237 1399 176 40 praecepto
1373 1399 95 40 quo
1427 1399 149 40 jubemur
1535 1399 163 40 diligere
1658 1399 163 40 proximum
1766 1399 68 40 et¬-

1106 1430 96 44 iam
1161 1430 137 44 sancti
1257 1430 137 44 Angeli
1352 1430 219 44 continentur:
1530 1430 96 44 qua
1585 1430 82 44 de
1626 1430 82 44 re
1667 1430 178 44 AUGUSTINU
1790 1430 41 44 S

1023 1469 116 37 tertio
1105 1469 93 37 tomo
1163 1469 105 37 libro
1233 1469 105 37 primo
1303 1469 70 37 de
1338 1469 140 37 doctrina
1442 1469 175 37 Christiana,
1582 1469 93 37 cap.
1628 1469 140 37 trigesimo.

1054 1501 96 45 II.
1109 1501 110 45 Quia
1178 1501 110 45 sunt
1247 1501 165 45 nobiscum
1371 1501 138 45 membra
1467 1501 151 45 ejusdem
1577 1501 165 45 corporis
1687 1501 151 45 Ecclesiae

1035 1532 169 46 Catholicae,
1170 1532 101 46 cujus
1237 1532 101 46 Caput
1305 1532 79 46 est
1339 1532 113 46 Christus

1047 1565 101 45 III.
1110 1565 101 45 Quia
1173 1565 101 45 ipsi
1236 1565 101 45 sunt
1299 1565 113 45 amici
1375 1565 126 45 nostri
1463 1565 88 45 per
1513 1565 151 45 Christum
1627 1565 113 45 nobis
1690 1565 151 45 conciliati

1025 1598 57 53 &
1047 1598 80 53 nos
1093 1598 148 53 diligunt:
1207 1598 91 53 quod
1264 1598 148 53 declarant
1378 1598 114 53 abunde
1458 1598 137 53 officiis
1561 1598 57 53 &
1584 1598 160 53 beneficiis
1709 1598 91 53 suis
1755 1598 80 53 quae¬-

1027 1638 105 32 nobis
1097 1638 175 32 cupidissime
1237 1638 105 32 jussu
1307 1638 82 32 Dei
1354 1638 163 32 praestant,
1482 1638 58 32 &
1505 1638 140 32 laetitia
1610 1638 93 32 quam
1668 1638 70 32 ex
1692 1638 151 32 resipiscen¬-

1018 1668 81 39 tia
1065 1668 115 39 nostra
1145 1668 173 39 percipiunt,
1284 1668 104 39 Lucae
1353 1668 81 39 15.
1399 1668 69 39 7,
1434 1668 81 39 10.
1480 1668 81 39 Imo
1526 1668 81 39 quo
1573 1668 127 39 diutius
1665 1668 127 39 nostrae
1746 1668 92 39 saluti

1026 1701 168 43 serviunt,
1155 1701 77 43 eo
1194 1701 116 43 magis
1271 1701 142 43 ipsorum
1374 1701 103 43 erga
1439 1701 90 43 nos
1490 1701 103 43 amor
1554 1701 155 43 augetur.
1670 1701 90 43 Nam
1722 1701 103 43 amor
1774 1701 64 43 quo

1027 1737 109 43 magis
1100 1737 158 43 officiis,
1221 1737 158 43 obsequiis
1343 1737 97 43 erga
1404 1737 146 43 personam
1513 1737 122 43 amatam
1598 1737 170 43 exercetur:
1732 1737 73 43 eo
1756 1737 85 43 etiam

1020 1769 120 34 semper
1104 1769 84 34 sit
1152 1769 120 34 major.
1235 1769 96 34 Unde
1295 1769 60 34 &
1319 1769 72 34 ad
1355 1769 192 34 quaestionem,
1511 1769 96 34 uter
1571 1769 108 34 magis
1642 1769 108 34 amet,
1714 1769 84 34 qui
1750 1769 84 34 bene¬-

1019 1799 114 50 ficium
1098 1799 137 50 confert,
1201 1799 68 50 an
1235 1799 80 50 qui
1281 1799 137 50 accipit?
1384 1799 148 50 responsum
1498 1799 80 50 est
1544 1799 57 50 a
1566 1799 183 50 sapientibus,
1715 1799 103 50 illum
1772 1799 57 50 qui

1027 1838 129 38 confert.
1124 1838 65 38 Et
1156 1838 75 38 quo
1200 1838 86 38 quis
1253 1838 118 38 diutius
1340 1838 108 38 alicui
1415 1838 140 38 inservit,
1523 1838 65 38 si
1555 1838 151 38 praesertim
1673 1838 75 38 hoc
1717 1838 108 38 faciat
1781 1838 54 38 ex¬-

1023 1868 122 42 animo,
1108 1868 61 42 &
1132 1868 73 42 ex
1169 1868 122 42 amore,
1254 1868 73 42 ut
1290 1868 122 42 Angeli
1375 1868 97 42 boni
1436 1868 109 42 certe
1509 1868 109 42 nobis
1582 1868 182 42 inserviunt:
1728 1868 73 42 eo
1752 1868 85 42 etiam

1024 1898 114 43 indies
1103 1898 114 43 majori
1183 1898 91 43 erga
1240 1898 91 43 eum,
1298 1898 80 43 cui
1343 1898 148 43 inservit,
1457 1898 103 43 amore
1526 1898 160 43 afficitur:
1651 1898 91 43 sive
1708 1898 114 43 Doctor
1777 1898 57 43 er¬-

1045 1932 61 51 a
1069 1932 97 51 suam
1130 1932 146 51 Scholam,
1239 1932 97 51 sive
1300 1932 122 51 Pastor
1385 1932 97 51 erga
1446 1932 170 51 Ecclesiam,
1580 1932 97 51 sive
1641 1932 170 51 paedagogus
1762 1932 73 51 erga

1022 1973 102 36 quum
1086 1973 190 36 discipulum,
1238 1973 102 36 sive
1302 1973 140 36 aulicus
1403 1973 102 36 erga
1467 1973 102 36 suum
1530 1973 178 36 Principem,
1670 1973 102 36 sive
1733 1973 114 36 mater
1797 1973 38 36 &

1024 1997 103 42 pater
1092 1997 92 42 erga
1150 1997 92 42 suos
1207 1997 138 42 liberos,
1311 1997 92 42 sive
1368 1997 126 42 denique
1460 1997 126 42 famulus
1552 1997 57 42 &
1575 1997 126 42 ancilla
1667 1997 92 42 erga
1725 1997 92 42 suum
1771 1997 57 42 he¬-

1025 2034 90 35 rum
1077 2034 116 35 atque
1154 2034 154 35 dominam.
1269 2034 180 35 Dubitandum
1410 2034 128 35 igitur
1500 2034 90 35 non
1552 2034 103 35 est,
1616 2034 103 35 quin
1680 2034 77 35 ex
1718 2034 90 35 tam
1757 2034 77 35 mul¬-

1027 2057 87 55 tis
1076 2057 200 55 diuturnisque
1239 2057 62 55 &
1264 2057 125 55 magnis
1351 2057 162 55 Angelorum
1476 2057 162 55 sanctorum
1601 2057 162 55 officiis,
1714 2057 112 55 ipsorum

1019 2099 97 41 erga
1080 2099 85 41 nos
1128 2099 110 41 amor,
1201 2099 85 41 suo
1250 2099 122 41 quodam
1335 2099 110 41 modo,
1408 2099 122 41 indies
1493 2099 134 41 auctior
1591 2099 110 41 fiat.
1664 2099 170 41 Quapropter
1785 2099 37 41 I

1017 2129 87 44 nos
1066 2129 137 44 quoque,
1166 2129 137 44 quantus
1265 2129 87 44 sit
1315 2129 137 44 ipsorum
1414 2129 99 44 erga
1477 2129 87 44 nos
1526 2129 112 44 amor,
1601 2129 124 44 qualia
1688 2129 75 44 ve
1725 2129 62 44 &
1738 2129 99 44 quanta

1023 2165 109 42 nobis
1096 2165 158 42 praestent
1217 2165 145 42 obsequia
1326 2165 73 42 ac
1362 2165 170 42 beneficia,
1496 2165 170 42 diligenter
1629 2165 194 42 perpendamus:
1774 2165 61 42 ae¬-

1022 2196 96 48 quum
1082 2196 84 48 est
1130 2196 72 48 ut
1166 2196 144 48 vicissim
1274 2196 96 48 erga
1334 2196 108 48 illos
1406 2196 108 48 magis
1479 2196 72 48 ac
1515 2196 108 48 magis
1587 2196 108 48 amore
1659 2196 60 48 &
1671 2196 156 48 reverentia.

1026 2222 155 39 afficiamur.

1056 2254 92 48 IV.
1109 2254 106 48 Quia
1175 2254 145 48 illorum
1280 2254 185 48 imitatores
1426 2254 106 48 esse
1492 2254 158 48 debemus.
1610 2254 92 48 Qui
1663 2254 106 48 ergo
1729 2254 92 48 non
1769 2254 66 48 di¬-

1023 2288 142 54 ligamus
1126 2288 103 54 eos,
1191 2288 129 54 quorum
1281 2288 155 54 exemplum
1398 2288 194 54 continenter
1553 2288 142 54 imitati
1656 2288 155 54 debemus?
1759 2288 78 54 Sio¬-

1025 2331 103 47 enim
1090 2331 78 47 in
1129 2331 155 47 Oratione
1245 2331 155 47 Dominica
1361 2331 155 47 quotidie
1478 2331 155 47 precamur
1594 2331 142 47 mandato
1685 2331 142 47 Christi,.

1019 2358 81 40 Fiat
1070 2358 122 40 uoluntas
1161 2358 81 40 tua,
1212 2358 92 40 sicut
1273 2358 61 40 in
1304 2358 102 40 coelo,
1375 2358 71 40 sic
1415 2358 92 40 etiam
1476 2358 61 40 in
1497 2358 81 40 terra¬-

1056 2389 70 41 V.
1091 2389 93 41 Quia
1149 2389 104 41 illis
1219 2389 70 41 in
1254 2389 116 41 altera
1335 2389 93 41 vita
1393 2389 128 41 similes
1486 2389 128 41 erimus.
1578 2389 81 41 Qui
1625 2389 93 41 ergo
1683 2389 81 41 non
1718 2389 104 41 diliga¬-

1020 2421 87 44 mus
1069 2421 99 44 eos,
1131 2421 124 44 quibus
1218 2421 136 44 similes
1317 2421 136 44 erimus?
1416 2421 124 44 quibus
1503 2421 136 44 similes
1602 2421 74 44 ut
1639 2421 112 44 simus
1701 2421 124 44 exoptare

1009 2454 138 43 debemus.

1060 2483 108 52 Honor
1132 2483 84 52 seu
1180 2483 120 52 cultus
1264 2483 84 52 qui
1312 2483 60 52 a
1336 2483 108 52 nobis
1408 2483 168 52 exhibendus
1541 2483 84 52 est
1589 2483 60 52 &
1613 2483 156 52 exhibetur
1721 2483 108 52 sanctis

1003 2510 148 59 IAngelis,
1116 2510 80 59 non
1162 2510 80 59 est
1207 2510 114 59 cultus
1287 2510 170 59 religiosus,
1423 2510 91 59 quia
1480 2510 68 59 is
1514 2510 91 59 soli
1571 2510 80 59 Deo
1616 2510 136 59 debetur;
1718 2510 80 59 sed
1752 2510 80 59 poli¬-

1024 2554 105 41 ticus
1094 2554 81 41 seu
1141 2554 140 41 civisis,
1246 2554 93 41 quem
1304 2554 163 41 συμπελίνας
1432 2554 163 41 concivibus
1560 2554 93 41 suis
1618 2554 128 41 habent:
1711 2554 81 41 nam
1746 2554 70 41 san¬-

1026 2588 77 46 cti
1070 2588 111 46 Angeli
1148 2588 88 46 sunt
1203 2588 100 46 cives
1269 2588 55 46 τ
1291 2588 122 46 πολεων,
1380 2588 77 46 hoc
1424 2588 88 46 est,
1479 2588 144 46 civitatis
1590 2588 77 46 Dei
1634 2588 55 46 &
1656 2588 133 46 concives
1745 2588 88 46 nostri

1017 2622 65 43 &
1043 2622 144 43 commune
1148 2622 157 43 nobiscum
1265 2622 131 43 habent
1357 2622 170 43 πολίτῳίμα
1487 2622 78 43 in
1513 2622 118 43 coelis.

1084 2658 167 48 Hactenus
1209 2658 83 48 de
1251 2658 181 48 charitate
1390 2658 111 48 erga
1460 2658 181 48 proximum:
1599 2658 167 48 sequitur

1230 2729 284 58 CAPUT
1420 2729 252 58 XIX.

1263 2774 89 64 De
1308 2774 224 64 fortitudine
1472 2774 119 64 animi.

1092 2830 67 61 E
1118 2830 201 61 Fortitudine
1279 2830 120 61 animi
1359 2830 120 61 prius
1439 2830 147 61 agimus,
1546 2830 107 61 quam
1613 2830 80 61 de
1640 2830 174 61 Temperantia

1029 2848 132 81 TIquia
1121 2848 132 81 natura
1214 2848 146 81 homines
1320 2848 119 81 prius
1399 2848 199 81 experiuntur
1558 2848 66 81 &
1585 2848 159 81 sentiunt
1704 2848 79 81 ea
1730 2848 93 81 quae¬-

1099 2914 133 38 molesta
1196 2914 61 38 &
1220 2914 133 38 adversa
1317 2914 109 38 sunt,
1389 2914 97 38 quam
1450 2914 169 38 voluptates
1583 2914 121 38 corpus
1656 2914 169 38 delectantes:

1015 2941 142 52 Adversus
1121 2941 94 52 illa
1180 2941 118 52 igitur
1263 2941 153 52 principio
1381 2941 153 52 firmandus
1499 2941 130 52 animus;
1593 2941 71 52 in
1629 2941 106 52 istis
1699 2941 118 52 deinde
1770 2941 59 52 mo¬

1004 2974 133 42 derandus

1056 3010 128 46 Deinde
1146 3010 167 46 fortitudo
1275 3010 103 46 ante
1339 3010 128 46 omnium
1429 3010 141 46 aliarum
1531 3010 154 46 virtutum
1647 3010 154 46 moralium
1750 3010 64 46 ex¬-

1024 3039 132 43 ercitium
1123 3039 165 43 requiritur:
1254 3039 88 43 quia
1309 3039 99 43 nulla
1375 3039 77 43 est
1419 3039 88 43 alia
1474 3039 110 43 virtus
1551 3039 121 43 moralis
1638 3039 99 43 cujus
1693 3039 121 43 exercitia

1018 3080 79 36 non
1063 3080 147 36 retardare
1176 3080 79 36 vel
1222 3080 136 36 impedire
1324 3080 125 36 soleant
1414 3080 79 36 res
1460 3080 136 36 molestae
1562 3080 57 36 &
1584 3080 147 36 adversae,
1698 3080 91 36 quae
1743 3080 68 36 for¬-

1019 3112 135 49 titudine
1120 3112 101 49 animi
1187 3112 90 49 sunt
1244 3112 146 49 vincendae
1356 3112 56 49 &
1379 3112 169 49 superandae,
1513 3112 67 49 ut
1547 3112 135 49 virtutes
1648 3112 101 49 aliae
1705 3112 112 49 exercer¬

1010 3137 103 53 possius.
