2063 3432
229 143 77 43 I.
268 143 102 43 Quia
331 143 140 43 impedit
433 143 115 43 fidem
510 143 115 43 veram
586 143 77 43 in
625 143 115 43 Deum:
701 143 115 43 sicut
778 143 153 43 Christus
893 143 89 43 ait
931 143 102 43 Johan.

209 182 69 44 5.
243 182 69 44 v.
277 182 80 44 44.
323 182 126 44 Quomodo
415 182 80 44 vos
461 182 138 44 potestis
564 182 138 44 credere,
667 182 92 44 quum
725 182 126 44 gloriam
817 182 92 44 alij
874 182 69 44 ab
908 182 103 44 aliis
966 182 57 44 ca¬-

212 214 113 41 ptetis
291 214 56 41 &
313 214 124 41 gloriam
403 214 113 41 illam,
482 214 90 41 quae
538 214 56 41 a
561 214 90 41 solo
617 214 79 41 Deo
662 214 191 41 proficiscitur
819 214 79 41 non
864 214 158 41 quaeratis?
977 214 45 41 Et

207 252 122 38 Johan.
292 252 85 38 12.
341 252 73 38 v.
377 252 85 38 42,
426 252 85 38 43.
475 252 110 38 Etiam
548 252 73 38 ex
584 252 171 38 primoribus
718 252 110 38 multi
791 252 183 38 crediderunt
938 252 73 38 in
962 252 73 38 eum:

200 290 87 39 sed
249 290 136 39 propter
348 290 173 39 Pharisaeos
484 290 87 39 hoc
534 290 87 39 non
583 290 223 39 profitebantur,
769 290 74 39 ne
806 290 148 39 Synagoga
905 290 111 39 moveren

205 318 104 41 tur.
270 318 182 41 Dilexerunt
413 318 104 41 enim
479 318 143 41 gloriam
583 318 143 41 hominum
687 318 130 41 potius
778 318 104 41 quam
844 318 143 41 gloriam
935 318 78 41 Dei.

238 354 80 36 II.
283 354 91 36 Quia
340 354 57 36 a
363 354 126 36 Christo
455 354 137 36 contemta
558 354 103 36 fuit:
626 354 80 36 sic
672 354 91 36 enim
729 354 80 36 ait
775 354 114 36 Johan.
855 354 69 36 5.
889 354 69 36 v.
923 354 80 36 41.
957 354 69 36 Glo¬-

205 384 95 43 riam
265 384 71 43 ab
300 384 155 43 hominibus
419 384 83 43 non
467 384 119 43 capto:
550 384 95 43 Ideo
610 384 119 43 vetuit
693 384 143 43 miracula
800 384 59 43 a
824 384 71 43 se
859 384 107 43 edita
919 384 107 43 praedi¬-

197 422 99 31 cari,
263 422 99 31 sicut
328 422 120 31 legitur
416 422 131 31 Matthaei
514 422 66 31 8.
547 422 66 31 v.
580 422 66 31 4.
613 422 55 31 &
635 422 88 31 cap.
690 422 66 31 9.
722 422 66 31 v.
755 422 77 31 29,
799 422 77 31 30.
843 422 142 31 Similiter
941 422 77 31 dici¬-

205 450 84 38 tur
253 450 72 38 de
289 450 96 38 ipso
349 450 120 38 Matth.
433 450 84 38 12.
481 450 108 38 vers.
553 450 84 38 25.
601 450 60 38 &
625 450 108 38 seqq.
698 450 132 38 Sequuta
794 450 84 38 est
842 450 84 38 cum
890 450 108 38 turba
950 450 96 38 multa,

198 486 168 41 sanavitque
330 486 84 41 eos
378 486 120 41 omnes.
463 486 72 41 Et
499 486 192 41 interminatus
655 486 84 41 est
703 486 84 41 eis
751 486 72 41 ne
787 486 72 41 se
824 486 168 41 manifestum
944 486 84 41 face¬-

197 520 114 41 rent:
273 520 76 41 Vt
311 520 177 41 impleretur
450 520 101 41 quod
513 520 126 41 dictum
602 520 101 41 erat
665 520 88 41 per
716 520 126 41 Esaiam
804 520 164 41 Prophetam
918 520 101 41 dicent

197 555 94 39 tem:
256 555 94 39 Ecce
315 555 118 39 servus
397 555 94 39 ille
456 555 106 39 meus,
527 555 94 39 quem
586 555 118 39 elegi:
668 555 141 39 dilectus
774 555 94 39 ille
833 555 106 39 meus,
903 555 71 39 in
939 555 82 39 quo
974 555 47 39 ad

202 587 161 41 quiescit
323 587 121 41 anima
403 587 108 41 mea,
470 587 121 41 ponam
551 587 161 41 Spiritum
672 587 108 41 meum
739 587 121 41 super
820 587 108 41 eum,
887 587 67 41 &
901 587 134 41 judicium

209 620 152 33 Gentibus
323 620 203 33 annunciabit.
488 620 89 33 Non
538 620 177 33 litigabit,
678 620 114 33 neque
754 620 190 33 clamitabit,
905 620 114 33 neque
969 620 63 33 au¬-

210 651 101 35 diet
274 651 152 35 quisquam
387 651 76 35 in
425 651 139 35 plateis
526 651 114 35 vocem
602 651 114 35 ejus.
678 651 76 35 Et
715 651 139 35 honores
816 651 152 35 mundanos
930 651 88 35 non
968 651 63 35 am¬-

207 686 139 41 biebat,
308 686 88 41 sed
359 686 164 41 fugiebat:
485 686 88 41 nam
535 686 101 41 quum
598 686 114 41 plebs
674 686 114 41 illum
750 686 164 41 voluisset
876 686 114 41 regem
939 686 101 41 facere

209 717 154 45 mundanum
325 717 103 45 post
389 717 128 45 editum
479 717 167 45 miraculum
607 717 257 45 multiplicationis
826 717 128 45 panum,
903 717 128 45 secessit

210 753 70 38 in
245 753 117 38 montem
327 753 105 38 solus
398 753 105 38 ipse,
468 753 117 38 Johan.
550 753 70 38 6.
585 753 70 38 v.
620 753 82 38 15.
667 753 59 38 &
690 753 94 38 quum
749 753 105 38 ipsum
819 753 176 38 hortarentur
948 753 70 38 frae

208 783 102 44 tres
272 783 89 44 seu
323 783 140 44 cognati
425 783 140 44 ipsius,
527 783 76 44 ut
565 783 76 44 in
603 783 140 44 Judaeam
705 783 102 44 iret
769 783 191 44 Jerosolymam
922 783 64 44 &
934 783 115 44 seipsum

206 817 115 53 mundo
283 817 217 53 manifestaret,
462 817 141 53 stultis
564 817 141 53 ipsorum
666 817 115 53 votis
743 817 128 53 minime
833 817 179 53 obsequurus
960 817 77 53 est,

211 856 94 47 Johan.
276 856 56 47 7.
305 856 56 47 v.
333 856 56 47 3,
361 856 56 47 4,
389 856 56 47 5,
418 856 56 47 6,
446 856 56 47 7.
474 856 56 47 8,
493 856 28 47 9

264 883 94 41 III.
323 883 94 41 Quia
382 883 59 41 a
405 883 94 41 vere
464 883 153 41 fidelibus
582 883 153 41 repudiata
699 883 71 41 ac
734 883 141 41 neglecta
840 883 106 41 fuit:
911 883 71 41 ut
946 883 59 41 a
958 883 82 41 Mose¬-

212 918 101 43 Hebr.
279 918 79 43 11.
324 918 67 43 v.
358 918 79 43 24.
403 918 90 43 item
459 918 56 43 a
481 918 112 43 Paulo,
560 918 79 43 qui
605 918 79 43 ait
650 918 67 43 1.
684 918 124 43 Corinth
774 918 67 43 4.
807 918 67 43 v.
841 918 67 43 3.
875 918 90 43 Mihi
931 918 90 43 vero
976 918 56 43 pro

210 957 123 37 minimo
296 957 98 37 est,
357 957 98 37 quod
418 957 61 37 a
443 957 110 37 vobis
516 957 172 37 dijudicet,
651 957 86 37 aut
700 957 74 37 ab
737 957 123 37 humano
823 957 147 37 judicio;
933 957 86 37 imo
970 957 61 37 nec

213 986 93 43 ipse
272 986 70 43 me
306 986 151 43 dijudico.
423 986 81 43 Sic
469 986 70 43 1.
504 986 140 43 Thessal.
609 986 70 43 2.
644 986 70 43 v.
679 986 70 43 6.
713 986 105 43 Neque
783 986 70 43 ex
818 986 151 43 hominibus
923 986 116 43 quaeren¬-

210 1021 82 43 tes
245 1021 117 43 gloriam.

243 1047 86 43 IV.
292 1047 98 43 Quia
353 1047 62 43 a
378 1047 86 43 Deo
427 1047 209 43 reprehenditur
599 1047 74 43 in
636 1047 185 43 Israelitis,
784 1047 86 43 qui
833 1047 74 43 ut
870 1047 98 43 sibi
932 1047 111 43 nomen
993 1047 37 43 &

215 1082 118 40 famam
293 1082 196 40 compararent
450 1082 118 40 inter
529 1082 131 40 Gentes
620 1082 65 40 &
647 1082 105 40 apud
712 1082 118 40 illos
791 1082 78 40 in
830 1082 131 40 honore
908 1082 118 40 haberem

207 1121 95 40 tur,
267 1121 190 40 idololatriam
421 1121 131 40 illarum
516 1121 131 40 amplexi
611 1121 119 40 erant,
694 1121 119 40 Ezech.
777 1121 83 40 16.
825 1121 71 40 v.
848 1121 48 40 15

270 1148 74 45 V.
307 1148 99 45 Quia
368 1148 74 45 ei
405 1148 148 45 praestat
516 1148 62 45 &
541 1148 185 45 praeferenda
689 1148 86 45 est
738 1148 136 45 infamia
837 1148 111 45 atque
898 1148 148 45 ignominia,

207 1186 139 36 Christi
309 1186 127 36 causa,
397 1186 101 36 quam
461 1186 152 36 perferre
575 1186 127 36 parati
664 1186 101 36 esse
727 1186 152 36 debemus.
841 1186 89 36 Sic
892 1186 101 36 enim
955 1186 114 36 jubet

217 1220 160 41 Scriptura,
342 1220 103 41 Hebr.
410 1220 80 41 13.
456 1220 68 41 v.
490 1220 80 41 13.
536 1220 57 41 &
558 1220 137 41 invitant
661 1220 137 41 exempla,
764 1220 114 41 veluti
843 1220 114 41 Mosis,
923 1220 103 41 Hebr.
980 1220 57 41 11.

206 1258 77 41 v.
245 1258 90 41 26.
296 1258 115 41 Pauli
373 1258 64 41 &
399 1258 141 41 aliorum
501 1258 192 41 Apostolorum
655 1258 64 41 &
668 1258 141 41 fidelium.

245 1277 85 54 VI.
294 1277 97 54 Quia
354 1277 134 54 efficit
452 1277 73 54 ut
488 1277 134 54 Christo
586 1277 183 54 displiceas.
732 1277 73 54 Si
768 1277 122 54 adhuc,
853 1277 122 54 inquit
926 1277 110 54 Apostol

215 1320 105 35 Galat
285 1320 70 35 1.
320 1320 70 35 v.
355 1320 82 35 10.
402 1320 152 35 hominibus
518 1320 152 35 placerem,
635 1320 128 35 Christi
728 1320 117 35 servus
810 1320 82 35 non
856 1320 117 35 essem.
938 1320 128 35 Desiit,

208 1353 84 40 imo
256 1353 121 40 noluit
341 1353 133 40 placere
437 1353 157 40 hominibus
558 1353 121 40 vanis,
642 1353 72 40 ut
678 1353 133 40 Christi
775 1353 121 40 servus
859 1353 121 40 esset.
944 1353 84 40 Per
980 1353 60 40 bo¬-

213 1392 88 37 nam
264 1392 114 37 famam
340 1392 63 37 &
365 1392 126 37 malam,
454 1392 139 37 Christi
555 1392 114 37 miles
631 1392 164 37 graditur,
757 1392 88 37 nec
807 1392 114 37 laude
883 1392 177 37 extollitur

212 1423 88 38 nec
263 1423 215 38 vituperatione
440 1423 177 38 frangitur:
579 1423 88 38 non
629 1423 152 38 divitiis
743 1423 126 38 tumet,
831 1423 88 38 non
882 1423 189 38 contrahitur

219 1454 182 43 paupertate:
364 1454 61 43 &
389 1454 109 43 laeta
462 1454 158 43 contemnit
583 1454 61 43 &
607 1454 133 43 tristia
704 1454 121 43 ambit.
789 1454 97 43 Cave
850 1454 133 43 igitur,
947 1454 73 43 ne
971 1454 85 43 homi¬-

212 1496 91 34 num
264 1496 182 34 rumusculos
407 1496 182 34 aucuperis,
551 1496 78 34 ne
590 1496 156 34 offensam
707 1496 104 34 Dei,
772 1496 169 34 populorum
903 1496 117 34 laude
968 1496 78 34 com¬-

207 1529 134 37 mutes.
300 1529 134 37 Quanto
394 1529 134 37 satius
488 1529 107 37 est,
555 1529 107 37 Deum
622 1529 134 37 habere
716 1529 174 37 fautorem,
850 1529 107 37 quam
904 1529 134 37 homines.

271 1555 145 41 Virtuti
377 1555 172 41 moderanti
509 1555 198 41 cupiditatem
668 1555 145 41 gloriae
773 1555 66 41 &
800 1555 145 41 honorum
892 1555 159 41 opponitur:

212 1588 135 44 ambitio
310 1588 61 44 &
322 1588 159 44 αφιλοlικιη,

245 1617 153 46 AMBITIO,
360 1617 153 46 φιλσεμια
474 1617 153 46 vitiosa,
588 1617 89 46 est
639 1617 127 46 vitium
728 1617 89 46 seu
779 1617 140 46 studium
881 1617 114 46 vanae
944 1617 102 46 laudis

207 1661 102 34 apud
271 1661 153 34 homines,
385 1661 115 34 nempe
462 1661 102 34 quum
525 1661 102 34 quis
589 1661 89 34 aut
640 1661 165 34 indebitos
767 1661 140 34 honores
869 1661 153 34 venatur,
983 1661 89 34 aut

219 1688 133 35 propter
316 1688 145 35 officium
425 1688 85 35 aut
473 1688 97 35 dona
534 1688 97 35 sibi
595 1688 61 35 a
619 1688 85 35 Deo
667 1688 145 35 concessa
776 1688 85 35 aut
825 1688 133 35 propter
922 1688 121 35 factum
995 1688 48 35 a¬-

210 1725 121 35 liquod
295 1725 170 35 praeclarum
428 1725 97 35 sese
489 1725 121 35 effert
573 1725 61 35 &
598 1725 158 35 ostentat,
719 1725 145 35 aliosque
828 1725 97 35 prae
888 1725 73 35 se
913 1725 133 35 contemnit

213 1754 66 41 &
239 1754 171 41 negligit,
371 1754 66 41 &
397 1754 145 41 quaerit
502 1754 145 41 honores
608 1754 118 41 atque
687 1754 171 41 applausum
818 1754 145 41 hominum
924 1754 92 41 non
963 1754 79 41 stu¬-

217 1788 82 38 dio
264 1788 129 38 gloriae
358 1788 82 38 Dei
406 1788 82 38 aut
453 1788 129 38 salutis
547 1788 177 38 proximorum,
688 1788 82 38 sed
735 1788 165 38 cupiditate
864 1788 106 38 supra
935 1788 106 38 alios
994 1788 47 38 e¬-

213 1827 134 33 minendi
310 1827 61 33 &
334 1827 146 33 divitias
444 1827 122 33 amplas
529 1827 195 33 consequendi.
687 1827 73 33 Ut
724 1827 158 33 Pharisaei
845 1827 109 33 erant
918 1827 146 33 ambitio¬

207 1860 70 40 si
242 1860 70 40 in
277 1860 139 40 precibus
381 1860 58 40 &
404 1860 174 40 eleemosynis
544 1860 162 40 faciendis,
671 1860 70 40 ut
706 1860 93 40 fama
764 1860 174 40 sanctitatis
903 1860 104 40 supra
961 1860 81 40 alios

215 1894 164 34 cminerent
342 1894 63 34 &
367 1894 76 34 ut
405 1894 126 34 amplas
493 1894 152 34 divitias
607 1894 240 34 consequerentur.
809 1894 88 34 Ita
859 1894 101 34 nunc
922 1894 101 34 sunt
973 1894 63 34 Mo¬-

213 1928 116 40 nachi,
295 1928 58 40 &
318 1928 140 40 inprimis
423 1928 151 40 Jesuitae,
539 1928 82 40 qui
586 1928 163 40 gloriantur
714 1928 70 40 se
749 1928 175 40 disciplinas
889 1928 128 40 tradere
970 1928 70 40 GRA¬-

219 1961 102 41 TIS.
283 1961 89 41 Sic
334 1961 127 41 Mirjam
423 1961 114 41 Mosis
499 1961 114 41 soror
575 1961 64 41 &
601 1961 114 41 Aaron
677 1961 165 41 ambitione
804 1961 165 41 peccarunt
931 1961 89 41 NU.
969 1961 64 41 IX.

246 1990 85 47 Est
282 1990 134 47 fugienda,

247 2013 69 48 I.
281 2013 92 48 Quia
338 2013 57 48 a
361 2013 80 48 Deo
407 2013 172 48 prohibetur,
544 2013 92 48 Gal.
602 2013 69 48 5.
636 2013 69 48 v.
670 2013 80 48 26.
716 2013 69 48 Ne
751 2013 103 48 simus
819 2013 115 48 inanis
900 2013 126 48 gloriae
980 2013 57 48 cu¬-

204 2061 100 45 pidi,
271 2061 89 45 alij
326 2061 100 45 alios
393 2061 178 45 provocantes,
537 2061 89 45 alij
593 2061 100 45 alijs
649 2061 145 45 invidentes.

247 2091 79 40 II.
292 2091 91 40 Quia
349 2091 79 40 res
394 2091 114 40 alias,
474 2091 91 40 quae
530 2091 136 40 alioquin
633 2091 79 40 Deo
678 2091 136 40 probatae
780 2091 148 40 fuissent,
894 2091 125 40 irritas
973 2091 57 40 co¬-

205 2121 85 44 tam
254 2121 85 44 Deo
302 2121 122 44 facit,
388 2121 122 44 veluti
473 2121 195 44 cleemosynas,
632 2121 134 44 preces,
729 2121 146 44 jejunia,
839 2121 122 44 Matth.
924 2121 73 44 6.
949 2121 85 44 Opti¬-

207 2159 73 41 ma
243 2159 134 41 quaeque
341 2159 134 41 vitiat,
438 2159 195 41 honestissima
596 2159 134 41 quaeque
693 2159 158 41 deformat,
815 2159 73 41 ac
851 2159 170 41 suavissimi
973 2159 73 41 odo¬-

208 2191 81 42 ris
255 2191 162 42 sacrificia
382 2191 128 42 foetere
475 2191 104 42 facit
545 2191 104 42 coram
603 2191 104 42 Domino.

242 2213 95 54 III.
301 2213 95 54 Quia
361 2213 107 54 illam
432 2213 95 54 vere
491 2213 119 54 sancti
574 2213 59 54 &
598 2213 131 54 fideles
693 2213 131 54 homines
788 2213 142 54 solicite
895 2213 154 54 fugerunt,
1002 2213 47 54 ut

216 2260 125 40 David.,
307 2260 103 40 Psal.
375 2260 91 40 131.
432 2260 114 40 Paulus
512 2260 159 40 Apostolus,
637 2260 68 40 1.
671 2260 91 40 Cor.
728 2260 68 40 1.
762 2260 68 40 v.
797 2260 80 40 14.
842 2260 57 40 &
854 2260 159 40 sequentibus.

243 2281 87 56 IV.
292 2281 99 56 Quia
354 2281 161 56 divinitus
478 2281 211 56 reprehenditur
652 2281 74 56 in
689 2281 136 56 quovis.
788 2281 87 56 Sic
837 2281 173 56 reprehensa
961 2281 87 56 fuit.

202 2325 67 36 in
235 2325 156 36 discipulis
358 2325 134 36 Christi,
458 2325 89 36 Luc.
514 2325 67 36 9.
547 2325 67 36 v.
569 2325 56 36 46.

251 2347 82 55 V.
292 2347 110 55 Quia
361 2347 96 55 non
416 2347 137 55 potest
512 2347 137 55 latere
608 2347 164 55 Christum
731 2347 164 55 Dominum,
854 2347 151 55 etiamsi
950 2347 96 55 homi¬-

217 2396 100 39 nibus
284 2396 78 39 non
328 2396 100 39 esset
395 2396 156 39 perspecta,
518 2396 89 39 Luc.
574 2396 67 39 9.
607 2396 67 39 v.
629 2396 56 39 47.

273 2414 84 52 VI.
321 2414 96 52 Quia
381 2414 72 52 ab
416 2414 96 52 illa
476 2414 120 52 arcere
560 2414 84 52 nos
608 2414 108 52 debet
679 2414 108 52 etiam
751 2414 143 52 intuitus
859 2414 60 52 &
871 2414 167 52 consideratis

207 2456 139 41 infantum
312 2456 81 41 qui
358 2456 93 41 sunt
416 2456 70 41 ab
451 2456 151 41 ambitione
567 2456 127 41 alieni,
659 2456 104 41 Psal.
729 2456 93 41 131.
787 2456 70 41 v.
822 2456 70 41 2.
856 2456 104 41 Lucae
926 2456 70 41 9.
961 2456 93 41 ver.
1007 2456 58 41 47.

219 2491 83 39 Sic
267 2491 142 39 infantes
373 2491 95 39 sunt
432 2491 142 39 magistri
539 2491 59 39 &
562 2491 142 39 doctores
669 2491 130 39 senibus
764 2491 59 39 a
787 2491 130 39 Christo
870 2491 83 39 dati¬-

258 2524 98 39 VII.
319 2524 98 39 Quia
380 2524 135 39 impedit
478 2524 159 39 ingressum
601 2524 74 39 in
638 2524 123 39 regnum
723 2524 159 39 coelorum,
846 2524 110 39 Matt.
919 2524 86 39 18.
968 2524 74 39 v.
993 2524 49 39 3.

261 2554 112 42 VIII.
335 2554 99 42 Quia
397 2554 124 42 poenas
484 2554 112 42 etiam
559 2554 75 42 in
596 2554 87 42 hac
646 2554 99 42 vita
708 2554 162 42 attrahit.
833 2554 137 42 Comitem
932 2554 99 42 enim
982 2554 62 42 ha¬-

210 2589 83 45 bet
258 2589 131 45 ruinam,
353 2589 107 45 sicut
424 2589 131 45 Dominus
519 2589 83 45 ait
567 2589 119 45 Matth.
650 2589 83 45 23.
697 2589 71 45 v.
733 2589 83 45 12.
781 2589 83 45 Qui
828 2589 95 45 sese
888 2589 154 45 extollit,
994 2589 48 45 de

198 2629 143 46 primetur.

256 2645 80 51 IX.
301 2645 92 51 Quia
359 2645 137 51 indicium
462 2645 80 51 est
507 2645 218 51 incredulitatis:
691 2645 69 51 ut
725 2645 114 51 videre
805 2645 80 51 est
851 2645 69 51 in
885 2645 149 51 fratribus
988 2645 69 51 seu¬-

215 2690 155 42 cognatis
331 2690 155 42 Christi,
447 2690 90 42 qui
499 2690 168 42 ambitioni
628 2690 181 42 studebant,
770 2690 103 42 quia
835 2690 90 42 non
886 2690 168 42 credebant
1002 2690 52 42 in

223 2728 139 50 Christum,
330 2728 107 50 Johan.
405 2728 64 50 7.
437 2728 64 50 v.
469 2728 64 50 3.
491 2728 64 50 4,1.

514 2764 132 63 Contra
593 2764 158 63 objicitur:

255 2818 75 43 I.
292 2818 137 43 Honores
392 2818 100 43 sunt
454 2818 137 43 praemia
554 2818 162 43 virtutum:
678 2818 100 43 Ergo
740 2818 100 43 sunt
803 2818 162 43 fidelibus
915 2818 137 43 ambiendi.

250 2861 124 34 RESP.
333 2861 124 34 Primo
415 2861 124 34 major
498 2861 138 34 omissa
594 2861 165 34 negatur,
718 2861 124 34 nempe
800 2861 151 34 praemia
910 2861 165 34 virtutum

222 2888 99 46 esse
284 2888 161 46 fidelibus
407 2888 161 46 ambienda:
531 2888 136 46 negatur
630 2888 124 46 inquam
717 2888 99 46 haec
779 2888 173 46 propositio
915 2888 99 46 sive
964 2888 87 46 ipsa:

216 2919 156 43 virtutes,
336 2919 96 43 sive
396 2919 132 43 homines
492 2919 84 43 eis
540 2919 132 43 ornatos
636 2919 144 43 spectes.
743 2919 132 43 Pessime
839 2919 120 43 quippe
923 2919 84 43 cum
959 2919 96 43 utris¬-

223 2954 90 39 que
275 2954 168 39 ageretur,
404 2954 77 39 si
442 2954 90 39 non
494 2954 116 39 alium
571 2954 129 39 finem,
661 2954 103 39 quam
726 2954 142 39 praemia
829 2954 116 39 hujus
906 2954 116 39 mundi
984 2954 64 39 &
996 2954 52 39 in

226 2987 91 39 hoc
278 2987 130 39 mundo,
369 2987 208 39 praestitutum
538 2987 169 39 haberent.
669 2987 117 39 Atqui
747 2987 143 39 bonorum
851 2987 143 39 virorum
955 2987 65 39 &
968 2987 78 39 vir¬-

220 3021 108 44 turum
292 3021 108 44 finis
365 3021 145 44 proximus
473 3021 84 44 est
521 3021 96 44 vita
582 3021 145 44 aeterna;
690 3021 145 44 ultimus,
798 3021 121 44 gloria
871 3021 60 44 Dei

260 3056 136 38 Secundo
359 3056 111 38 minor
433 3056 87 38 est
482 3056 173 38 limitanda:
618 3056 87 38 nec
668 3056 99 38 enim
730 3056 124 38 accipi
816 3056 111 38 debet
890 3056 87 38 quo
940 3056 74 38 ad
964 3056 87 38 ipsas

229 3085 146 39 virtutes,
341 3085 79 39 nec
386 3085 79 39 quo
431 3085 68 39 ad
465 3085 79 39 eos
510 3085 79 39 qui
555 3085 79 39 eis
600 3085 113 39 ornati
679 3085 101 39 sunt,
747 3085 79 39 sed
792 3085 79 39 quo
837 3085 68 39 ad
871 3085 113 39 alios,
950 3085 79 39 qui
983 3085 68 39 dona

223 3117 93 38 DEI
276 3117 80 38 in
316 3117 172 38 hominibus
448 3117 133 38 probis
541 3117 159 38 cernunt,
660 3117 172 38 admiratur
793 3117 66 38 &
819 3117 225 38 magnifaciunt,
991 3117 80 38 cum¬-

229 3153 82 41 que
276 3153 106 41 illis
347 3153 129 41 cupiant
441 3153 129 41 aliquid
535 3153 129 41 offerre
629 3153 82 41 seu
676 3153 165 41 rependere,
806 3153 71 41 ac
841 3153 106 41 nihil
912 3153 129 41 habeant
994 3153 59 41 ho¬-

234 3189 96 37 nore
294 3189 203 37 praestantius,
461 3189 107 37 illum
521 3189 131 37 exhibento

1109 136 83 51 II.
1156 136 106 51 Licet
1227 136 153 51 fidelibus
1345 136 94 51 suas
1404 136 142 51 virtutes
1510 136 153 51 magnifice
1616 136 142 51 praedicare

1105 179 104 38 Ergo
1170 179 117 38 etiam
1248 179 143 38 honores
1352 179 143 38 ambire.
1456 179 182 38 Antecedens
1598 179 156 38 probatur
1715 179 156 38 exemplis
1819 179 78 38 san¬-

1075 213 113 39 ctorum
1154 213 79 39 qui
1199 213 68 39 se
1233 213 124 39 laudant
1323 213 102 39 ipsi,
1391 213 68 39 ut
1424 213 124 39 Samuel,
1515 213 68 39 I.
1548 213 90 39 Sam.
1605 213 79 39 12.
1650 213 68 39 v.
1684 213 68 39 5.
1718 213 102 39 David
1785 213 102 39 Psal.
1842 213 56 39 18.

1077 250 59 48 &
1101 250 94 48 119.
1160 250 59 48 &
1183 250 130 48 passim.
1277 250 141 48 Ezechias
1383 250 71 48 2.
1419 250 94 48 Reg:
1478 250 82 48 20.
1525 250 71 48 v.
1560 250 71 48 3.
1596 250 118 48 Paulus
1678 250 153 48 Apostolus
1796 250 71 48 in
1819 250 71 48 epi¬-

1079 279 113 43 stolis
1158 279 68 43 ad
1181 279 147 43 Corinthios:

1117 309 120 45 RESP.
1196 309 160 45 Cavendum
1316 309 80 45 ne
1356 309 199 45 simplicicer
1516 309 199 45 accipiamus,
1675 309 106 45 quod
1742 309 133 45 tantum
1822 309 66 45 se¬-

1083 348 113 38 undum
1159 348 101 38 quid
1222 348 113 38 verum
1297 348 101 38 est.
1360 348 88 38 Nam
1410 348 138 38 fideles
1511 348 88 38 cum
1561 348 101 38 suas
1624 348 151 38 virtutes
1737 348 151 38 videntur
1838 348 63 38 ma¬-

1077 384 131 41 gnifice
1172 384 179 41 praedicare,
1316 384 83 41 non
1363 384 155 41 ostentant
1483 384 83 41 aut
1530 384 155 41 venditant
1650 384 95 41 eas:
1709 384 119 41 sciunt
1793 384 95 41 enim
1840 384 60 41 eas

1083 417 94 43 esse
1142 417 94 43 dona
1201 417 94 43 Dei,
1259 417 70 43 se
1295 417 106 43 autem
1365 417 106 43 ipsos
1435 417 141 43 vitiatos
1541 417 59 43 &
1564 417 117 43 multis
1647 417 106 43 modis
1717 417 153 43 corruptos
1823 417 70 43 esse

1086 449 119 37 Deinde
1169 449 166 37 agnoscunt,
1299 449 83 37 eas
1347 449 95 37 sibi
1406 449 107 37 datas
1477 449 107 37 esse,
1548 449 83 37 non
1596 449 119 37 tantum
1679 449 83 37 sua
1726 449 130 37 ipsorum
1809 449 83 37 causa

1080 483 84 35 sed
1128 483 107 35 etiam
1199 483 131 35 populi,
1295 483 72 35 ut
1331 483 167 35 provideant
1462 483 60 35 &
1486 483 119 35 curent
1570 483 96 35 quae
1629 483 96 35 sunt
1689 483 107 35 aliis
1749 483 155 35 necessaria.

1080 516 118 33 Tertio
1163 516 118 33 sciunt
1245 516 59 33 &
1269 516 153 33 agnoscunt
1387 516 71 33 se
1422 516 82 33 non
1469 516 189 33 satisfecisse
1622 516 94 33 Legi
1681 516 94 33 Dei,
1740 516 82 33 nec
1787 516 106 33 posse
1846 516 59 33 co¬-

1071 549 87 37 tam
1120 549 87 37 Deo
1170 549 75 37 in
1208 549 137 37 judicio
1307 549 100 37 ejus
1370 549 187 37 subsistere:
1519 549 100 37 ideo
1581 549 75 37 ut
1619 549 75 37 in
1656 549 100 37 loco
1719 549 150 37 exponunt
1818 549 75 37 bon¬-

1078 584 90 34 sua,
1134 584 79 34 ita
1179 584 101 34 alias
1246 584 79 34 non
1291 584 169 34 dissimulant
1426 584 90 34 mala
1482 584 90 34 sua.
1538 584 67 34 At
1572 584 67 34 si
1606 584 79 34 cum
1651 584 169 34 adversariis
1786 584 90 34 suis
1831 584 67 34 con¬-

1083 616 151 34 ferantur,
1200 616 81 34 non
1246 616 140 34 dubitant
1351 616 70 34 se
1386 616 105 34 etiam
1456 616 105 34 coram
1525 616 81 34 Deo
1572 616 93 34 fore
1630 616 105 34 illis
1700 616 174 34 superiores.
1828 616 58 34 De¬-

1080 650 94 33 inde
1139 650 117 33 volunt
1221 650 82 33 sua
1268 650 94 33 vita
1326 650 164 33 illustrari
1455 650 129 33 gloriam
1549 650 94 33 Dei.
1608 650 152 33 Praeterea
1725 650 117 33 volunt
1807 650 82 33 suo
1842 650 47 33 ex

1085 686 115 32 emplo
1162 686 115 32 alios
1239 686 154 32 incitari
1354 686 77 32 ad
1393 686 90 32 pie
1444 686 154 32 recteque
1559 686 166 32 vivendum.
1687 686 128 32 Adhaec
1764 686 128 32 commemo¬-

1081 716 93 42 rant
1140 716 105 42 facta
1209 716 93 42 sua,
1267 716 81 42 non
1314 716 70 42 ut
1349 716 70 42 se
1384 716 163 42 praedicent
1512 716 93 42 apud
1570 716 116 42 alios,
1651 716 81 42 sed
1698 716 70 42 ut
1733 716 116 42 pondus
1814 716 116 42 addant

1087 749 143 36 doctrinae
1197 749 99 36 suae:
1263 749 77 36 nec
1308 749 88 36 sunt
1363 749 121 36 illorum
1451 749 121 36 falsae,
1539 749 77 36 aut
1583 749 110 36 vanae,
1660 749 77 36 aut
1705 749 132 36 ventosae
1804 749 121 36 oratio¬

1082 790 96 39 nes.
1142 790 132 39 Insuper
1239 790 108 39 agunt
1311 790 84 39 Deo
1359 790 132 39 gratias
1455 790 72 39 de
1491 790 108 39 donis
1564 790 108 39 suis,
1636 790 169 39 quotiesque
1769 790 72 39 ea
1805 790 72 39 in
1829 790 72 39 men¬-

1089 820 72 41 em
1125 820 156 41 revocant,
1245 820 120 41 toties
1329 820 156 41 incipiunt
1449 820 96 41 esse
1510 820 84 41 spe
1558 820 216 41 confirmatiore,
1738 820 96 41 Deum
1798 820 84 41 ita
1834 820 72 41 sibi

1088 856 152 36 perpetuo
1202 856 177 36 adfuturum.
1341 856 152 36 Postremo
1455 856 127 36 nolunt
1544 856 114 36 illam
1620 856 127 36 lucem,
1708 856 101 36 quam
1771 856 127 36 vident
1847 856 51 36 i1

1079 886 76 39 se
1117 886 64 39 a
1143 886 89 39 Deo
1194 886 153 39 accensam
1308 886 115 39 esse,
1385 886 102 39 abdi
1449 886 89 39 sub
1500 886 140 39 modium.
1601 886 102 39 Haec
1665 886 178 39 spectarunt
1792 886 115 39 Samuel,

1090 916 125 43 David,
1178 916 163 43 Ezechias,
1303 916 138 43 Paulus,
1403 916 88 43 qui
1453 916 163 43 nequaquam
1579 916 138 43 similes
1679 916 138 43 fuerunt
1766 916 138 43 Pharisaeo

1076 951 102 44 Luc.
1140 951 89 44 18.
1191 951 102 44 Quod
1254 951 76 44 ad
1292 951 89 44 rem
1343 951 114 44 ipsam
1419 951 152 44 attinet,
1534 951 102 44 idem
1597 951 89 44 sit
1648 951 64 44 &
1673 951 64 44 a
1699 951 89 44 pio
1750 951 64 44 &
1775 951 76 44 ab
1800 951 102 44 impio¬-

1087 992 96 43 quod
1147 992 107 43 tamen
1218 992 72 43 ab
1254 992 96 43 illo
1314 992 84 43 pie
1362 992 96 43 fit,
1421 992 72 43 ab
1457 992 96 43 isto
1517 992 119 43 impie.
1601 992 84 43 Nam
1648 992 84 43 duo
1696 992 84 43 cum
1744 992 131 43 faciunt
1827 992 84 43 idem,

1078 1018 83 40 non
1126 1018 83 40 est
1173 1018 119 40 illico
1245 1018 71 40 idem

1258 1046 144 66 Tantum
1358 1046 86 66 de
1401 1046 201 66 ambitione:
1560 1046 173 66 sequitur
1675 1046 58 66 de

1416 1088 143 49 ἄφιλolιμίσ

1131 1125 182 41 Aφιλολιμια
1274 1125 91 41 seu
1326 1125 169 41 contemtus
1456 1125 143 41 gloriae
1561 1125 65 41 &
1587 1125 156 41 honorum,
1704 1125 91 41 est
1756 1125 130 41 vitium
1834 1125 78 41 quum

1086 1160 98 43 quis
1147 1160 111 43 nullo
1221 1160 111 43 etiam
1295 1160 160 43 medioeris
1417 1160 135 43 gloriae
1516 1160 61 43 &
1540 1160 135 43 honoris
1639 1160 123 43 studio
1725 1160 147 43 ducitur,
1823 1160 86 43 quan¬-

1085 1193 125 41 tumvis
1173 1193 88 41 per
1223 1193 88 41 Dei
1274 1193 176 41 voluntatem
1411 1193 125 41 liceat
1499 1193 63 41 &
1524 1193 138 41 gloriae
1625 1193 88 41 Dei
1675 1193 226 41 Reipublicaeque
1850 1193 63 41 ra¬-

1084 1226 75 50 tio
1127 1226 64 50 id
1148 1226 96 50 exigat,

1118 1253 122 46 Caveri
1203 1253 122 46 debet.
1288 1253 73 46 1.
1325 1253 98 46 quia
1386 1253 171 46 ignominia,
1520 1253 134 46 dedecus
1618 1253 61 46 &
1642 1253 134 46 infamia
1739 1253 122 46 caveri
1813 1253 98 46 debet.

1093 1291 128 50 Caveri
1183 1291 115 50 autem
1260 1291 128 50 potest
1350 1291 154 50 fugiendo
1465 1291 141 50 peccata
1568 1291 64 50 a
1593 1291 90 50 Deo
1645 1291 180 50 prohibita,
1773 1291 128 50 in¬primi

1085 1329 220 49 irreligionem,
1266 1329 194 49 impietatem,
1421 1329 246 49 superstitionem,
1628 1329 168 49 contemtum
1758 1329 91 49 Dei
1809 1329 78 49 1.
1835 1329 65 49 Sam

1087 1364 68 38 2.
1121 1364 68 38 v.
1154 1364 79 38 30.
1199 1364 158 38 superbiam,
1324 1364 135 38 Proverb.
1425 1364 79 38 18.
1470 1364 68 38 v.
1493 1364 56 38 12.

1301 1433 317 57 CAPUT
1477 1433 211 57 XXX.

1288 1485 103 67 In
1339 1485 120 67 quo
1408 1485 103 67 de
1442 1485 273 67 Magnanimitate.

1095 1541 155 54 TPIRTUS
1207 1541 169 54 moderans
1334 1541 211 54 cupiditatem
1503 1541 155 54 gloriae
1616 1541 70 54 &
1644 1541 155 54 honorum
1756 1541 98 54 vel
1798 1541 113 54 magna¬-

1154 1580 120 49 nimitas
1241 1580 87 49 est,
1296 1580 76 49 vel
1329 1580 120 49 modestia.

1129 1606 245 55 MAGNANIMITAS,
1330 1606 216 55 μεγαλψυχια,
1503 1606 187 55 magnitudo
1648 1606 144 55 animi,
1748 1606 101 55 est
1792 1606 115 55 virtus

1100 1653 93 40 quae
1158 1653 70 40 ex
1193 1653 163 40 cognitione
1321 1653 128 40 officij
1414 1653 81 40 seu
1460 1653 128 40 gradus,
1553 1653 116 40 servat
1634 1653 197 40 convenientiam
1785 1653 128 40 personae,

1096 1687 172 41 dictorum,
1228 1687 198 41 factorumque
1386 1687 79 41 in
1426 1687 198 41 appetitione
1585 1687 92 41 vel
1638 1687 198 41 recusatione
1783 1687 132 41 magnorum

1082 1716 147 40 honorum,
1192 1716 86 40 vel
1241 1716 74 40 in
1278 1716 147 40 passione
1388 1716 147 40 repulsae
1499 1716 147 40 legitime
1609 1716 159 40 expetitis
1732 1716 123 40 magnis
1806 1716 110 40 honori¬-

1098 1754 98 41 bus,
1159 1754 123 41 tuendo
1245 1754 148 41 honestam
1356 1754 222 41 existimationem
1541 1754 111 41 atque
1615 1754 197 41 autoritatem,
1775 1754 74 41 ne
1799 1754 111 41 offici¬-

1090 1786 74 32 um
1127 1786 111 32 nobis
1201 1786 160 32 iniunctum
1324 1786 173 32 contumelia
1448 1786 160 32 afficiatur.

1140 1818 87 42 Aut
1189 1818 124 42 potest
1276 1818 112 42 etiam
1351 1818 87 42 hoc
1400 1818 112 42 pacto
1475 1818 161 42 definiri:
1599 1818 211 42 Magnanimiias,
1772 1818 87 42 est
1810 1818 99 42 virtus

1096 1853 94 41 quae
1155 1853 105 41 regit
1225 1853 152 41 desideria
1342 1853 70 41 in
1377 1853 117 41 magnis
1459 1853 152 41 honoribus
1576 1853 82 41 aut
1623 1853 141 41 legitime
1729 1853 176 41 expetendis,
1857 1853 59 41 aut

1091 1885 160 40 recusandis
1217 1885 103 40 etiam
1285 1885 69 40 si
1320 1885 172 40 offerantur,
1457 1885 80 40 aut
1503 1885 69 40 si
1537 1885 69 40 in
1571 1885 103 40 eorum
1640 1885 149 40 petitione
1755 1885 137 40 repulsam
1846 1885 69 40 pas¬-

1084 1917 69 38 si
1118 1917 114 38 simus,
1198 1917 114 38 susque
1278 1917 103 38 deque
1347 1917 149 38 ferendis,
1461 1917 80 38 aut
1507 1917 69 38 si
1541 1917 126 38 obtenti
1633 1917 92 38 sint
1690 1917 126 38 tuendis
1782 1917 69 38 ad
1816 1917 80 38 Dei
1850 1917 69 38 glo¬-

1087 1947 116 49 riam
1159 1947 72 49 &
1188 1947 145 49 humani
1289 1947 159 49 generis
1391 1947 159 49 commodum.

1126 1980 161 43 IOSEPHUS
1246 1980 187 43 Patriarcha
1393 1980 187 43 dignitatem
1540 1980 161 43 Proregis
1661 1980 147 43 AEgypti
1768 1980 174 43 suscepit,

1087 2014 103 42 quum
1151 2014 64 42 e
1177 2014 141 42 carcere
1280 2014 141 42 eductus
1383 2014 141 42 suisset
1485 2014 64 42 &
1511 2014 154 42 Pharaoni
1627 2014 141 42 somnium
1729 2014 206 42 explicuisset
1883 2014 39 42 &

1083 2054 162 37 consilium
1207 2054 137 37 publice
1307 2054 187 37 privatimque
1457 2054 175 37 profuturum
1595 2054 162 37 dedisset,
1720 2054 100 37 Gen.
1770 2054 62 37 41.

1125 2082 110 40 MOSES
1198 2082 85 40 jam
1247 2082 146 40 grandis,
1357 2082 85 40 per
1406 2082 110 40 fidem
1479 2082 122 40 renuit
1564 2082 122 40 vocari
1650 2082 122 40 filius
1735 2082 122 40 filiae
1808 2082 98 40 Pharao

1086 2116 100 40 nis:
1148 2116 124 40 Potius
1235 2116 149 40 eligens,
1347 2116 112 40 simul
1422 2116 112 40 malis
1496 2116 124 40 vexari
1583 2116 87 40 cum
1633 2116 124 40 populo
1720 2116 100 40 Dei,
1783 2116 100 40 quam
1832 2116 75 40 tem¬-

1095 2153 145 32 porariam
1204 2153 145 32 retinere
1313 2153 133 32 peccati
1409 2153 181 32 fruitionem:
1554 2153 133 32 Majores
1651 2153 121 32 ducens
1736 2153 145 32 divitias
1832 2153 73 32 pro¬-

1095 2189 98 36 brum
1156 2189 147 36 Christi,
1266 2189 98 36 quam
1328 2189 184 36 AEgyptiorum
1475 2189 172 36 thesauros,
1610 2189 110 36 Hebr.
1683 2189 86 36 11.
1732 2189 74 36 v.
1769 2189 86 36 24,
1818 2189 86 36 25,
1855 2189 61 36 26.

1112 2218 121 35 DAVID
1192 2218 202 35 affinitatem
1354 2218 121 35 Regis
1435 2218 135 35 Saulis
1529 2218 148 35 quamvis
1636 2218 67 35 a
1663 2218 108 35 Rege
1731 2218 121 35 ultro
1798 2218 121 35 oblatam

1093 2248 78 42 non
1138 2248 157 42 expetebat,
1261 2248 78 42 sed
1306 2248 157 42 recusabat,
1429 2248 67 42 1.
1462 2248 90 42 Sam.
1518 2248 78 42 18.
1563 2248 67 42 v.
1597 2248 78 42 18,
1641 2248 78 42 22,
1686 2248 78 42 23.
1731 2248 112 42 regiam
1798 2248 112 42 dignita.

1097 2283 84 39 tem
1145 2283 96 39 sibi
1205 2283 60 39 a
1229 2283 84 39 Deo
1277 2283 168 39 promissam,
1409 2283 84 39 cum
1457 2283 120 39 tempus
1540 2283 96 39 ejus
1600 2283 180 39 capessendae
1744 2283 156 39 divinitus
1852 2283 60 39 de¬-

1092 2314 146 40 stinatum
1202 2314 146 40 venisset
1311 2314 122 40 mortuo
1397 2314 122 40 Saule,
1482 2314 146 40 suscepit
1592 2314 73 40 in
1628 2314 98 40 urbe
1689 2314 146 40 Chebrone
1799 2314 61 40 &
1811 2314 98 40 regiam

1101 2349 173 32 defensionem
1240 2349 162 32 Israelitis
1367 2349 162 32 pollicitus
1495 2349 81 32 est
1541 2349 69 32 2.
1576 2349 93 32 Sam.
1633 2349 69 32 2.
1668 2349 104 32 vers.
1738 2349 116 32 primis
1807 2349 104 32 septem¬-

1086 2383 58 39 &
1110 2383 92 39 cap.
1167 2383 69 39 3.
1202 2383 92 39 ver.
1260 2383 81 39 13.
1306 2383 58 39 &
1329 2383 92 39 cap.
1387 2383 69 39 5.
1421 2383 69 39 Et
1456 2383 92 39 quum
1514 2383 104 39 esset
1583 2383 81 39 per
1629 2383 208 39 conspirationem
1791 2383 127 39 Absalonis

1095 2420 113 46 pulsus
1174 2420 113 46 regno,
1252 2420 146 46 expetivit
1365 2420 203 46 recuperationem
1534 2420 101 46 ejus,
1601 2420 68 46 2.
1635 2420 79 46 Sam
1680 2420 79 46 19.
1725 2420 68 46 v.
1759 2420 79 46 12,
1804 2420 79 46 13,
1838 2420 56 46 14.

1123 2448 135 47 DANIEL
1218 2448 190 47 acceptavit
1367 2448 190 47 dignitatem
1516 2448 108 47 sibi
1584 2448 163 47 tributam
1706 2448 68 47 a
1733 2448 108 47 Rege
1787 2448 122 47 Nebucad

1090 2483 126 40 netzare
1181 2483 115 40 Magno,
1262 2483 92 40 quin
1319 2483 57 40 &
1342 2483 115 40 amicis
1422 2483 92 40 suis
1479 2483 183 40 praefecturas
1628 2483 138 40 petivit,
1732 2483 92 40 Dan.
1789 2483 69 40 2.
1823 2483 69 40 v.
1846 2483 69 40 48,.

1091 2520 92 42 4P.
1143 2520 105 42 Idem
1209 2520 118 42 magno
1287 2520 118 42 animo
1366 2520 170 42 recusavit
1497 2520 118 42 primo
1575 2520 105 42 dona
1641 2520 79 42 ac
1680 2520 144 42 honores
1772 2520 144 42 amplissi¬-

1092 2556 90 29 mos
1144 2556 65 29 a
1170 2556 220 29 Beltschatzare
1350 2556 103 29 Rege
1415 2556 181 29 promissos:
1557 2556 129 29 postea
1648 2556 116 29 tamen
1725 2556 90 29 ita
1777 2556 129 29 omnino
1854 2556 65 29 vo¬-

1101 2587 101 45 ente
1164 2587 63 45 &
1189 2587 138 45 ediceme
1290 2587 101 45 Rege
1353 2587 151 45 admisit,
1466 2587 101 45 Dan.
1529 2587 75 45 5.
1567 2587 75 45 v.
1605 2587 88 45 17,
1655 2587 88 45 29.
1705 2587 63 45 &
1730 2587 88 45 sub
1781 2587 113 45 Dario
1844 2587 75 45 Medo

1090 2614 145 42 retinuit,
1202 2614 89 42 Dan.
1246 2614 45 42 6.

1117 2644 163 40 NECHEMIA
1240 2644 150 40 petivit
1349 2644 68 40 a
1376 2644 109 40 Rege
1444 2644 177 40 Artaxerxe
1580 2644 109 40 sibi
1648 2644 109 40 dari
1716 2644 191 40 facultatem
1853 2644 54 40 in

1096 2676 169 45 staurandae
1229 2676 266 45 urbisJerosolymorum
1458 2676 60 45 &
1482 2676 181 45 principatum
1627 2676 157 45 inJudaea,
1748 2676 133 45 Nechem.
1845 2676 72 45 2.
1869 2676 48 45 5.

1129 2713 173 43 JOHANNES
1258 2713 173 43 BAPTISTA
1388 2713 216 43 exspectante
1561 2713 144 43 populo
1662 2713 72 43 &
1691 2713 231 43 cogitantibus
1864 2713 43 43 o

1104 2755 116 31 mnibus
1185 2755 69 31 in
1220 2755 139 31 cordibus
1324 2755 93 31 suis
1382 2755 69 31 de
1417 2755 104 31 ipso,
1486 2755 116 31 numnam
1567 2755 93 31 ipse
1625 2755 104 31 esset
1694 2755 139 31 Christus
1798 2755 104 31 ille,
1856 2755 58 31 non

1107 2776 100 46 quit
1169 2776 100 46 sibi
1231 2776 150 46 arrogare
1343 2776 125 46 tantum
1431 2776 137 46 honorem
1530 2776 87 46 sed
1580 2776 137 46 ingenue
1680 2776 62 46 &
1705 2776 125 46 aperte
1780 2776 137 46 professus

1099 2812 85 38 est,
1153 2812 64 38 se
1184 2812 74 38 non
1227 2812 85 38 esse
1280 2812 128 38 Christum
1376 2812 106 38 illum,
1450 2812 85 38 Luc.
1503 2812 64 38 3.
1535 2812 64 38 v.
1567 2812 106 38 15,16.
1642 2812 106 38 Johan.
1716 2812 64 38 1.
1748 2812 64 38 v.
1780 2812 74 38 19,
1812 2812 53 38 20.

1131 2844 158 43 CHRISTUS
1249 2844 158 43 Servator
1368 2844 145 43 noster,
1474 2844 105 43 quum
1540 2844 132 43 nosset
1632 2844 158 43 venturus
1751 2844 145 43 Judaeos
1843 2844 79 43 quos

1096 2875 164 55 miraculose
1225 2875 141 55 paverat,
1331 2875 59 55 &
1355 2875 70 55 se
1390 2875 164 55 abrepturos
1519 2875 70 55 ut
1554 2875 141 55 facerent
1660 2875 70 55 se
1695 2875 117 55 regem,
1777 2875 141 55 secessit
1871 2875 47 55 in

1091 2913 116 47 montem
1173 2913 105 47 solus
1243 2913 105 47 ipse,
1313 2913 105 47 Johan
1383 2913 70 47 6.
1417 2913 70 47 v.
1441 2913 58 47 15.

1130 2941 120 46 SAMUEL
1214 2941 120 46 cessit
1298 2941 228 46 administratione
1490 2941 180 46 Rcipublicae
1633 2941 192 46 Israeliticae
1789 2941 60 46 &
1801 2941 120 46 ipsemet.

1109 2975 113 39 Saulem
1188 2975 102 39 unxit
1256 2975 68 39 in
1289 2975 113 39 regem,
1369 2975 68 39 1.
1402 2975 90 39 Sam.
1459 2975 79 39 10.
1504 2975 90 39 ver.
1561 2975 79 39 11.
1606 2975 56 39 &
1628 2975 79 39 11.
1673 2975 79 39 nec
1719 2975 113 39 desiit
1786 2975 136 39 supplicare

1107 3012 120 39 ehovae
1191 3012 84 39 pro
1239 3012 168 39 Israelitis
1370 3012 60 39 &
1394 3012 168 39 instituere
1526 3012 84 39 eos
1574 3012 72 39 in
1610 3012 84 39 via
1658 3012 120 39 optima
1741 3012 60 39 &
1753 3012 156 39 rectissima,

1106 3049 82 41 Sam.
1157 3049 71 41 12.
1198 3049 61 41 v.
1228 3049 71 41 25,
1259 3049 51 41 26.

1139 3067 146 53 ONATHAN
1245 3067 133 53 silius
1338 3067 133 53 Saulis
1430 3067 119 53 magno
1510 3067 119 53 animo
1590 3067 133 53 tulit,
1682 3067 133 53 regnum
1775 3067 133 53 patris
1855 3067 66 53 sui

1101 3113 86 38 non
1150 3113 74 38 ad
1187 3113 74 38 se
1224 3113 197 38 continuatum,
1384 3113 86 38 sed
1433 3113 74 38 ad
1470 3113 135 38 Davidem
1568 3113 172 38 translatum
1704 3113 98 38 iri,
1765 3113 74 38 2.
1802 3113 98 38 Sam.
1851 3113 62 38 20.

1100 3145 48 48 &
1120 3145 76 48 cap.
1167 3145 67 48 23.
1206 3145 57 48 v.
1234 3145 67 48 16,
1273 3145 67 48 17,
1301 3145 48 48 11.

1133 3167 67 60 .
1159 3167 148 60 Portius
1267 3167 121 60 Cato,
1347 3167 107 60 quum
1415 3167 175 60 Praeturam
1549 3167 201 60 petivisset,
1710 3167 67 60 &
1737 3167 161 60 Caesare,
1844 3167 81 60 Pom¬
