2063 3425
254 213 110 53 Istae
327 213 110 53 primi
401 213 61 53 &
425 213 135 53 secundi
523 213 110 53 libri
597 213 196 53 Machabaeorum
756 213 172 53 antilogiae
891 213 86 53 tam
928 213 74 53 sunt

202 253 168 40 manifestae,
336 253 67 40 ut
370 253 101 40 nulla
437 253 123 40 possint
527 253 90 40 vera
583 253 157 40 defensione
706 253 157 40 conciliari
830 253 123 40 retenta
908 253 90 40 Latine

198 287 151 38 versione
312 287 139 38 Vulgata
413 287 63 38 a
438 287 176 38 Tridentina
576 287 126 38 Synodo
664 287 189 38 appprobata.
816 287 101 38 Ista
879 287 126 38 igitur
954 287 38 38 o

203 321 92 36 mnia
260 321 92 36 quum
317 321 80 36 tam
363 321 92 36 male
421 321 103 36 inter
490 321 69 36 se
524 321 172 36 cohaereant,
662 321 149 36 manifesta
777 321 126 36 indicia
857 321 138 36 falsitatis

207 357 158 42 praebent,
329 357 158 42 librisque
450 357 195 42 Machabaeorum
609 357 134 42 divinam
706 357 158 42 veritatem
828 357 85 42 non
864 357 134 42 continer-

199 389 147 43 evincunt.
312 389 91 43 Haec
369 389 125 43 secunda
459 389 79 43 est
493 389 91 43 ratio-

254 410 117 53 TERTIA
336 410 106 53 RATIO
407 410 94 53 est,
466 410 94 53 quia
524 410 106 53 libri
595 410 94 53 isti
653 410 176 53 controversi
794 410 82 53 res
841 410 164 53 fabulosas,
959 410 35 53 &

196 453 74 43 ab
233 453 161 43 historica
356 453 99 43 fide
418 453 136 43 alienas
517 453 173 43 continent.
653 453 87 43 Nam
702 453 74 43 de
739 453 210 43 adjectionibus
912 453 74 43 ad
937 453 62 43 Da-

203 489 127 32 nielem
292 489 177 32 Hieronymus
431 489 114 32 ipse,
507 489 76 32 in
545 489 101 32 hunc
609 489 114 32 modum
685 489 190 32 praefatione
837 489 76 32 in
862 489 127 32 Danielen

196 520 141 42 scribit:
302 520 118 42 Daniel
385 520 94 42 apad
444 520 141 42 Hebraeos
550 520 83 42 nec
597 520 130 42 Susanna
691 520 106 42 habet
762 520 165 42 historiam,
892 520 83 42 nec
927 520 71 42 hym-

204 553 82 39 num
251 553 106 39 trium
322 553 153 39 puerorum,
440 553 82 39 nec
487 553 106 39 Belis
557 553 177 39 Draconisque
699 553 141 39 fabulas:
805 553 94 39 quas
864 553 94 39 nos,
922 553 94 39 quid

196 584 68 35 in
230 584 91 35 toto
286 584 91 35 orbe
343 584 147 35 dispersae
456 584 102 35 sunt,
524 584 91 35 veru
581 584 158 35 anteposito
705 584 113 35 easque
784 584 147 35 jugulante
886 584 102 35 subjeci

205 620 96 32 mus.
265 620 72 32 Et
301 620 156 32 Augustin.
420 620 96 32 tomo
480 620 108 32 tert.
552 620 108 32 libro
624 620 132 32 secundo
720 620 72 32 de
756 620 180 32 Mirabilibus
887 620 108 32 Sacrae-

199 647 182 35 Scripturae,
344 647 97 35 cap.
405 647 242 35 trigesimosecundo
611 647 97 35 ait:
671 647 73 35 De
707 647 97 35 lacu
768 647 97 35 vero
828 647 121 35 iterum
913 647 61 35 &
925 647 73 35 Aba-

192 684 82 33 cuc
239 684 163 33 translato,
367 684 70 33 in
403 684 105 33 Belis
473 684 58 33 &
496 684 140 33 draconis
601 684 128 33 fabula,
694 684 128 33 idcirco
788 684 70 33 in
823 684 82 33 hoc
870 684 117 33 ordine
940 684 58 33 non

204 712 140 35 bonitur,
310 712 94 35 quod
368 712 70 35 in
403 712 164 35 autoritate
532 712 129 35 divinae
625 712 164 35 Scripturae
754 712 82 35 non
801 712 140 35 habetur.
894 712 94 35 Simili

208 745 81 35 per
255 745 151 35 fabulosum
371 745 58 35 &
394 745 70 35 ab
429 745 151 35 historiae
545 745 93 35 fide
603 745 128 35 alienum
696 745 81 35 est
742 745 128 35 Judaeos
835 745 139 35 Babylone
928 745 58 35 ha-

204 777 118 47 buisse
287 777 154 47 conventus
405 777 154 47 juridicos
524 777 83 47 seu
571 777 166 47 judiciales
701 777 95 47 apud
760 777 166 47 Joachimum:
879 777 118 47 elegisse

207 810 86 40 tem
256 810 123 40 annuos
342 810 184 40 Magistratus
489 810 86 40 qui
538 810 135 40 populum
636 810 196 40 gubernarent:
796 810 110 40 penes
869 810 86 40 eos
906 810 86 40 fuis-

199 843 73 40 se
235 843 219 40 jurisdictionem
418 843 97 40 meri
478 843 134 40 imperi,
576 843 85 40 hoc
624 843 97 40 est,
685 843 182 40 cognitionem
819 843 170 40 dictionemqui

194 877 113 40 juris
270 877 164 40 capitalem
396 877 76 40 in
434 877 126 40 alieno
522 877 164 40 dominatu:
648 877 113 40 etiam
723 877 139 40 puerum,
824 877 88 40 qui
862 877 126 40 magistra

197 907 90 40 tus
249 907 141 40 gerendi
351 907 167 40 legitimam
480 907 180 40 potestatem
621 907 141 40 nunquam
723 907 180 40 acceperat,
852 907 141 40 revocasse

208 942 136 38 populum
306 942 74 38 in
343 942 160 38 judicium,
467 942 148 38 novamque
578 942 185 38 instituisse
726 942 185 38 cognitionem
862 942 123 38 crimini:

200 979 129 36 examen
291 979 142 36 testium
394 979 90 36 per
445 979 90 36 eum
497 979 142 36 factum;
601 979 142 36 denique
704 979 103 36 plus
768 979 78 36 ab
807 979 78 36 eo
846 979 65 36 &
859 979 129 36 libertat

197 1012 125 41 majore
284 1012 175 41 procuratum
421 1012 75 41 in
459 1012 150 41 civitate
571 1012 112 41 regia
646 1012 200 41 Babyloniorum
808 1012 100 41 quam
871 1012 100 41 apud
921 1012 62 41 Ju-

208 1040 108 34 laeos
280 1040 120 34 unquam
363 1040 72 34 in
399 1040 120 34 repub.
483 1040 60 34 &
507 1040 131 34 regione
603 1040 84 34 sua
650 1040 143 34 licuerit
758 1040 108 34 genti
830 1040 143 34 ipsorum:
925 1040 60 34 Ta-

195 1070 82 44 lia
242 1070 105 44 certe
312 1070 82 44 non
359 1070 176 44 conceduntur
500 1070 129 44 victis,
594 1070 94 44 apud
652 1070 141 44 victores
758 1070 141 44 captivis
863 1070 59 44 &
875 1070 117 44 exsulan

195 1104 73 41 tibus

243 1133 65 47 In
276 1133 98 47 libro
341 1133 109 47 Tobiae
417 1133 131 47 narratio
515 1133 65 47 de
548 1133 87 47 Sara
602 1133 131 47 Reguelis
700 1133 109 47 filia,
776 1133 131 47 spoliata
874 1133 109 47 septem
940 1133 54 47 vi-

205 1170 86 42 ris
254 1170 74 42 ab
291 1170 172 42 Aschmadaeo
426 1170 160 42 daemonio,
549 1170 86 42 est
598 1170 74 42 ex
635 1170 184 42 portentosis
783 1170 160 42 Judaeorum
893 1170 111 42 fabulis

206 1203 157 38 profecta,
326 1203 84 38 qui
375 1203 169 38 Aschmadaei
507 1203 96 38 Syra
567 1203 96 38 voce
628 1203 157 38 appellant
748 1203 157 38 principem
868 1203 157 38 daemonio

197 1239 102 38 rum,
261 1239 89 38 quo
312 1239 127 38 nomine
401 1239 76 38 in
439 1239 178 38 Scripturis
578 1239 165 38 Canonicis
705 1239 140 38 nusquam
807 1239 152 38 vocatur.

220 1265 67 41 In
253 1265 101 41 libro
320 1265 134 41 Iudithae
421 1265 89 41 cap.
477 1265 67 41 1.
510 1265 123 41 dicitur
600 1265 89 41 post
656 1265 168 41 reversionem
790 1265 112 41 populi
868 1265 123 41 Judaici
946 1265 45 41 ex

198 1299 210 39 captivitate,
368 1299 262 39 Nabuchodonosorem
591 1299 118 39 regem
670 1299 183 39 Assyriorum
814 1299 157 39 pugnasse
918 1299 79 39 con-

199 1331 97 37 tra
255 1331 195 37 Arphaxadum
407 1331 125 37 Regem
491 1331 167 37 Medorum,
616 1331 97 37 qui
671 1331 236 37 aedificaverat
852 1331 139 37 Ecbatana

195 1373 100 36 quod
257 1373 137 36 alienum
356 1373 87 36 est
406 1373 62 36 a
431 1373 149 36 veritate
543 1373 174 36 historiae:
680 1373 87 36 Nam
730 1373 87 36 quo
779 1373 137 36 tempore
867 1373 124 36 Nabucho-

205 1401 133 39 donosor
302 1401 157 39 regnavit,
423 1401 121 39 eversa
508 1401 97 39 erat
568 1401 157 39 Monarchia
689 1401 182 39 Assyriorum:
835 1401 61 39 &
859 1401 97 39 post
907 1401 85 39 redi-

195 1430 86 42 tum
244 1430 123 42 populi
330 1430 135 42 Judaici
428 1430 74 42 ex
465 1430 197 42 captivitate,
625 1430 86 42 non
674 1430 234 42 Nabuchodonosor,
871 1430 86 42 sed
908 1430 86 42 Cyrus

202 1464 155 39 Cambyses,
321 1464 119 39 Darius
404 1464 60 39 &
428 1464 95 39 alii
488 1464 107 39 Regis
559 1464 131 39 Persici
654 1464 179 39 imperarunt,

230 1501 131 39 Excipit
326 1501 191 39 Bellarminus,
481 1501 155 39 historiam
600 1501 143 39 Judithae
708 1501 167 39 contigisse
839 1501 95 39 post
887 1501 107 39 reditum

201 1527 146 35 Manassis
310 1527 73 35 ex
347 1527 183 35 captivitate
493 1527 183 35 Babylonica,
639 1527 85 35 quo
688 1527 134 35 tempore
785 1527 110 35 adhuc
858 1527 170 35 imperatit:

185 1562 243 42 Nabuchodonosor-

232 1589 130 41 REPLIC.
327 1589 71 41 Ne
362 1589 83 41 sic
410 1589 118 41 quidem
492 1589 106 41 fides
563 1589 154 41 historica
682 1589 106 41 libri
752 1589 142 41 Judithae
859 1589 118 41 asseri
930 1589 59 41 po-

195 1630 110 35 test.
268 1630 85 35 Nam
317 1630 97 35 quae
377 1630 73 35 in
414 1630 73 35 eo
450 1630 219 35 commemorantur,
633 1630 97 35 post
694 1630 146 35 Manassis
803 1630 134 35 reditum
901 1630 73 35 ex
925 1630 61 35 ca-

195 1659 156 47 ptivitate
315 1659 96 47 geri
375 1659 84 47 non
423 1659 156 47 potuisse,
543 1659 108 47 multa
616 1659 192 47 demonstrant:
772 1659 120 47 PRIMo,
856 1659 72 47 in
880 1659 108 47 quartie

195 1696 121 34 capite
280 1696 158 34 narratur,
401 1696 182 34 Jojaltimum,
546 1696 85 34 seu
595 1696 73 34 ut
631 1696 133 34 Vulgata
728 1696 121 34 Latina
813 1696 121 34 versio
898 1696 121 34 habet,

195 1724 184 38 Eliachimum
340 1724 184 38 Sacerdotem
485 1724 132 38 Magnum
577 1724 92 38 qui
629 1724 198 38 Jerosolymis
787 1724 119 38 erat,
866 1724 132 38 egisse
945 1724 53 38 o-

196 1760 102 41 mnia
260 1760 102 41 quae
324 1760 141 41 fuerunt
426 1760 102 41 opus
490 1760 77 41 ad
529 1760 192 41 resistendum
682 1760 192 41 Holopherni,
836 1760 90 41 cum
887 1760 77 41 in
912 1760 77 41 regn

204 1792 104 37 Judae
274 1792 81 37 tum
320 1792 69 37 in
355 1792 104 37 locis
424 1792 162 37 finitimis.
552 1792 104 37 Atqui
621 1792 127 37 tempore
714 1792 139 37 Manassis
818 1792 116 37 nullus
888 1792 104 37 Jojahim

196 1830 82 41 vel
243 1830 141 41 Eliachim
349 1830 106 41 summo
420 1830 165 41 Sacerdotio
549 1830 153 41 praefuit,
666 1830 82 41 nec
713 1830 165 41 verisimile
843 1830 82 41 est
890 1830 106 41 illum
948 1830 59 41 po-

199 1861 93 35 tius
258 1861 82 35 per
304 1861 128 35 literas
398 1861 163 35 procurasse
526 1861 82 35 res
572 1861 117 35 regni,
654 1861 93 35 quam
701 1861 93 35 Regem.

235 1884 137 39 Excipit
334 1884 199 39 Bellarminus,
496 1884 75 39 id
534 1884 87 39 non
584 1884 100 39 esse
646 1884 162 39 mitandum,
771 1884 100 39 quod
833 1884 150 39 Eliachim
933 1884 62 39 Sa-

198 1925 123 33 cerdos
284 1925 173 33 scripserit
420 1925 74 33 ad
457 1925 111 33 omnes
531 1925 161 33 Hebraeos,
655 1925 62 33 &
679 1925 123 33 deinde
766 1925 185 33 circuiverit
902 1925 86 33 omnem

195 1955 157 38 Israelem,
316 1955 73 38 ut
352 1955 85 38 eos
401 1955 73 38 ad
437 1955 182 38 constantiam
582 1955 182 38 hortaretur:
728 1955 97 38 quia
788 1955 109 38 etiam
861 1955 133 38 tempore
946 1955 48 38 E-

200 1988 145 37 zechiae
305 1988 105 37 idem
371 1988 171 37 Eliachim,
503 1988 145 37 quamvis
608 1988 132 37 nondum
700 1988 119 37 esset
779 1988 132 37 summus
858 1988 132 37 Sacerdos

203 2018 119 41 nomine
286 2018 107 41 Regis
357 2018 107 41 multa
429 2018 142 41 fecerit,
535 2018 71 41 ut
571 2018 119 41 pateat
654 2018 71 41 ex
690 2018 71 41 4.
725 2018 95 41 Reg.
784 2018 83 41 18.
832 2018 59 41 &
844 2018 154 41 praedixisse

201 2053 128 39 Jesaiam
294 2053 93 39 cap.
353 2053 81 39 22.
399 2053 93 39 fore
457 2053 70 39 ut
492 2053 140 39 Eliachim
597 2053 105 39 esset
666 2053 105 39 quasi
736 2053 105 39 pater
806 2053 116 39 omnium
876 2053 116 39 habitan-

192 2088 96 42 tium
252 2088 192 42 Jerosolymis:
407 2088 72 42 Ac
443 2088 84 42 tum
491 2088 156 42 praecipue
611 2088 156 42 credibile
731 2088 108 42 esse,
802 2088 108 42 summa
874 2088 132 42 negotia
958 2088 36 42 &

208 2125 173 36 periculosa
344 2125 148 36 tractata
455 2125 99 36 esse
517 2125 86 36 per
566 2125 124 36 summum
652 2125 185 36 sacerdotem,
801 2125 124 36 quando
887 2125 86 36 rex
924 2125 62 36 Ma-

190 2157 115 32 nasses
270 2157 58 32 e
293 2157 173 32 captivitate
431 2157 138 32 reversus
535 2157 58 32 &
558 2157 69 32 ad
592 2157 92 32 Deum
650 2157 104 32 serio
719 2157 150 32 conversus
834 2157 104 32 erat.

225 2186 146 43 REPLIC.
331 2186 133 43 Nullus
424 2186 160 43 Jojachim
544 2186 93 43 vel
597 2186 160 43 Eliachim
717 2186 146 43 tempore
823 2186 160 43 Ezechiae
930 2186 66 43 ve-

201 2213 141 41 Manassis
307 2213 117 41 summns
389 2213 141 41 sacerdos
495 2213 106 41 fuit,
565 2213 70 41 ut
601 2213 106 41 patet
671 2213 70 41 ex
706 2213 141 41 Catalogo
812 2213 70 41 1.
847 2213 141 41 Chronic.
941 2213 47 41 6.

201 2251 85 38 ubi
249 2251 182 38 recensentur
395 2251 170 38 Sacerdotes
528 2251 85 38 qui
577 2251 133 38 fuerunt
674 2251 109 38 usque
747 2251 73 38 ad
783 2251 194 38 eaptivitatem
928 2251 61 38 Ba-

199 2280 175 41 bylonicam,
336 2280 112 41 inter
411 2280 100 41 quos
473 2280 125 41 nullus
561 2280 87 41 est
611 2280 150 41 Jojachim
723 2280 87 41 vel
773 2280 162 41 Eliachim.
886 2280 112 41 Tempore

199 2315 126 39 autem
283 2315 169 39 Ezechiae
410 2315 141 39 summus
508 2315 169 39 Sacerdos
635 2315 211 39 Jerosolymis
803 2315 112 39 fuit
860 2315 126 39 Hazaria

203 2348 136 39 Chronic.
305 2348 79 39 31.
350 2348 102 39 vers.
418 2348 79 39 10,
464 2348 79 39 13.
509 2348 79 39 Tum
554 2348 125 39 Eliabim
645 2348 68 39 de
679 2348 79 39 quo
725 2348 68 39 4.
759 2348 91 39 Reg.
815 2348 79 39 18.
861 2348 57 39 &
884 2348 102 39 Jesa.
940 2348 57 39 22.

201 2387 83 35 non
249 2387 95 35 fuit
308 2387 118 35 summus
391 2387 154 35 Sacerdos,
509 2387 83 35 sed
557 2387 166 35 Praefectus
687 2387 107 35 domui
758 2387 118 35 regiae
841 2387 83 35 seu
877 2387 118 35 pragorio

202 2412 72 34 ut
238 2412 108 34 supra
310 2412 132 34 dictum.
405 2412 155 34 Praeterea
525 2412 155 34 Sacerdori
644 2412 108 34 summo
716 2412 84 34 tum
764 2412 84 34 non
812 2412 96 34 erat
860 2412 143 34 concessum.

196 2446 137 43 negotia
295 2446 112 43 regni
369 2446 149 43 politica
481 2446 161 43 tractare,
606 2446 124 43 qualem
692 2446 174 43 potestatem
829 2446 99 43 Papa
879 2446 124 43 Romanus.

208 2480 80 47 per
253 2480 80 47 vim
299 2480 92 47 sibi
356 2480 126 47 usurpat
448 2480 69 47 in
482 2480 115 47 regnis
551 2480 149 47 Christianis

230 2509 154 36 SECUNdo,
345 2509 115 36 eodem
422 2509 102 36 cap.
486 2509 115 36 primo
563 2509 154 36 narratur
678 2509 141 36 legatos
780 2509 179 36 Babylonios
921 2509 64 36 a
934 2509 64 36 Ne-

202 2532 192 47 bucadnetzare
358 2532 120 47 missos
441 2532 60 47 a
465 2532 132 47 Judaeis
561 2532 120 47 nihili
645 2532 132 47 habitos
741 2532 60 47 &
765 2532 180 47 ignominiose
896 2532 96 47 remis-

204 2573 84 45 sos
252 2573 108 45 esse.
324 2573 72 45 At
360 2573 72 45 si
396 2573 204 45 Nebucadnetzar
564 2573 96 45 post
623 2573 144 45 dimissum
731 2573 60 45 e
755 2573 180 45 captivitate
887 2573 120 45 Manassem

208 2607 129 40 misisset
305 2607 118 40 legatos
391 2607 65 40 ad
423 2607 129 40 Judaeos,
520 2607 75 40 non
563 2607 75 40 est
606 2607 151 40 verisimile
724 2607 118 40 Judaeos
810 2607 75 40 eos
853 2607 108 40 nihili
918 2607 75 40 factu

210 2644 83 39 ros
258 2644 119 39 fuisse
341 2644 60 39 &
365 2644 179 39 ignominiose
508 2644 60 39 a
532 2644 72 39 se
568 2644 179 39 remissuros:
711 2644 95 39 quia
771 2644 119 39 Judaei
842 2644 167 39 Babyloniorum

207 2675 87 45 jam
256 2675 137 45 experti
356 2675 112 45 erant
431 2675 62 45 &
456 2675 162 45 potentiam
580 2675 62 45 &
593 2675 162 45 clementiam,

240 2698 129 41 TERTIo,
334 2698 141 41 refertur
440 2698 94 41 cap.
498 2698 129 41 quinto,
592 2698 176 41 Holofernem,
733 2698 82 41 ubi
780 2698 211 41 intellexisset,
944 2698 59 41 po-

208 2742 110 37 pulum
281 2742 159 37 Judaeorum
404 2742 184 37 defensionem
551 2742 86 37 sui
600 2742 135 37 parare,
698 2742 135 37 iratum,
796 2742 110 37 duces
869 2742 110 37 omnes
931 2742 74 37 con-

202 2775 134 36 vocasse,
302 2775 56 36 &
325 2775 67 36 ab
358 2775 78 36 eis
403 2775 134 36 accurate
503 2775 167 36 quaesivisse
637 2775 67 36 de
670 2775 123 36 populo;
760 2775 67 36 de
793 2775 134 36 regione,
894 2775 67 36 de
916 2775 78 36 urbis

201 2804 95 43 bus,
260 2804 71 43 de
296 2804 142 43 potentia
403 2804 142 43 ipsorum,
509 2804 71 43 de
545 2804 118 43 genere
628 2804 154 43 militiae,
746 2804 71 43 de
782 2804 95 43 Rege
841 2804 83 43 aut
877 2804 118 43 Principe

208 2840 110 43 quasi
281 2840 85 43 qui
330 2840 110 43 nihil
403 2840 122 43 unquam
488 2840 73 43 de
525 2840 158 43 Judaeorum
647 2840 110 43 gente
720 2840 183 43 audivisset.
866 2840 73 43 At
890 2840 110 43 Chaldae

210 2874 82 41 jam
257 2874 105 41 prius
327 2874 93 41 huic
385 2874 117 41 populo
467 2874 117 41 bellum
549 2874 175 41 intulerant,
689 2874 128 41 Judaeam
782 2874 187 41 vastaverant,
922 2874 70 41 Jero

199 2905 129 44 solyma
290 2905 168 44 ceperant,
419 2905 116 44 regem
496 2905 155 44 Manassem
612 2905 168 44 Babylonem
742 2905 181 44 abduxerant
884 2905 78 44 ut
910 2905 90 44 legi-

208 2938 80 48 tur
253 2938 69 48 2.
288 2938 138 48 Chronic.
391 2938 80 48 33.
437 2938 69 48 v.
471 2938 80 48 11.
517 2938 92 48 Ergo
574 2938 92 48 illa
632 2938 92 48 quae
689 2938 160 48 Helefernes
815 2938 195 48 interrogavit,
964 2938 46 48 ne

212 2972 110 45 quidem
289 2972 154 45 verisimile
410 2972 77 45 est
454 2972 132 45 potuisse
554 2972 66 45 ei
587 2972 110 45 ignota
653 2972 77 45 esse:

242 3004 100 47 QUA
299 3004 100 47 RTO
356 3004 200 47 commemorat
513 3004 143 47 Achior
614 3004 100 47 dux
671 3004 215 47 Ammonitatum
842 3004 114 47 cap.
900 3004 114 47 quineo

206 3039 112 34 vers.
280 3039 87 34 21.
330 3039 137 34 templum
429 3039 87 34 Dei
479 3039 236 34 Jerosolymitanum
678 3039 99 34 solo
740 3039 149 34 aequatum
852 3039 87 34 cum
889 3039 124 34 populus.

207 3073 139 36 captivus
311 3073 139 36 abductus
416 3073 81 36 est
462 3073 69 36 in
496 3073 116 36 terram
577 3073 139 36 alienam:
681 3073 81 36 sic
728 3073 92 36 enim
785 3073 116 36 textus
866 3073 127 36 Graecus
947 3073 58 36 ha-

201 3102 86 40 bet
250 3102 73 40 in
286 3102 147 40 Editione
396 3102 110 40 Ariae
470 3102 134 40 Montani
567 3102 183 40 Antverpieti
714 3102 122 40 excusa
799 3102 61 40 a
824 3102 147 40 Plantino
921 3102 86 40 1524.

692 3171 175 36 :
832 3171 70 36 Et
867 3171 128 36 captivi
949 3171 58 36 du-

215 3200 84 45 dti
263 3200 96 45 sunt
323 3200 72 45 in
359 3200 120 45 terram
442 3200 84 45 non
490 3200 155 45 propriam,
610 3200 60 45 &
633 3200 132 45 templii
729 3200 84 45 Dei
777 3200 108 45 corum
849 3200 120 45 factum
932 3200 84 45 est
968 3200 48 45 in

1043 218 189 52 pavimentum,
1195 218 63 52 &
1220 218 164 52 civitates
1346 218 113 52 eorum
1421 218 126 52 captae
1509 218 101 52 sunt
1572 218 76 52 ab
1610 218 202 52 adversariis.
1774 218 113 52 Atqui

1047 257 83 37 aut
1094 257 130 37 tempore
1189 257 141 37 Manassis
1295 257 141 37 historia
1401 257 141 37 Judithae
1507 257 83 37 non
1554 257 153 37 contigit,
1672 257 94 37 quod
1731 257 94 37 vult
1778 257 71 37 Bel-

1048 289 164 35 larminus:
1175 289 88 35 aut
1225 289 126 35 pugnat
1314 289 88 35 cum
1364 289 101 35 vera
1427 289 164 35 historia,
1554 289 101 35 quae
1617 289 139 35 templum
1718 289 114 35 demum
1781 289 63 35 Se-

1053 321 129 35 dechiae
1147 321 129 35 tempore
1241 321 94 35 solo
1300 321 141 35 aequarum
1406 321 129 35 narrat.

1086 352 141 50 EXCIPIT
1188 352 204 50 Bellarminus,
1355 352 89 50 hoc
1406 352 77 50 de
1444 352 128 50 templi
1534 352 166 50 eversione
1661 352 77 50 in
1700 352 128 50 Graeco
1776 352 77 50 tan-

1050 380 83 41 tum
1098 380 107 41 esse,
1169 380 83 41 non
1216 380 107 41 autem
1288 380 71 41 in
1323 380 119 41 Latina
1394 380 131 41 versione.

1075 417 138 47 REPLIC.
1176 417 113 47 Tanto
1252 417 113 47 minus
1327 417 189 47 autoritatis
1478 417 126 47 Latina
1566 417 126 47 editio
1654 417 138 47 vulgata
1755 417 113 47 habet

1047 452 98 46 quae
1108 452 73 46 ne
1145 452 86 46 cum
1194 452 122 46 Graeco
1279 452 110 46 textu
1353 452 122 46 quidem
1426 452 135 46 congruit.

1083 477 74 54 In
1120 477 112 54 libro
1194 477 137 54 secundo
1294 477 199 54 Machabaeorum
1455 477 99 54 cap.
1517 477 74 54 1.
1554 477 211 54 commemorantur
1715 477 137 54 fabulosa-

1048 510 56 42 &
1070 510 134 42 fictitia
1171 510 134 42 miracula
1272 510 67 42 in
1305 510 101 42 sacri
1373 510 101 42 ignis
1440 510 67 42 ex
1473 510 112 42 altari
1552 510 56 42 i
1574 510 179 42 sacerdotibus
1720 510 101 42 sumti
1787 510 78 42 ab

1044 548 157 42 sconsione
1165 548 72 42 in
1201 548 109 42 puteo
1273 548 109 42 arido
1345 548 181 42 conversione
1490 548 72 42 in
1526 548 109 42 aquam
1599 548 121 42 densam
1683 548 169 42 sacrificii
1804 548 36 42 &

1041 586 109 37 pyrae
1114 586 121 37 magnae
1198 586 158 37 praesente
1320 586 133 37 Nehemia
1417 586 170 37 accensione
1550 586 73 37 ex
1586 586 97 37 aqua
1647 586 109 37 illa.
1720 586 73 37 Si
1744 586 97 37 tantum

1047 619 159 35 miraculum
1169 619 159 35 praesente
1291 619 146 35 Nechemia
1401 619 122 35 factum
1486 619 122 35 esset,
1572 619 85 35 aut
1620 619 98 35 ipse
1681 619 73 35 in
1718 619 110 35 libro
1779 619 61 35 suo

1042 653 78 38 aut
1086 653 100 38 alius
1153 653 133 38 Propheta
1253 653 89 38 ipsi
1308 653 155 38 coaetaneus
1430 653 189 38 consignasset,
1586 653 78 38 aut
1630 653 111 38 saltem
1708 653 67 38 in
1741 653 89 38 suis
1786 653 55 38 li-

1042 681 88 36 bris
1097 681 166 36 annotassent
1230 681 111 36 Judaei
1307 681 166 36 extollendae
1440 681 111 36 gentis
1517 681 88 36 suae
1573 681 88 36 adeo
1628 681 144 36 studiosi,
1738 681 66 36 ut
1772 681 66 36 ne
1794 681 55 36 mi-

1045 716 137 36 nutulas
1144 716 124 36 quidem
1231 716 87 36 res
1281 716 236 36 praetermiserint
1479 716 99 36 quae
1541 716 75 36 ad
1579 716 124 36 illius
1666 716 199 36 exaltationem
1815 716 37 36 &

1035 741 239 49 commendationem
1234 741 133 49 facere
1326 741 172 49 poterant.

1078 779 119 41 Capite
1161 779 131 41 secundo
1256 779 131 41 ejusdem
1351 779 107 41 libri
1422 779 107 41 plane
1494 779 142 41 fabulosa
1601 779 83 41 est
1648 779 142 41 narratio
1755 779 71 41 de
1779 779 59 41 ab-

1044 805 152 44 sconsione
1161 805 105 44 arcae
1232 805 129 44 federis
1325 805 82 44 per
1372 805 152 44 Jeremiam,
1489 805 129 44 reducto
1583 805 70 44 ex
1618 805 176 44 captivitate
1746 805 94 44 popule

1052 849 116 34 terum
1130 849 207 34 reperiendae,
1298 849 103 34 quam
1362 849 194 34 narrationem
1517 849 78 34 ne
1556 849 233 34 impudentissimi
1737 849 103 34 quidem

1047 878 122 37 Judaei
1132 878 182 37 approbaturi
1278 878 109 37 sunt,
1351 878 97 37 apud
1411 878 97 37 quos
1472 878 146 37 vulgatum
1582 878 97 37 est,
1642 878 134 37 quinque
1727 878 122 37 ornamena

1040 918 67 32 ta
1073 918 89 32 quae
1129 918 67 32 in
1162 918 100 32 primo
1228 918 111 32 templo
1306 918 133 32 fuerunt,
1406 918 100 32 inter
1472 918 89 32 quae
1528 918 78 32 est
1572 918 89 32 arca
1627 918 133 32 federis,
1727 918 67 32 in
1749 918 89 32 secun-

1046 940 64 40 do
1078 940 149 40 desiderata
1184 940 96 40 fuisse.

1078 973 95 41 Quum
1138 973 119 41 igitur
1221 973 95 41 isti
1281 973 107 41 libri
1352 973 191 41 controversi,
1507 973 83 41 cum
1555 973 95 41 vere
1615 973 155 41 Canonicis
1722 973 119 41 Scriptu-

1042 1005 93 44 ris,
1101 1005 93 44 quin
1159 1005 105 44 etiam
1229 1005 105 44 secum
1299 1005 93 44 ipsi
1358 1005 140 44 pugnent,
1463 1005 140 44 multaque
1568 1005 140 44 fabulosa
1673 1005 58 44 &
1697 1005 70 44 ab
1720 1005 117 44 histori-

1051 1045 75 37 ca
1088 1045 100 37 fide
1150 1045 125 37 aliena
1238 1045 200 37 commemorent,
1400 1045 175 37 manifestum
1538 1045 100 37 est,
1600 1045 162 37 nequaquam
1713 1045 137 37 veritatem

1052 1073 133 49 divinam
1148 1073 169 49 continere,
1281 1073 72 49 ac
1317 1073 133 49 proinde
1413 1073 96 49 vere
1474 1073 60 49 &
1498 1073 133 49 univoce
1594 1073 157 49 Canonicos
1715 1073 84 49 non
1751 1073 84 49 esse.

1129 1113 183 57 Hucusque
1266 1113 167 57 tertium
1388 1113 167 57 commune
1509 1113 213 57 argumentum
1661 1113 107 57 fuit:

1389 1153 152 53 sequitur.

1163 1189 464 58 QVARTVM

1089 1236 163 41 Quoscunque
1217 1236 116 41 libros
1298 1236 104 41 vetus
1368 1236 151 41 Catholica
1484 1236 139 41 Ecclesia
1589 1236 104 41 legit
1658 1236 116 41 tantum
1740 1236 70 41 ad
1763 1236 81 41 aedi-

1042 1268 167 41 ficationem
1173 1268 119 41 plebis
1256 1268 71 41 in
1292 1268 143 41 moribus,
1399 1268 83 41 non
1447 1268 107 41 autem
1518 1268 71 41 ad
1554 1268 178 41 autoritatem
1684 1268 167 41 Ecclesiasti-

1040 1308 121 38 corum
1120 1308 161 38 dogmatum
1241 1308 228 38 confirmandam,
1428 1308 80 38 ij
1469 1308 94 38 non
1522 1308 107 38 sunt
1589 1308 107 38 vere
1656 1308 67 38 &
1683 1308 147 38 univoce
1777 1308 67 38 Ca

1028 1337 112 40 nonici.

1078 1365 103 46 Istos
1146 1365 114 46 libros
1226 1365 183 46 controversos
1375 1365 103 46 vetus
1443 1365 149 46 Catholica
1557 1365 137 46 Ecclesia
1660 1365 103 46 legit
1729 1365 114 46 tantum
1797 1365 46 46 ad

1050 1403 208 39 aedificationem
1223 1403 115 39 plebis
1304 1403 69 39 in
1339 1403 138 39 moribus,
1442 1403 81 39 non
1489 1403 104 39 autem
1558 1403 69 39 ad
1592 1403 173 39 autoritatem
1719 1403 127 39 Ecclesia-

1079 1429 123 39 eorum
1162 1429 165 39 dogmatum
1271 1429 206 39 confirmandam,

1032 1432 57 43 sti

1080 1461 89 39 Non
1131 1461 102 39 sunt
1195 1461 128 39 igitur
1285 1461 102 39 vere
1349 1461 64 39 &
1374 1461 141 39 univoce
1463 1461 141 39 Canonici.

1075 1488 114 49 Major
1151 1488 177 49 certissima
1290 1488 101 49 est:
1353 1488 88 49 Nam
1404 1488 114 49 omnes
1480 1488 101 49 vere
1543 1488 164 49 Canonicos
1669 1488 126 49 libros
1745 1488 101 49 dedit.

1047 1530 95 42 Deus
1107 1530 154 42 Ecclesiae
1225 1530 83 42 non
1273 1530 119 42 tantum
1356 1530 71 42 ad
1392 1530 214 42 aedificationem
1570 1530 119 42 plebis
1653 1530 71 42 in
1689 1530 143 42 moribus,
1784 1530 59 42 sed

1051 1565 117 45 etiam
1129 1565 78 45 ad
1168 1565 194 45 autoritatem
1323 1565 259 45 Ecclesiasticorum
1543 1565 155 45 dogmatum
1647 1565 194 45 confirmandam,

1055 1596 59 45 ut
1085 1596 88 45 patet
1143 1596 59 45 ex
1172 1596 59 45 2.
1202 1596 78 45 Tim.
1251 1596 59 45 3.
1280 1596 68 45 15,
1309 1596 49 45 16.

1071 1620 148 49 Assumtio
1182 1620 161 49 manifesta
1305 1620 87 49 est
1355 1620 74 49 ex
1392 1620 185 49 testimoniis
1540 1620 136 49 veterum
1639 1620 136 49 Patrum.
1726 1620 111 49 Athana-

1051 1654 86 49 sius
1105 1654 65 49 in
1137 1654 119 49 Synopsi
1224 1654 108 49 Sacrae
1299 1654 151 49 Scripturae
1418 1654 65 49 de
1450 1654 108 49 libris
1526 1654 97 49 istis
1590 1654 172 49 controversis
1730 1654 86 49 ait,
1784 1654 86 49 quod

1046 1693 204 40 Catechumenis
1212 1693 127 40 tantum
1301 1693 166 40 legantur:
1429 1693 76 40 Et
1467 1693 76 40 in
1505 1693 153 40 Epistola
1620 1693 217 40 trigesimanona
1785 1693 64 40 fe-

1048 1728 114 42 stali,
1128 1728 92 42 quod
1185 1728 149 42 propositi
1299 1728 92 42 sint
1356 1728 57 42 a
1379 1728 137 42 patribus
1482 1728 126 42 legendi
1574 1728 80 42 iis
1620 1728 80 42 qui
1665 1728 114 42 primum
1734 1728 103 42 accedum

1056 1760 58 39 &
1080 1760 174 39 simpliciter
1218 1760 127 39 edoceri
1311 1760 116 39 volunt
1392 1760 139 39 sermonem
1496 1760 150 39 pietatis,
1612 1760 81 39 hoc
1658 1760 93 39 est,
1704 1760 139 39 documenta.

1041 1797 112 38 morum
1115 1797 75 38 ad
1153 1797 149 38 pietatem
1265 1797 174 38 facientia,
1401 1797 87 38 non
1451 1797 112 38 autem
1526 1797 137 38 dogmata
1625 1797 75 38 ad
1663 1797 162 38 veritatem
1775 1797 62 38 fi-

1045 1825 79 41 dei
1090 1825 180 41 pertinentia.
1236 1825 158 41 Hieronymus
1360 1825 169 41 Praefatione
1496 1825 68 41 in
1530 1825 113 41 libros
1608 1825 147 41 Salomonis
1721 1825 90 41 ait,
1766 1825 68 41 Sic-

1043 1860 76 37 ut
1081 1860 101 37 ergo
1144 1860 126 37 Iuditi
1232 1860 63 37 &
1258 1860 113 37 Tohia
1333 1860 63 37 &
1358 1860 202 37 Machabaeorum
1522 1860 126 37 libros
1610 1860 113 37 legit
1686 1860 126 37 quidem
1774 1860 88 37 Ec

1051 1894 122 36 clesia,
1140 1894 78 36 sed
1184 1894 78 36 eos
1228 1894 100 36 inter
1295 1894 144 36 Canonicas
1405 1894 155 36 scripturas
1527 1894 78 36 non
1571 1894 133 36 recipit:
1671 1894 78 36 sic
1715 1894 55 36 &
1737 1894 89 36 haec
1782 1894 55 36 du-

1046 1927 151 35 volumina
1160 1927 126 35 (nempe
1248 1927 101 35 Jesu
1311 1927 164 35 Syracidae
1437 1927 63 35 &
1462 1927 176 35 Sapientiae
1600 1927 176 35 Salomonis)
1739 1927 113 35 legat
1802 1927 50 35 ad

1047 1962 216 40 aedificationem
1227 1962 132 40 plebis,
1323 1962 84 40 non
1371 1962 72 40 ad
1407 1962 180 40 autoritatem
1550 1962 240 40 Ecclesiasticorum
1742 1962 96 40 dogma-

1039 1994 92 36 tum
1091 1994 222 36 confirmandam.
1274 1994 157 36 RUSPINUS
1392 1994 209 36 Rquilejensis
1562 1994 170 36 Presbyter
1693 1994 79 36 in
1719 1994 118 36 exposi-

1041 2021 117 37 tionem
1123 2021 129 37 Symboli
1217 2021 164 37 Apostolici
1346 2021 70 37 ab
1381 2021 105 37 aliis
1451 2021 140 37 Cypriano
1556 2021 164 37 adscripta,
1685 2021 140 37 sectione
1779 2021 70 37 tri-

1044 2057 122 39 gesima
1129 2057 122 39 quinta
1215 2057 61 39 &
1239 2057 122 39 sexta,
1324 2057 146 39 postquam
1434 2057 73 39 de
1471 2057 98 39 vere
1532 2057 159 39 Canonicis
1654 2057 183 39 voluminibus
1788 2057 61 39 di-

1053 2092 127 34 tisset;
1146 2092 93 34 Haec
1204 2092 93 34 sunt
1262 2092 93 34 quae
1319 2092 116 34 Patres
1400 2092 104 34 intra
1470 2092 127 34 Canonem
1562 2092 197 34 cencluserunt,
1724 2092 69 34 ex
1747 2092 93 34 quibus

1048 2119 101 42 fidei
1115 2119 123 42 nostrae
1204 2119 168 42 assertiones
1338 2119 134 42 constare
1439 2119 156 42 voluerunt:
1562 2119 101 42 paulo
1629 2119 89 42 post
1685 2119 112 42 libros
1752 2119 89 42 inter-

1044 2153 85 45 nos
1092 2153 61 45 &
1117 2153 146 45 Papistas
1226 2153 195 45 controversos
1384 2153 158 45 enumerans
1506 2153 73 45 de
1542 2153 85 45 iis
1591 2153 97 45 ait:
1652 2153 97 45 Quae
1712 2153 109 45 omnia
1773 2153 61 45 leg

1050 2193 118 39 quidem
1133 2193 71 39 in
1168 2193 153 39 Ecclesiis
1285 2193 165 39 voluerunt,
1415 2193 82 39 non
1462 2193 106 39 tamen
1532 2193 141 39 proferri
1638 2193 71 39 ad
1674 2193 176 39 autoritatem
1803 2193 47 39 ex

1042 2219 86 39 his
1091 2219 111 39 fidei
1165 2219 209 39 confirmandam.
1337 2219 86 39 Huc
1386 2219 61 39 o
1411 2219 172 39 Cardinalis
1546 2219 74 39 de
1583 2219 74 39 Si
1620 2219 111 39 Charo
1681 2219 160 39 Pxpositione

1043 2251 129 42 Prologi
1137 2251 152 42 Hieronymi
1254 2251 70 42 in
1289 2251 117 42 libros
1371 2251 105 42 Regum
1442 2251 82 42 ait
1489 2251 70 42 de
1524 2251 117 42 libris
1606 2251 117 42 istis:
1688 2251 105 42 Tales
1746 2251 94 42 recipi

1046 2284 158 39 Ecclesia,
1167 2284 85 39 non
1216 2284 73 39 ad
1252 2284 182 39 probationem
1398 2284 121 39 fidei,
1482 2284 85 39 sed
1531 2284 73 39 ad
1567 2284 109 39 morum
1628 2284 194 39 instructionem.

1191 2319 437 37 VINTVM.

1086 2341 112 47 Dmnes
1160 2341 112 47 libri
1234 2341 136 47 Veteris
1334 2341 174 47 Testamenti
1470 2341 99 47 vere
1532 2341 161 47 Canonici,
1656 2341 99 47 sunt
1718 2341 74 47 in
1743 2341 99 47 Canone

1042 2381 135 40 Hebraeo:
1143 2381 90 40 Isti
1199 2381 101 40 libri
1266 2381 179 40 controversi,
1412 2381 79 40 non
1457 2381 90 40 sunt
1513 2381 67 40 in
1546 2381 112 40 Canone
1625 2381 135 40 Hebraeo:
1726 2381 101 40 Ergo:
1782 2381 56 40 &c.

1074 2418 105 42 Major
1144 2418 163 42 certissima
1272 2418 93 42 est:
1330 2418 93 42 quia
1388 2418 151 42 Quicunque
1504 2418 105 42 libri
1574 2418 151 42 Ecclesiae
1690 2418 139 42 Judaicae
1783 2418 58 42 sum

1048 2436 56 50 a
1070 2436 78 50 Deo
1115 2436 134 50 crediti,
1215 2436 67 50 ut
1249 2436 145 50 servirent
1360 2436 67 50 ad
1394 2436 156 50 religionis
1516 2436 179 50 autoritatem,
1661 2436 67 50 ii
1695 2436 89 50 sunt
1751 2436 67 50 in
1773 2436 67 50 Cano

1041 2485 82 32 ne
1082 2485 163 32 Hebraeo:
1204 2485 82 32 At
1245 2485 122 32 omnes
1327 2485 122 32 libri
1408 2485 149 32 Veteris
1517 2485 190 32 Testamenti
1666 2485 109 32 vere
1721 2485 122 32 Canonic

1045 2511 88 40 sunt
1100 2511 143 40 Ecclesiae
1210 2511 132 40 Judaicae
1309 2511 55 40 a
1331 2511 77 40 Deo
1375 2511 132 40 crediti,
1473 2511 66 40 ut
1506 2511 143 40 servirent
1616 2511 66 40 ad
1649 2511 154 40 religionis
1770 2511 99 40 auto

1041 2547 150 39 ritatem:
1153 2547 100 39 Ergo
1215 2547 112 39 omnes
1290 2547 112 39 libri
1365 2547 137 39 veteris
1465 2547 175 39 Testamenti
1602 2547 100 39 vere
1665 2547 162 39 Canonici,
1777 2547 75 39 sunt

1048 2574 78 43 in
1087 2574 130 43 Canone
1165 2574 130 43 Hebraeo-

1087 2611 201 40 Prosyllogismi
1252 2611 106 40 maior
1323 2611 165 40 propositio
1453 2611 83 40 est
1500 2611 177 40 determinata
1642 2611 83 40 seu
1689 2611 153 40 limitata:
1795 2611 59 40 nam

1053 2630 137 54 duplices
1155 2630 102 54 libri
1223 2630 125 54 tempore
1314 2630 125 54 Veteris
1405 2630 159 54 Testamenti
1530 2630 125 54 scripti
1621 2630 137 54 fuerunt;
1724 2630 91 54 alij
1769 2630 80 54 divi-

1048 2675 70 48 na
1083 2675 186 48 inspiratione
1234 2675 70 48 ad
1269 2675 163 48 religionis
1397 2675 186 48 autoritatem,
1549 2675 93 48 alij
1607 2675 116 48 humana
1688 2675 163 48 diligentia
1804 2675 47 48 ad

1056 2711 168 42 uberiorem
1185 2711 116 42 rerum
1263 2711 90 42 vel
1314 2711 194 42 Politicarum
1469 2711 90 42 vel
1521 2711 232 42 Philosopicarum
1701 2711 142 42 cognitio-

1054 2745 96 37 nem,
1114 2745 72 37 ut
1150 2745 169 37 Augustinus
1283 2745 169 37 distinguit
1416 2745 109 37 libro
1488 2745 193 37 decimooctavo
1645 2745 72 37 de
1681 2745 145 37 civitate
1778 2745 72 37 Dei.

1048 2778 114 38 capite
1127 2778 228 38 trigesimooctavo.
1321 2778 80 38 Jam
1367 2778 80 38 non
1413 2778 103 38 omnes
1481 2778 91 38 illi
1538 2778 103 38 libri
1606 2778 91 38 sunt
1664 2778 148 38 Ecclesiae
1766 2778 80 38 Judai

1049 2810 82 35 cae
1096 2810 129 35 crediti
1190 2810 59 35 a
1214 2810 94 35 Deo,
1272 2810 82 35 sed
1319 2810 70 35 ii
1354 2810 117 35 tantum
1437 2810 82 35 qui
1483 2810 129 35 servire
1577 2810 153 35 debuerunt
1695 2810 70 35 ad
1718 2810 141 35 religionis

1050 2844 191 38 autoritatem.
1205 2844 131 38 Quorsum
1301 2844 96 38 enim
1360 2844 155 38 Ecclesiae
1480 2844 179 38 crederentur
1623 2844 107 38 libri
1695 2844 143 38 Politici
1790 2844 60 38 ve-

1062 2874 208 40 Philosophici?
1233 2874 110 40 Omnes
1307 2874 110 40 autem
1380 2874 123 40 libros
1466 2874 184 40 pertinentes
1613 2874 74 40 ad
1650 2874 172 40 religionis
1772 2874 86 40 auto-

1053 2910 135 43 ritatem
1151 2910 98 43 esse
1212 2910 74 43 in
1249 2910 123 43 Canone
1335 2910 135 43 Hebraeo
1433 2910 172 43 manifestum
1569 2910 98 43 est.
1630 2910 111 43 Primo
1704 2910 98 43 quia
1753 2910 98 43 Esdra-

1061 2940 158 43 Propheta
1179 2940 66 43 &
1206 2940 171 43 Sacerdos,
1338 2940 92 43 qui
1390 2940 105 43 post
1456 2940 211 43 captivitatem
1628 2940 198 43 Babylonicam
1773 2940 92 43 omnes

1059 2972 120 37 libros
1143 2972 132 37 Veteris
1239 2972 168 37 Testamenti
1371 2972 156 37 recensuit
1492 2972 60 37 &
1516 2972 192 37 instauravit,
1672 2972 72 37 ut
1708 2972 132 37 ipsemet
1792 2972 60 37 Bes

1059 3004 142 45 larminus
1166 3004 107 45 docet
1237 3004 59 45 &
1261 3004 130 45 fatetur
1355 3004 107 45 libro
1426 3004 130 45 secundo
1521 3004 71 45 de
1557 3004 107 45 Verbo
1628 3004 95 45 Dei,
1687 3004 95 45 cap.
1746 3004 107 45 primo
1806 3004 47 45 se

1066 3037 119 48 ctione
1149 3037 107 48 sexta
1221 3037 59 48 &
1244 3037 190 48 sequentibus,
1399 3037 119 48 plures
1482 3037 119 48 libros
1565 3037 71 48 in
1601 3037 119 48 Canone
1684 3037 119 48 divino
1767 3037 83 48 non
1803 3037 59 48 po-

1059 3069 110 44 suit,
1132 3069 97 44 quam
1193 3069 85 44 qui
1241 3069 85 44 jam
1290 3069 97 44 sunt
1351 3069 73 44 in
1387 3069 85 44 eo.
1436 3069 122 44 Deinde
1521 3069 85 44 nec
1570 3069 170 44 Prophetae,
1704 3069 85 44 nec
1740 3069 122 44 Christus

1051 3108 96 43 nec
1106 3108 165 43 Apostoli
1230 3108 137 43 unquam
1326 3108 165 43 Judaicam
1449 3108 178 43 Ecclesiam
1586 3108 206 43 accusarunt,
1751 3108 110 43 quod
1805 3108 69 43 Ca-

1029 3125 70 53 &
1057 3125 126 53 nonem
1141 3125 168 53 librorum
1267 3125 238 53 Propheticorum
1464 3125 168 53 minuerit
1590 3125 84 53 ac
1632 3125 224 53 convulserit,
1800 3125 70 53 aut

1059 3174 97 41 quod
1120 3174 122 41 libros
1205 3174 110 41 ullos
1278 3174 183 41 Propheticos
1424 3174 170 41 resecarit.
1558 3174 97 41 Quod
1619 3174 73 41 si
1655 3174 158 41 fecisset,
1765 3174 97 41 maximo

1063 3209 127 40 icclere
1156 3209 69 40 se
1190 3209 208 40 obstrinxisset,
1363 3209 104 40 atque
1433 3209 115 40 tantum
1513 3209 58 40 &
1536 3209 81 40 tam
1583 3209 173 40 detestabile
1721 3209 115 40 crimen
1790 3209 81 40 illi
