2063 3433
333 189 86 47 XX.
382 189 99 47 Quia
444 189 99 47 illa
506 189 136 47 probat,
604 189 99 47 vere
666 189 62 47 &
691 189 185 47 salutariter
839 189 148 47 receptum
950 189 99 47 esse
1012 189 62 47 a
1025 189 86 47 nobis

270 233 167 47 Evangelium
401 233 143 47 Christi,
509 233 119 47 Jacob.
592 233 72 47 1.
628 233 107 47 vers.
699 233 83 47 21.
747 233 167 47 Quapropter
878 233 143 47 abjectis
974 233 119 47 omnibus.

275 264 141 49 sordibus
381 264 59 49 &
405 264 165 49 excremento
534 264 153 49 malitiae,
652 264 82 49 cum
699 264 141 49 lenitate
805 264 141 49 excipite
911 264 165 49 insititium
1028 264 59 49 il¬-

273 304 85 37 lum
322 304 158 37 sermonem,
443 304 85 37 qui
492 304 122 37 potest
577 304 134 37 servare
674 304 122 37 animas
747 304 122 37 vestras.

306 317 94 60 XXI.
365 317 94 60 Quia
424 317 118 60 multam
507 317 106 60 parit
577 317 153 60 laetitiam
695 317 71 60 in
730 317 130 60 Jehova,
825 317 106 60 Jesa.
895 317 82 60 29.
943 317 106 60 vers.
1013 317 82 60 19.
1049 317 35 60 E

267 365 175 41 cumulabunt
405 365 150 41 mansueti
518 365 75 41 in
556 365 125 41 Iehova
643 365 163 41 latitiam.
768 365 150 41 Proverb.
881 365 88 41 12.
931 365 75 41 v.
969 365 88 41 20.
1006 365 88 41 Dolus

276 395 130 39 recidit
371 395 71 39 in
406 395 83 39 cor
453 395 189 39 fabricantium
607 395 118 39 malum,
690 395 71 39 in
725 395 189 39 consiliarios
878 395 106 39 autem
949 395 118 39 pacis,
1020 395 71 39 lae¬

259 436 81 38 titia.

305 464 119 43 XXII.
384 464 106 43 Quia
450 464 119 43 etiam
530 464 172 43 potentium
662 464 106 43 iras
728 464 185 43 compescit,
873 464 66 43 &
900 464 119 43 pacem
966 464 119 43 concor¬-

268 495 125 48 diamque
359 495 102 48 inter
427 495 125 48 homines
518 495 102 48 alit,
586 495 137 48 Proverb.
689 495 80 48 15.
734 495 68 48 v.
768 495 68 48 1.
802 495 148 48 Responsio
916 495 114 48 mollis
985 495 102 48 avertis

277 529 111 43 iram.
351 529 86 43 Nam
400 529 148 43 mansueti
511 529 86 43 est
560 529 123 43 animi,
647 529 123 43 sedare
733 529 99 43 iram
794 529 136 43 aliorum
893 529 111 43 molli
955 529 123 43 response

265 572 135 35 Gideon
360 572 243 35 Ephrajimitatum
563 572 135 35 contra
657 572 81 35 se
698 572 216 35 contentionem
874 572 162 35 prudenti
995 572 68 35 &
1009 572 81 35 man¬-

261 595 109 45 sueto
334 595 145 45 responso
443 595 145 45 sedavit,
552 595 73 45 ut
588 595 85 45 non
637 595 182 45 impediretur
782 595 73 45 in
818 595 194 45 persequendis
964 595 121 45 Midjani¬-

273 635 75 41 tis
316 635 86 41 Jud.
370 635 65 41 8.
402 635 65 41 v.
435 635 65 41 1,
467 635 65 41 2,
499 635 65 41 3.
531 635 151 41 Mansuetudo
650 635 97 41 sedat
714 635 108 41 litem,
790 635 129 41 Proverb.
886 635 75 41 15.
929 635 65 41 v.
951 635 43 41 18

311 660 116 46 XXIII.
393 660 93 46 Quia
450 660 70 46 ad
485 660 104 46 illam
555 660 58 46 a
578 660 81 46 Deo
624 660 116 46 vocati
706 660 116 46 sumus,
787 660 70 46 I.
821 660 139 46 Corinth.
926 660 70 46 7.
961 660 70 46 v.
995 660 81 46 15.
1030 660 58 46 a4.

271 707 118 34 pacem
349 707 144 34 vocavit
454 707 92 34 nos
506 707 118 34 Deus:
585 707 105 34 ergo
650 707 79 34 ad
677 707 209 34 mansuetudinem:

306 730 105 42 XXIV.
376 730 93 42 Quia
435 730 93 42 illi
493 730 152 42 conjuncta
610 730 82 42 est
656 730 140 42 gratiosa
761 730 163 42 praesentia
890 730 93 42 Dei,
948 730 70 42 2.
983 730 93 42 Cor.
1030 730 58 42 13.

275 772 101 42 vers.
342 772 78 42 11.
387 772 89 42 idem
442 772 123 42 sapite,
532 772 67 42 in
565 772 89 42 pace
621 772 112 42 agite:
699 772 56 42 &
722 772 89 42 Deus
777 772 156 42 charitatis
900 772 56 42 &
923 772 101 42 pacis
990 772 89 42 erit
1034 772 45 42 vo

263 802 105 48 biscum

306 829 105 43 XXV.
371 829 105 43 Quia
437 829 131 43 illius
528 829 157 43 praemium
646 829 92 43 est
698 829 105 43 vita
764 829 157 43 aeterna,
882 829 105 43 quam
947 829 92 43 suo
986 829 118 43 tempore

278 864 115 42 veluti
358 864 126 42 fructum
450 864 138 42 sationis
553 864 126 42 nostrae
645 864 138 42 metemus,
748 864 115 42 Jacob.
828 864 69 42 3.
863 864 69 42 v.
897 864 80 42 18.
943 864 126 42 Fructus
1024 864 57 42 au¬-

273 896 79 50 tem
318 896 147 50 justitiae
431 896 124 50 seritur
521 896 79 50 cum
566 896 90 50 pace
623 896 79 50 iis
668 896 79 50 qui
713 896 113 50 operam
792 896 90 50 dant
837 896 79 50 paci.

386 938 206 48 Argumenta
544 938 126 48 haec
623 938 174 48 omnibus
750 938 190 48 communia
876 938 111 48 sunt:

296 982 169 46 Ineprimis
426 982 117 46 tamen
504 982 169 46 ministris
634 982 117 46 verbi
712 982 91 46 Dei
764 982 208 46 mansuetudini
920 982 143 46 studendum

307 1025 64 36 I.
339 1025 86 36 Quia
393 1025 97 36 illis
458 1025 86 36 prae
511 1025 129 36 caeteris
608 1025 75 36 est
651 1025 118 36 mandata
737 1025 54 36 a
759 1025 86 36 Deo,
812 1025 64 36 ut
845 1025 64 36 1.
877 1025 107 36 Timoth
952 1025 64 36 6.
984 1025 86 36 ver.
1027 1025 54 36 11.

259 1055 75 36 Tu
296 1055 99 36 vero
358 1055 62 36 o
383 1055 99 36 homo
445 1055 87 36 Dei
495 1055 137 36 sectare
594 1055 174 36 justitiam,
731 1055 162 36 pietatem,
855 1055 124 36 fidem,
930 1055 149 36 charitatem

262 1093 184 35 tolerantiam,
412 1093 161 35 lenitatem.
539 1093 69 35 2.
574 1093 127 35 Timoth.
666 1093 69 35 2.
701 1093 69 35 v.
735 1093 81 35 22,
781 1093 81 35 23,
827 1093 81 35 24,
873 1093 81 35 25.
920 1093 150 35 Iuveniles
1023 1093 58 35 au¬-

270 1126 82 39 tem
317 1126 176 39 cupiditates
458 1126 105 39 fuge:
528 1126 82 39 sed
575 1126 129 39 sectare
668 1126 164 39 justitiam,
797 1126 117 39 fidem,
879 1126 176 39 charitatem,
1008 1126 82 39 pacem

264 1163 94 35 cum
317 1163 94 35 iis
371 1163 94 35 qui
425 1163 162 35 invocant
547 1163 162 35 Christum
668 1163 81 35 ex
709 1163 121 35 mundo
790 1163 135 35 corde.
884 1163 148 35 Stultas
992 1163 121 35 autem
1060 1163 40 35 &

271 1190 160 36 ineruditas
396 1190 103 36 illas
465 1190 171 36 quaestiones
602 1190 148 36 aversare,
716 1190 114 36 sciens
796 1190 80 36 eas
841 1190 126 36 gignere
933 1190 126 36 pugnas.
1013 1190 68 36 Ser¬-

269 1230 88 37 vum
320 1230 114 37 autem
396 1230 126 37 Domini
484 1230 88 37 non
535 1230 139 37 oportet
636 1230 152 37 pugnare,
749 1230 88 37 sed
800 1230 164 37 mansuetum
926 1230 101 37 esse
989 1230 101 37 erga
1040 1230 51 37 o¬-

272 1253 116 41 mnes,
349 1253 116 41 aptum
427 1253 77 41 ad
465 1253 168 41 docendum,
594 1253 180 41 tolerantem
736 1253 129 41 malos:
826 1253 90 41 Cum
878 1253 155 41 lenitate
981 1253 103 41 erudi¬-

262 1293 109 41 entem
335 1293 85 41 eos
383 1293 85 41 qui
431 1293 157 41 contrario
552 1293 109 41 animo
625 1293 97 41 sunt
686 1293 145 41 affecti:
794 1293 169 41 experturum
928 1293 85 41 num
976 1293 133 41 aliquan

264 1325 70 41 do
299 1325 128 41 daturus
393 1325 82 41 sit
439 1325 82 41 eis
486 1325 93 41 Deus
545 1325 210 41 resipiscentiam
720 1325 70 41 ad
755 1325 163 41 agnitionem
872 1325 128 41 veritatis

319 1357 84 40 II.
367 1357 97 40 Quia
428 1357 109 40 illis
500 1357 157 40 praecipue
621 1357 133 40 exemplo
717 1357 84 40 suo
765 1357 145 40 praeivit
874 1357 121 40 Paulus
946 1357 145 40 Apostolus,

264 1389 83 43 qui
312 1389 71 43 2.
347 1389 95 43 Cor.
406 1389 71 43 6.
442 1389 71 43 v.
477 1389 71 43 6.
513 1389 95 43 ait;
572 1389 71 43 In
607 1389 130 43 omnibus
702 1389 83 43 nos
750 1389 178 43 approbantes
892 1389 71 43 ut
927 1389 83 43 Dei
963 1389 118 43 ministri

270 1420 83 44 &c.
318 1420 83 44 cum
365 1420 167 44 castitate,
496 1420 83 44 cum
544 1420 143 44 notitia,
651 1420 83 44 cum
698 1420 95 44 irae
758 1420 190 44 cohibitione,
913 1420 83 44 cum
948 1420 143 44 benignita¬-

269 1463 89 35 te,
320 1463 89 35 cum
371 1463 140 35 Spiritu
472 1463 140 35 Sancto,
574 1463 89 35 cum
624 1463 165 35 charitate
751 1463 127 35 minime
840 1463 165 35 simulata,
967 1463 89 35 &c.
1018 1463 76 35 Et
1043 1463 38 35 2

277 1490 134 41 Timoth.
374 1490 73 41 2.
410 1490 73 41 v.
447 1490 85 41 10.
495 1490 73 41 Tu
532 1490 97 41 vero
592 1490 170 41 assequutus
726 1490 73 41 es
762 1490 158 41 doctrinam
884 1490 109 41 meam,
957 1490 109 41 vitae
1017 1490 61 41 mei

271 1532 153 32 rationem,
389 1532 177 32 propositum,
530 1532 118 32 fidem,
613 1532 94 32 irae
672 1532 200 32 cohibitionem,
825 1532 59 32 &c.

295 1549 198 46 Contumelias,
456 1549 223 46 exagitationes,
642 1549 223 46 maledictiones,
828 1549 174 46 derisiones
952 1549 136 46 spernere.

273 1589 65 34 &
299 1589 117 34 aequo
377 1589 117 34 animo
455 1589 117 34 ferre
533 1589 130 34 decet,
624 1589 91 34 cum
676 1589 195 34 unumquemque
831 1589 91 34 tum
883 1589 169 34 in-primis
1000 1589 91 34 Prin¬-

269 1621 116 41 cipes
346 1621 64 41 &
372 1621 206 41 Magistratus,
540 1621 90 41 qui
591 1621 77 41 ut
630 1621 232 41 contumeliarum,
823 1621 116 41 etiam
901 1621 116 41 coram
965 1621 129 41 factarum

278 1658 143 35 patientes
388 1658 99 35 esse:
454 1658 77 35 ita
499 1658 66 35 si
532 1658 88 35 quis
587 1658 154 35 absentibus
708 1658 165 35 conviciatus
840 1658 110 35 fuerit
918 1658 77 35 aut
962 1658 66 35 in
984 1658 99 35 occulto

265 1697 186 35 detraxerit,
413 1697 112 35 neque
488 1697 174 35 deferentem
624 1697 136 35 audire,
723 1697 112 35 neque
798 1697 136 35 delatum
897 1697 124 35 punire
971 1697 112 35 debent.

300 1721 75 40 I.
337 1721 100 40 Quia
399 1721 187 40 providentia
549 1721 62 40 &
573 1721 112 40 justo
648 1721 137 40 judicio
748 1721 87 40 Dei
798 1721 187 40 contingunt;
947 1721 100 40 quod
997 1721 87 40 agno¬-

272 1750 91 42 scit
329 1750 103 42 David
397 1750 160 42 maledictis
523 1750 57 42 &
546 1750 148 42 lapidibus
660 1750 126 42 petitus
751 1750 57 42 a
774 1750 126 42 Simejo.
865 1750 68 42 2.
899 1750 91 42 Sam.
956 1750 80 42 16.
1002 1750 68 42 v.
1025 1750 57 42 10.

261 1795 69 36 Si
296 1795 161 36 maledicit,
423 1795 104 36 atque
492 1795 69 36 si
526 1795 115 36 Iehova
607 1795 115 36 edixit
688 1795 81 36 ei,
734 1795 127 36 maledit
826 1795 127 36 Davidi,
918 1795 115 36 ecquis
998 1795 104 36 dicat

268 1828 101 46 quare
335 1828 78 46 sic
380 1828 112 46 facis?
458 1828 56 46 &
480 1828 101 46 vers.
547 1828 78 46 11.
592 1828 112 46 sinite
670 1828 78 46 eum
715 1828 67 46 ut
749 1828 157 46 maledicat,
872 1828 89 46 quia
927 1828 112 46 edixit
1006 1828 67 46 ei
1028 1828 56 46 Ie¬

253 1859 91 34 hova.

295 1885 87 49 II.
344 1885 99 49 Quia
406 1885 112 49 illae
481 1885 87 49 aut
530 1885 124 49 merito
617 1885 186 49 contingunt,
766 1885 87 49 aut
815 1885 161 49 immerito.
939 1885 74 49 Si
976 1885 136 49 merito,

258 1921 157 36 corrigere
379 1921 121 36 debent
464 1921 73 36 ea
500 1921 133 36 propter
597 1921 97 36 quae
657 1921 121 36 fiunt;
742 1921 109 36 sicut
815 1921 157 36 Philippus
936 1921 85 36 rex
972 1921 109 36 Macedo¬-

250 1954 96 44 niae
310 1954 120 44 dicere
394 1954 143 44 solebat,
501 1954 132 44 Gratias
597 1954 72 44 se
633 1954 120 44 debere
716 1954 191 44 Atheniensium
872 1954 179 44 oratoribus,
1015 1954 96 44 quod

262 1989 152 37 conviciis
379 1989 94 37 suis
438 1989 152 37 redderent
555 1989 70 37 se
590 1989 152 37 meliorem,
707 1989 82 37 dum
754 1989 105 37 illos
824 1989 117 37 factis
906 1989 129 37 conatur
988 1989 94 37 refel¬-

259 2021 112 37 lere?
333 2021 87 37 Sin
383 2021 162 37 immerito:
507 2021 186 37 dissimulare
656 2021 137 37 debent:
756 2021 87 37 nam
806 2021 137 37 ultione
905 2021 149 37 illarum,
1004 2021 75 37 quic

255 2059 105 42 nisi
321 2059 132 42 plures
413 2059 158 42 sermones
532 2059 66 42 &
558 2059 145 42 plurium
663 2059 211 42 provocarent?
835 2059 79 42 Ne
874 2059 119 42 move,
953 2059 105 42 quod
1006 2059 66 42 mo¬-

261 2084 93 39 tum
314 2084 119 39 magis
393 2084 159 39 exhalet:
512 2084 79 39 ne
552 2084 119 39 move,
631 2084 106 39 quod
697 2084 145 39 movendo
803 2084 93 39 non
842 2084 106 39 sedes.

292 2117 100 40 III.
354 2117 100 40 Quia
416 2117 137 40 illarum
516 2117 162 40 patientia
641 2117 125 40 ingens
728 2117 200 40 instrumentum
891 2117 87 40 est
941 2117 75 40 ad
966 2117 112 40 tutelam

255 2148 159 54 potestatis,
383 2148 64 54 1.
415 2148 85 54 Reg.
468 2148 74 54 12.
510 2148 64 54 v.
532 2148 42 54 7.

295 2182 87 41 IV.
344 2182 99 41 Quia
406 2182 185 41 contumeliae
554 2182 62 41 a
579 2182 148 41 perditis
690 2182 222 41 profligatisque
876 2182 161 41 hominibus
987 2182 74 41 pro¬-

248 2213 131 44 fectae,
343 2213 131 44 nullius
438 2213 131 44 gloriam
533 2213 202 44 dignitatemque
699 2213 142 44 violant:
806 2213 107 44 Illae
877 2213 154 44 potentiam
984 2213 83 44 Prin¬-

255 2254 114 38 cipum
332 2254 64 38 &
357 2254 203 38 Magistratuum
522 2254 152 38 saedere,
636 2254 64 38 &
662 2254 140 38 gloriam
763 2254 89 38 (si
814 2254 102 38 bene
878 2254 127 38 agunt)
954 2254 127 38 adimere.

258 2285 83 51 non
294 2285 118 51 possunt.

299 2310 77 60 V.
338 2310 103 60 Quia
402 2310 142 60 illarum
505 2310 206 60 impatientes,
673 2310 116 60 parum
750 2310 129 60 idonei
840 2310 103 60 sunt
905 2310 77 60 ad
930 2310 142 60 Rempubli¬-

255 2356 93 32 cam
308 2356 173 32 gerendam.
441 2356 146 32 Sedatus
547 2356 106 32 enim
613 2356 133 32 animus
706 2356 119 32 decet
772 2356 173 32 imperantes.

291 2389 85 35 VI.
339 2389 97 35 Quia
400 2389 109 35 illas
473 2389 194 35 laudatissimi
630 2389 121 35 quique
715 2389 158 35 Principes
837 2389 61 35 &
861 2389 182 35 Magistratus
994 2389 73 35 man¬-

252 2414 121 52 sueto
332 2414 121 52 animo
413 2414 175 52 tulerunt.
547 2414 161 52 Exempla.
668 2414 121 52 MOSES
749 2414 94 52 dux
802 2414 67 52 &
829 2414 188 52 gubernator
964 2414 107 52 populi

244 2454 182 37 Israelitici
389 2454 73 37 in
425 2454 133 37 deserto
522 2454 169 37 frequenter
655 2454 145 37 murmura,
764 2454 157 37 convicia,
885 2454 133 37 jurgia,
970 2454 97 37 contu¬-

244 2493 117 32 melias
326 2493 58 32 a
349 2493 163 32 rebellibus
478 2493 58 32 &
501 2493 163 32 seditiosis
629 2493 58 32 &
653 2493 128 32 invidis
746 2493 163 32 sustinuit:
875 2493 82 32 sed
921 2493 70 32 ut
956 2493 93 32 erat
1003 2493 70 32 man¬-

244 2518 121 38 suetus
328 2518 121 38 valde,
413 2518 96 38 prae
473 2518 133 38 omnibus
570 2518 157 38 hominibus
690 2518 84 38 qui
738 2518 109 38 erant
811 2518 72 38 in
847 2518 169 38 superficie
968 2518 96 38 terrae

245 2551 179 37 injuriarum
386 2551 102 37 erat
450 2551 243 37 patientissimus,
655 2551 128 37 Numer.
744 2551 90 37 12.
795 2551 115 37 DAVIP
872 2551 90 37 rex
910 2551 154 37 Israelita.

248 2590 92 33 rum
300 2590 131 33 pulsus
392 2590 66 33 a
419 2590 118 33 filio
498 2590 158 33 Absalomo
616 2590 66 33 &
642 2590 171 33 profugus,
774 2590 92 33 cum
826 2590 105 33 manu
892 2590 118 33 tamen
958 2590 118 33 fortium

242 2620 159 39 vitorum,
361 2620 93 39 cum
414 2620 172 39 Bachurima
546 2620 132 39 versus
639 2620 238 39 progrederetur,
838 2620 119 39 ausus
917 2620 93 39 est
970 2620 119 39 Simei
1036 2620 40 39 e

253 2653 121 36 Saulis
337 2653 157 36 cognatis,
458 2653 121 36 petere
542 2653 109 36 virum
615 2653 84 36 non
663 2653 121 36 tantum
747 2653 169 36 conviciis,
880 2653 84 36 sed
928 2653 60 36 &
940 2653 133 36 lapidibus

247 2687 94 40 quos
306 2687 70 40 ex
341 2687 94 40 alto
400 2687 70 40 in
435 2687 82 40 eum
482 2687 117 40 jecit.
564 2687 152 40 Indignati
681 2687 141 40 comites,
787 2687 59 40 &
810 2687 70 40 ex
845 2687 82 40 iis
892 2687 152 40 Abisajus:
998 2687 70 40 Ita¬-

247 2727 72 35 ne
283 2727 145 35 (inquit)
391 2727 108 35 canis
464 2727 96 35 iste
524 2727 132 35 mortuus
620 2727 120 35 Domino
705 2727 84 35 meo
753 2727 96 35 Regi
813 2727 169 35 maledicat,
946 2727 108 35 idque
1006 2727 60 35 im¬-

251 2754 109 35 pune?
324 2754 97 35 Ibo,
384 2754 73 35 mi
421 2754 97 35 rex,
481 2754 61 35 &
505 2754 133 35 recidam
602 2754 73 35 ei
639 2754 121 35 caput,
724 2754 170 35 domicilium
857 2754 158 35 protervae
966 2754 97 35 istius

240 2786 145 40 linguae.
349 2786 73 40 At
385 2786 170 40 mitissimus
519 2786 133 40 virorum
616 2786 121 40 David,
700 2786 97 40 Sine
761 2786 85 40 eum
809 2786 73 40 ut
846 2786 170 40 maledicat.
979 2786 73 40 En
1003 2786 61 40 fi¬-

239 2817 102 44 lius
303 2817 102 44 quem
367 2817 128 44 genui,
456 2817 140 44 sanguis
558 2817 115 44 meus,
635 2817 166 44 sanguinem
762 2817 102 44 hunc
826 2817 153 44 quaerit:
941 2817 64 44 &
953 2817 128 44 indigne¬-

235 2859 92 34 mur
288 2859 79 34 si
327 2859 198 34 conviciatur
486 2859 159 34 alienus?
605 2859 172 34 Coelestis
737 2859 145 34 quaedam
842 2859 106 34 haec
895 2859 172 34 mansuetudo;

246 2889 93 40 quid
304 2889 104 40 mirum
374 2889 70 40 in
409 2889 93 40 viro
467 2889 151 40 coelesti?
583 2889 139 40 Gentiles
688 2889 151 40 historiae
804 2889 139 40 virtutis
908 2889 104 40 hujus
966 2889 93 40 nomino

240 2917 167 36 celebrant
369 2917 206 36 Pisistratum,
536 2917 180 36 Artaxerxen
678 2917 154 36 Petsarum
794 2917 129 36 regem,
884 2917 167 36 Philippum
1000 2917 64 36 Ma¬-

251 2951 151 39 cedonem
361 2951 178 39 Alexandri
498 2951 124 39 Magni
581 2951 151 39 patrem,
690 2951 178 39 Antigonum
828 2951 69 39 &
855 2951 165 39 Pyrrlium
965 2951 96 39 Reges

246 2985 195 41 Macedoniae,
402 2985 169 41 Peticlem,
532 2985 182 41 Ptolemaeum
675 2985 104 41 Lagi
740 2985 143 41 filium,
844 2985 130 41 Julium
922 2985 143 41 Caesarem,

242 3015 163 53 Augustum
365 3015 163 53 Caesarem
487 3015 68 53 &
501 3015 95 53 alios

278 3047 90 40 Non
329 3047 128 40 tantum
419 3047 205 40 offendentes,
586 3047 90 40 sed
637 3047 115 40 etiam
714 3047 141 40 offensi
816 3047 141 40 aliorum
906 3047 154 40 quantumvis

253 3073 191 46 frequentibus
408 3073 60 46 &
432 3073 119 46 magnis
515 3073 155 46 injuriis,
635 3073 83 46 vel
682 3073 107 46 primi
754 3073 239 46 reconciliationem
945 3073 119 46 quaerere

246 3114 123 46 debent
332 3114 61 46 &
356 3114 86 46 eos
405 3114 61 46 a
430 3114 123 46 quibus
515 3114 135 46 offensi
614 3114 98 46 sunt
675 3114 135 46 omnibus
773 3114 172 46 charitatis
908 3114 61 46 &
920 3114 135 46 humanita;

252 3143 69 44 tis
292 3143 118 44 officiis
380 3143 128 44 prosequi¬

285 3175 77 47 I.
324 3175 103 47 Quia
388 3175 154 47 Christus
504 3175 154 47 Dominus,
619 3175 154 47 Servator
735 3175 128 47 noster
825 3175 77 47 id
863 3175 128 47 mandat
953 3175 90 47 tum
992 3175 64 47 os¬-

239 3204 156 54 fendenti,
359 3204 84 54 tum
407 3204 144 54 offenso:
515 3204 108 54 velut
587 3204 120 54 Matth.
671 3204 72 54 5.
707 3204 72 54 v.
743 3204 84 54 23,
791 3204 84 54 24,
839 3204 84 54 25.
887 3204 72 54 Si
923 3204 108 54 munus
983 3204 72 54 tuum

1117 189 159 53 attuleris
1239 189 73 53 ad
1276 189 135 53 altare,
1374 189 61 53 &
1398 189 110 53 illic
1472 189 159 53 memineris
1594 189 135 53 fratrem
1692 189 98 53 tuum
1753 189 122 53 habere
1839 189 135 53 aliquid

1130 236 130 37 contra
1221 236 91 37 te,
1273 236 130 37 Omitte
1364 236 117 37 illic
1442 236 117 37 munus
1520 236 104 37 tuum
1585 236 117 37 coram
1663 236 143 37 altari,
1767 236 65 37 &
1793 236 104 37 abi:
1845 236 104 37 primum

1131 268 201 42 reconciliator
1297 268 118 42 fratri
1380 268 95 42 tuo,
1439 268 59 42 &
1463 268 95 42 tunc
1522 268 83 42 ubi
1569 268 130 42 veneris
1664 268 107 42 offer
1735 268 107 42 munus
1806 268 107 42 tuum.
1877 268 83 42 Est

1132 298 115 40 amicus
1213 298 162 40 adversario
1340 298 81 40 tuo
1386 298 104 40 cito,
1455 298 104 40 dumes
1525 298 69 40 in
1559 298 81 40 via
1605 298 81 40 cum
1652 298 81 40 eo.
1698 298 69 40 Et
1732 298 92 40 cap.
1790 298 81 40 18.
1836 298 69 40 v.
1871 298 81 40 15.
1905 298 35 40 S

1138 332 166 44 peccaverit
1269 332 71 44 in
1304 332 71 44 te
1340 332 119 44 frater
1423 332 107 44 tuus,
1495 332 95 44 ito,
1554 332 59 44 &
1578 332 107 44 argue
1649 332 83 44 eum
1697 332 107 44 inter
1768 332 71 44 te
1803 332 59 44 &
1827 332 107 44 ipsum
1887 332 59 44 so¬-

1145 367 79 41 um:
1190 367 68 41 si
1224 367 68 41 te
1258 367 147 41 audierit,
1371 367 136 41 lucratus
1473 367 68 41 es
1507 367 125 41 fratrem
1597 367 102 41 tuum.
1665 367 57 41 &
1688 367 79 41 21,
1733 367 79 41 22.
1779 367 113 41 Petrus
1858 367 102 41 dixit

1136 397 125 41 Domine
1224 397 138 41 quoties
1325 397 150 41 peccabit
1437 397 75 41 in
1475 397 75 41 me
1513 397 125 41 frater
1600 397 113 41 meus,
1676 397 63 41 &
1701 397 150 41 remittam
1814 397 88 41 ei?
1864 397 75 41 An
1889 397 50 41 ul

1142 436 79 52 que
1187 436 135 52 septies?
1288 436 101 52 Dicit
1356 436 68 52 ei
1389 436 113 52 Iesus,
1468 436 79 52 non
1513 436 90 52 dico
1569 436 90 52 tibi
1626 436 101 52 usque
1693 436 135 52 septies,
1794 436 79 52 sed
1839 436 101 52 usque
1896 436 56 52 se¬-

1126 462 134 45 ptuagies
1215 462 112 45 septies.

1149 485 89 60 II.
1200 485 102 60 Quia
1264 485 102 60 Deus
1328 485 64 60 a
1353 485 115 60 nobis
1430 485 153 60 offensus
1544 485 191 60 gravissime,
1697 485 89 60 non
1748 485 191 60 exspectavit
1888 485 64 60 dum

1137 533 83 45 nos
1184 533 153 45 supplices
1302 533 142 45 fieromus
1409 533 94 45 ipsi
1468 533 59 45 &
1491 533 236 45 reconciliationem
1692 533 189 45 expeteremus,
1846 533 83 45 sed
1893 533 71 45 ul

1132 566 83 43 tro
1179 566 83 43 nos
1227 566 118 43 primus
1309 566 153 43 quaesivit
1427 566 59 43 &
1451 566 71 43 in
1486 566 130 43 gratiam
1580 566 142 43 recepit:
1687 566 83 43 Sic
1734 566 94 43 enim
1793 566 106 43 fecit
1863 566 71 43 in
1887 566 59 43 Pa¬-

1134 599 127 40 radiso
1223 599 102 40 quum
1287 599 127 40 Adamus
1376 599 64 40 &
1402 599 89 40 Eva
1452 599 76 40 in
1491 599 153 40 peccatum
1605 599 115 40 lapsi
1681 599 140 40 essent.
1783 599 89 40 Huc
1821 599 115 40 pertine

1138 636 98 37 quod
1199 636 123 37 Paulus
1285 636 86 37 ait
1334 636 98 37 Rom.
1395 636 74 37 5.
1432 636 74 37 v.
1469 636 74 37 8.
1505 636 159 37 Cemmendat
1628 636 110 37 autem
1701 636 98 37 suam
1763 636 98 37 erga
1824 636 86 37 nos
1861 636 74 37 cha¬-

1138 672 134 43 ritatem
1235 672 110 43 Deus,
1308 672 73 43 eo
1345 672 97 43 quod
1406 672 97 43 quum
1466 672 110 43 adhuc
1539 672 134 43 essemus
1637 672 183 43 peccatores,
1783 672 146 43 Christus
1880 672 61 43 pro

1131 698 105 44 nobis
1202 698 129 44 mortuus
1295 698 94 44 sit:
1354 698 59 44 &
1377 698 70 44 v.
1412 698 82 44 10.
1459 698 94 44 quum
1518 698 129 44 inimici
1611 698 141 44 essemus,
1717 698 187 44 reconciliati
1857 698 94 44 fuimus

1133 731 80 52 Deo
1178 731 80 52 per
1224 731 114 52 mortem
1303 731 102 52 Filij
1372 731 102 52 ejus.
1440 731 68 52 2.
1474 731 137 52 Corinth.
1576 731 68 52 5.
1611 731 68 52 v.
1645 731 80 52 18.
1690 731 193 52 Reconciliavit
1850 731 80 52 nos
1884 731 68 52 sibi

1141 769 86 37 per
1190 769 110 37 Iesum
1263 769 159 37 Christum.
1386 769 61 37 &
1410 769 74 37 v.
1447 769 86 37 19,
1496 769 86 37 20.
1545 769 98 37 Deus
1606 769 98 37 erat
1668 769 74 37 in
1704 769 135 37 Christo
1802 769 123 37 mundum
1876 769 61 37 re¬-

1127 799 151 41 concilians
1246 799 97 41 sibi,
1311 799 76 41 non
1354 799 140 41 imputando
1462 799 76 41 eis
1505 799 130 41 offensas
1602 799 108 41 eorum:
1678 799 140 41 posuitque
1786 799 65 41 in
1818 799 97 41 nobis
1872 799 65 41 ser¬-

1128 840 110 39 monem
1201 840 110 39 illum
1275 840 257 39 reconciliationis.
1495 840 123 39 Itaque
1581 840 123 39 nomine
1667 840 135 39 Christi
1765 840 159 39 legatione
1875 840 74 39 fun¬-

1128 866 121 48 gimur,
1212 866 60 48 &
1237 866 109 48 velut
1309 866 85 48 Deo
1357 866 85 48 vos
1406 866 133 48 rogante
1502 866 85 48 per
1551 866 97 48 nos,
1611 866 121 48 oramus
1695 866 133 48 Christi
1792 866 133 48 nomine,
1877 866 60 48 re¬-

1131 894 193 44 conciliamini
1276 894 72 44 Deo.

1173 925 93 55 III.
1231 925 93 55 Quia
1289 925 104 55 etiam
1359 925 139 55 Gentiles
1463 925 186 55 laudatissimi
1614 925 70 55 id
1649 925 151 55 fecerunt,
1765 925 58 55 a
1788 925 116 55 quibus
1858 925 81 55 Chri¬-

1127 960 133 42 stianos
1223 960 193 42 mansuetudine
1380 960 145 42 superati
1488 960 108 42 turpe
1549 960 96 42 foret.

1174 995 87 44 Cum
1223 995 199 44 mansuetudine
1385 995 125 44 pugnat
1473 995 174 44 iracundia,
1610 995 87 44 ira
1659 995 149 44 injusta,
1772 995 62 44 &
1784 995 137 44 lentitudo

1192 1031 167 48 Iracundia,
1323 1031 84 48 est
1371 1031 119 48 vitium
1455 1031 84 48 cum
1502 1031 95 48 quis
1562 1031 95 48 plus
1622 1031 107 48 aequo
1693 1031 143 48 indulget
1789 1031 155 48 concitatiom

1131 1061 110 47 animi
1204 1061 73 47 ad
1241 1061 147 47 ultionem
1351 1061 196 47 properantis.
1498 1061 134 47 ὄργιλότης

1171 1082 136 56 Iracundi
1273 1082 114 56 igitur
1352 1082 91 56 sunt
1409 1082 79 56 qui
1454 1082 91 56 plus
1511 1082 102 56 aequo
1579 1082 91 56 irae
1625 1082 136 56 indulgent.

1161 1128 104 60 Eorum
1231 1128 116 60 variae
1312 1128 93 60 sunt
1370 1128 197 60 differentiae:
1532 1128 116 60 quidam
1613 1128 93 60 enim
1671 1128 139 60 dicuntur
1775 1128 139 60 ὄργίλον,
1880 1128 93 60 qui¬

1126 1160 86 42 dam
1175 1160 171 42 ἀκριχιλον,
1309 1160 122 42 quidam
1395 1160 135 42 τικροι,
1493 1160 122 42 quidam
1579 1160 147 42 μαλεποί.

1192 1190 135 52 Θργιλον,
1293 1190 90 52 sunt
1349 1190 78 52 qui
1394 1190 90 52 cito
1450 1190 56 52 &
1472 1190 112 52 facile
1551 1190 168 52 irascuntur,
1685 1190 67 52 at
1719 1190 78 52 non
1764 1190 78 52 diu
1808 1190 90 52 iram
1853 1190 90 52 susti¬-

1125 1228 105 46 nent,
1195 1228 82 46 sed
1242 1228 82 46 mox
1289 1228 117 46 sedari
1370 1228 140 46 possunt.

1167 1260 171 46 Axgργρλον,
1301 1260 98 46 sunt
1362 1260 85 46 qui
1411 1260 110 46 supra
1484 1260 110 46 modum
1557 1260 98 46 sunt
1618 1260 134 46 celeris
1716 1260 110 46 irae,
1789 1260 61 46 &
1814 1260 73 46 ad
1850 1260 110 46 omnia
1911 1260 37 46 &

1135 1298 123 37 omnibus
1224 1298 67 37 de
1258 1298 112 37 causis
1336 1298 179 37 exardescunt,
1482 1298 90 37 sive
1538 1298 112 37 facise
1616 1298 157 37 placentur,
1739 1298 90 37 sive
1795 1298 168 37 difficulter

1140 1333 132 45 propter
1236 1333 108 45 bilis
1308 1333 108 45 tamen
1381 1333 168 45 tenuitatem
1513 1333 168 45 verisimile
1645 1333 96 45 est,
1705 1333 84 45 eos
1754 1333 84 45 non
1802 1333 84 45 diu
1838 1333 108 45 servare

1117 1363 89 39 iram

1162 1388 133 48 Hixρoi,
1258 1388 72 48 id
1295 1388 97 48 est,
1355 1388 121 48 acerbi
1439 1388 60 48 &
1464 1388 109 48 amari
1536 1388 133 48 homines
1632 1388 109 48 sunt,
1705 1388 84 48 qui
1753 1388 97 48 iram
1801 1388 133 48 conceptam

1127 1427 160 42 diutissime
1252 1427 126 42 fovent,
1344 1427 80 42 nec
1390 1427 114 42 facile
1470 1427 160 42 desistunt,
1596 1427 92 42 nisi
1653 1427 137 42 ultionem
1756 1427 160 42 sumserint,
1870 1427 69 42 quae

1135 1461 73 45 in
1171 1461 85 45 iis
1220 1461 169 45 voluptatem
1353 1461 121 45 parit:
1437 1461 109 45 atque
1510 1461 73 45 hi
1546 1461 133 45 tempore
1643 1461 97 45 opus
1703 1461 133 45 habent,
1800 1461 73 45 ut
1836 1461 85 45 ira
1872 1461 73 45 con¬-

1131 1499 153 36 coquatur

1172 1530 127 41 Xαλεσει,
1267 1530 63 41 id
1299 1530 84 41 est,
1352 1530 106 41 saevi,
1426 1530 106 41 asperi
1500 1530 53 41 &
1521 1530 116 41 infesti
1605 1530 95 41 sunt,
1669 1530 74 41 qui
1711 1530 95 41 omnia
1774 1530 84 41 quae
1827 1530 106 41 fiunt,
1890 1530 53 41 ae¬-

1137 1563 81 36 gre
1184 1563 58 36 &
1207 1563 174 36 difficulter
1347 1563 128 36 ferunt:
1440 1563 128 36 gravius
1533 1563 58 36 &
1556 1563 128 36 diutius
1649 1563 93 36 quam
1707 1563 116 36 debent
1789 1563 174 36 irascuntur,

1132 1596 61 34 &
1156 1596 134 34 nunquam
1253 1596 97 34 nisi
1314 1596 109 34 sumta
1387 1596 146 34 ultione,
1496 1596 97 34 iram
1557 1596 134 34 exuunt:
1654 1596 73 34 hi
1691 1596 122 34 omnium
1776 1596 97 34 sunt
1825 1596 109 34 pessimi

1163 1627 182 38 Iracundiam,
1308 1627 182 38 ἀκρεχελιαν,
1454 1627 61 38 &
1478 1627 97 38 iram
1539 1627 158 38 injustam,
1660 1627 73 38 ac
1696 1627 158 38 vindictae
1806 1627 133 38 cupidita¬-

1128 1660 98 46 tem,
1189 1660 61 46 &
1213 1660 245 46 contensiositatem
1421 1660 110 46 magno
1495 1660 122 46 studio
1580 1660 61 46 &
1605 1660 147 46 cautione
1715 1660 135 46 vitabit
1800 1660 135 46 Christia¬

1116 1697 81 34 nus.

1158 1720 70 50 I.
1193 1720 93 50 Quia
1251 1720 58 50 a
1274 1720 81 50 Deo
1321 1720 93 50 illa
1379 1720 174 50 prohibetur,
1518 1720 186 50 Ecclesiastae
1669 1720 70 50 7.
1704 1720 70 50 v.
1739 1720 70 50 9.
1774 1720 70 50 Ne
1797 1720 139 50 perturbato

1125 1754 121 51 spiritu
1213 1754 77 51 tuo
1257 1754 166 51 indigneris.
1390 1754 88 51 Lev.
1445 1754 77 51 19.
1489 1754 66 51 v.
1522 1754 77 51 18.
1567 1754 66 51 Ne
1600 1754 166 51 ulciscitor,
1732 1754 99 51 neque
1799 1754 88 51 iram
1843 1754 88 51 asser¬-

1125 1792 95 42 vato
1184 1792 71 42 in
1220 1792 154 42 populares
1327 1792 83 42 tuos.

1164 1820 83 46 II.
1212 1820 95 46 Quia
1271 1820 71 46 ex
1307 1820 142 46 diametro
1413 1820 83 46 cum
1461 1820 154 46 sapientia
1580 1820 131 46 pugnat,
1675 1820 59 46 &
1698 1820 119 46 vitium
1782 1820 83 46 est
1817 1820 107 46 stolide

1134 1861 91 42 rum
1186 1861 169 42 proprium.
1316 1861 143 42 Excutit
1420 1861 104 42 enim
1485 1861 156 42 rationes
1602 1861 130 42 omnes,
1693 1861 182 42 consilium,
1823 1861 117 42 mentem,

1126 1890 171 38 intellectum
1263 1890 126 38 denique
1354 1890 126 38 cripit,
1446 1890 80 38 ita
1491 1890 69 38 ut
1526 1890 57 38 a
1548 1890 137 38 furioso,
1651 1890 91 38 nisi
1708 1890 137 38 temporis
1800 1890 137 38 brevitate,

1132 1929 104 39 nihil
1202 1929 150 39 differat,
1317 1929 104 39 cujus
1386 1929 115 39 animum
1466 1929 150 39 iracundia
1581 1929 184 39 occupaverit,
1731 1929 138 39 Proverb.
1834 1929 81 39 12.
1869 1929 69 39 ver.

1136 1961 76 35 15.
1180 1961 108 35 Stulti
1255 1961 108 35 ipsius
1331 1961 152 35 indignatio
1450 1961 98 35 eodem
1515 1961 76 35 die
1559 1961 163 35 agnoscitur.
1689 1961 54 35 &
1710 1961 87 35 cap.
1765 1961 76 35 18.
1808 1961 65 35 v.
1840 1961 65 35 6.
1862 1961 65 35 Ser¬-

1125 1994 107 33 mones
1197 1994 131 33 stolidi
1292 1994 119 33 ineunt
1376 1994 203 33 contentionem,
1542 1994 60 33 &
1566 1994 72 33 os
1602 1994 95 33 ejus
1662 1994 179 33 confusiones
1805 1994 143 33 advocat,
1900 1994 36 33 &

1131 2027 82 40 cap.
1182 2027 72 40 20.
1223 2027 61 40 v.
1254 2027 61 40 3.
1284 2027 123 40 Quisquis
1377 2027 113 40 stultus
1459 2027 82 40 est,
1510 2027 143 40 immiscebit
1623 2027 61 40 se
1653 2027 92 40 liti.
1715 2027 154 40 Ecclesiast.
1838 2027 61 40 7.
1869 2027 61 40 v.
1889 2027 41 40 9.

1120 2059 169 44 Indignatio
1253 2059 72 44 in
1289 2059 97 44 sinu
1349 2059 169 44 stolidorum
1470 2059 157 44 conquiescit

1164 2091 100 44 III.
1226 2091 100 44 Quia
1288 2091 87 44 est
1338 2091 125 44 vitium
1425 2091 162 44 muliebre,
1550 2091 87 44 imo
1600 2091 125 44 vitium
1687 2091 162 44 stultorum
1799 2091 137 44 proprium,

1120 2125 86 36 qui
1169 2125 136 36 propter
1268 2125 111 36 animi
1342 2125 185 36 impotentiam
1490 2125 74 36 ac
1527 2125 185 36 debilitatem
1675 2125 160 36 levissima
1799 2125 123 36 quaque
1873 2125 49 36 r¬-

1129 2165 195 35 offenduntur,
1287 2165 61 35 &
1312 2165 134 35 offensi
1409 2165 73 35 ad
1446 2165 122 35 inanem
1531 2165 159 35 viriumque
1653 2165 146 35 expertem
1763 2165 159 35 vindictae
1873 2165 61 35 cu¬-

1134 2189 135 45 piditatem
1237 2189 166 45 accenduntur.
1372 2189 93 45 Prov.
1434 2189 73 45 12.
1476 2189 62 45 v.
1507 2189 73 45 15.
1549 2189 62 45 Et
1580 2189 83 45 cap.
1632 2189 73 45 14.
1673 2189 62 45 v.
1704 2189 73 45 17.
1746 2189 124 45 Praeceps
1839 2189 73 45 ira
1870 2189 52 45 es¬-

1126 2222 96 42 ficit
1180 2222 138 42 stultitiam.

1155 2246 92 44 IV.
1208 2246 106 44 Quia
1274 2246 79 44 in
1313 2246 145 44 omnibus
1419 2246 185 44 improbatur
1564 2246 66 44 &
1591 2246 211 44 vituperatur,
1762 2246 79 44 ut
1802 2246 79 44 in
1828 2246 106 44 Cajino

1126 2288 91 35 Gen.
1182 2288 68 35 4,
1216 2288 68 35 5.
1250 2288 79 35 &6.
1296 2288 68 35 in
1330 2288 113 35 Eliabo
1409 2288 113 35 fratre
1488 2288 136 35 Davidis,
1590 2288 68 35 1.
1624 2288 91 35 Sam.
1681 2288 79 35 17.
1726 2288 68 35 v.
1760 2288 79 35 28.
1805 2288 68 35 in
1828 2288 102 35 Achabo¬-

1129 2320 89 58 Rege
1184 2320 100 58 decem
1251 2320 122 58 tribuum
1339 2320 133 58 Israelis
1439 2320 66 58 1.
1472 2320 89 58 Reg.
1527 2320 77 58 21.
1572 2320 100 58 vers.
1638 2320 66 58 4.
1671 2320 66 58 in
1705 2320 155 58 discipulis
1815 2320 111 58 Christi¬-

1127 2357 81 44 Luc.
1177 2357 61 44 9.
1208 2357 61 44 v.
1238 2357 71 44 34,
1268 2357 51 44 55.

1158 2381 70 60 V.
1193 2381 93 60 Quia
1251 2381 93 60 irae
1309 2381 139 60 ingentis
1414 2381 116 60 exitus
1495 2381 105 60 furor
1565 2381 93 60 est:
1623 2381 139 60 immodica
1728 2381 81 60 ira
1774 2381 116 60 gignit
1844 2381 81 60 insa¬-

1121 2420 100 46 niam:
1187 2420 111 46 iracun
1265 2420 89 46 diae
1320 2420 100 46 comes
1387 2420 144 46 tristitia
1487 2420 66 46 est.

1164 2453 84 44 VI.
1212 2453 96 44 Quia
1272 2453 84 44 ira
1319 2453 96 44 plus
1379 2453 108 44 nocet
1451 2453 96 44 quam
1499 2453 119 44 injuria¬-

1158 2489 99 38 VII.
1219 2489 99 38 Quia
1281 2489 136 38 vitanda
1380 2489 160 38 sanitatis
1490 2489 99 38 causa.

1148 2521 114 39 VIII.
1224 2521 101 39 Quia
1288 2521 127 39 poenam
1376 2521 152 39 meretur,
1490 2521 127 39 Matth.
1578 2521 76 39 5.
1616 2521 76 39 v.
1642 2521 63 39 25.

1149 2555 81 40 IX.
1196 2555 93 40 Quia
1254 2555 127 40 dedecet
1346 2555 127 40 renatos
1439 2555 127 40 Spiritu
1532 2555 139 40 Christi,
1636 2555 93 40 Luc.
1694 2555 70 40 9.
1729 2555 70 40 v.
1752 2555 58 40 55.

1158 2577 74 63 X.
1195 2577 99 63 Quia
1257 2577 74 63 ab
1294 2577 99 63 illa
1356 2577 87 63 nos
1405 2577 173 63 dehortatur
1541 2577 149 63 exemplum
1653 2577 149 63 Christi,
1764 2577 87 63 qui
1801 2577 124 63 injurias

1118 2623 134 39 vindicare
1221 2623 114 39 noluit,
1304 2623 83 39 Luc.
1355 2623 62 39 9.
1386 2623 62 39 v.
1417 2623 72 39 56.
1459 2623 62 39 1.
1490 2623 93 39 Petr.
1552 2623 62 39 2.
1583 2623 62 39 v.
1603 2623 52 39 23.

1150 2654 86 41 XI.
1199 2654 98 41 Quia
1260 2654 111 41 malum
1334 2654 98 41 malo
1396 2654 160 41 retaliare
1519 2654 111 41 nullo
1592 2654 98 41 modo
1654 2654 123 41 licet;
1740 2654 86 41 imo
1789 2654 123 41 potius
1863 2654 49 41 re

1114 2680 124 50 petitae
1204 2680 135 50 injuriae
1305 2680 90 50 sunt
1362 2680 169 50 perferendae
1497 2680 56 50 &
1520 2680 101 50 ipsis
1587 2680 169 50 capitalibus
1722 2680 135 50 hostibus
1813 2680 101 50 benefa¬-

1120 2720 142 41 ciendum,
1226 2720 118 41 Matth.
1309 2720 71 41 5.
1344 2720 71 41 v.
1380 2720 83 41 38.
1427 2720 59 41 &
1439 2720 153 41 sequentibus

1149 2753 100 48 XII.
1211 2753 100 48 Quia
1273 2753 200 48 contentiones
1436 2753 137 48 excitat
1536 2753 162 48 seselonge
1660 2753 137 48 lateque
1748 2753 162 48 diffundente

1116 2784 60 37 &
1140 2784 192 37 perturbantes
1296 2784 132 37 multos.
1393 2784 144 37 Proverb.
1501 2784 84 37 17.
1549 2784 72 37 v.
1585 2784 72 37 14
1621 2784 108 37 Laxat
1693 2784 120 37 aquas,
1778 2784 84 37 qui
1826 2784 84 37 est
1862 2784 60 37 ca¬-

1101 2820 84 42 put
1149 2820 203 42 contentionis:
1316 2820 108 42 quare
1388 2820 132 42 antequa
1484 2820 96 42 sese
1544 2820 168 42 immisceat,
1676 2820 108 42 litem
1747 2820 108 42 ipsam
1807 2820 96 42 desere

1140 2847 114 45 XIII.
1216 2847 101 45 Quia
1279 2847 114 45 causa
1355 2847 88 45 est
1406 2847 152 45 multorum
1519 2847 152 45 malorum.
1633 2847 114 45 Prov.
1709 2847 88 45 17.
1759 2847 76 45 v.
1797 2847 88 45 19.
1835 2847 76 45 Dili

1107 2885 85 46 git
1155 2885 194 46 defectionem,
1313 2885 85 46 qui
1361 2885 133 46 diligit
1446 2885 109 46 jurgium

1152 2909 92 52 Non
1204 2909 131 52 igitur
1296 2909 210 52 contendendum
1466 2909 92 52 cum
1519 2909 105 52 ullo
1584 2909 131 52 homine
1676 2909 157 52 immerito
1794 2909 105 52 sive
1846 2909 79 52 pri¬-

1119 2949 93 45 vatis
1180 2949 113 45 jurgis,
1263 2949 82 45 sive
1314 2949 113 45 litibus
1396 2949 62 45 in
1427 2949 93 45 jure,
1489 2949 123 45 Proverb.
1581 2949 62 45 3.
1612 2949 62 45 v.
1633 2949 51 45 25.

1162 2981 81 38 Imo
1209 2981 81 38 nec
1255 2981 139 38 adversus
1359 2981 208 38 contradicentes
1532 2981 139 38 veritati
1636 2981 127 38 divinae
1728 2981 81 38 est
1774 2981 139 38 iracunde
1867 2981 46 38 a¬-

1107 3011 139 51 gendum,
1209 3011 89 51 sed
1259 3011 164 51 contentio
1386 3011 152 51 fugienda
1500 3011 63 51 &
1525 3011 190 51 consulendum
1677 3011 215 51 aedificationi
1841 3011 76 51 quae

1111 3047 109 44 inter
1184 3047 145 44 rixandum
1293 3047 109 44 nulla
1365 3047 97 44 est,
1426 3047 109 44 donec
1498 3047 97 44 Deus
1559 3047 218 44 opportunitatem
1740 3047 145 44 exhibeat
1837 3047 73 44 com¬-

1109 3082 116 42 modam
1187 3082 77 42 ad
1212 3082 194 42 aedificandum.

1145 3103 67 48 I.
1178 3103 89 48 Quia
1234 3103 78 48 sic
1278 3103 144 48 praecipit
1389 3103 100 48 Deus,
1455 3103 122 48 Philip.
1544 3103 67 48 3.
1577 3103 67 48 v.
1611 3103 78 48 15.
1655 3103 133 48 Quotquot
1755 3103 111 48 adulti
1821 3103 89 48 sumus,

1097 3143 80 47 hoc
1142 3143 161 47 sentiamus:
1269 3143 92 47 quod
1326 3143 69 47 si
1360 3143 92 47 quid
1418 3143 115 47 aliter
1498 3143 149 47 sentitis,
1613 3143 80 47 hoc
1659 3143 115 47 quoque
1739 3143 103 47 vobis
1808 3143 92 47 Deus
1854 3143 57 47 re¬-

1105 3179 137 47 velabit.
1207 3179 68 47 4.
1241 3179 68 47 d.
1275 3179 68 47 Si
1310 3179 80 47 qui
1355 3179 114 47 nondum
1435 3179 148 47 veritatem
1549 3179 182 47 intelligant,
1697 3179 80 47 iis
1742 3179 114 47 turbae
1822 3179 80 47 non
1856 3179 57 47 mo¬-

1102 3213 129 46 vendae,
1196 3213 82 46 sed
1243 3213 129 46 benigne
1337 3213 152 46 tolerandi
1454 3213 106 46 sunt,
1525 3213 82 46 dum
1571 3213 59 46 &
1595 3213 94 46 ipsi
1654 3213 164 46 erudiantur
1783 3213 59 46 a
1794 3213 59 46 Deo
