2063 3446
193 129 91 58 II.
245 129 104 58 Quia
310 129 65 58 &
336 129 104 58 alij
400 129 142 58 fideles
504 129 91 58 non
556 129 207 58 contenderunt
724 129 91 58 cum
763 129 246 58 contradicentibus:

173 180 141 39 Exemplo
276 180 90 39 est
327 180 166 39 Jeremias,
455 180 90 39 qui
506 180 166 39 Chananjae
634 180 243 39 Pseudoprophetae
838 180 154 39 proterve
941 180 51 39 in

176 209 54 44 e
198 209 130 44 irruenti
295 209 119 44 cessit,
382 209 87 44 Jer.
436 209 76 44 28.
480 209 65 44 v.
512 209 76 44 11.
555 209 76 44 Sic
599 209 108 44 Paulus
675 209 76 44 ait
718 209 65 44 1.
751 209 87 44 Cor.
805 209 76 44 11.
848 209 98 44 v.16.
913 209 87 44 Quod
956 209 33 44 s

172 251 96 40 quis
232 251 132 40 videtur
328 251 192 40 contentiosus
484 251 108 40 esse,
556 251 84 40 nos
603 251 144 40 ejusmodi
711 251 204 40 consuetudinem
879 251 84 40 non
915 251 84 40 habe¬-

164 277 94 47 mus,
223 277 105 47 neque
293 277 152 47 Ecclesiae
399 277 70 47 Dei.

200 308 146 45 Proinde
306 308 80 45 ne
346 308 133 45 quidem
439 308 80 45 de
479 308 173 45 religione
612 308 200 45 sacrosancta
772 308 93 45 cum
825 308 146 45 quoquam
918 308 80 45 con¬-

174 346 182 40 pendendum,
317 346 78 40 ac
356 346 182 40 praesertim
500 346 91 40 cum
552 346 78 40 eo
591 346 91 40 qui
643 346 91 40 dat
695 346 143 40 operam,
800 346 78 40 ut
826 346 156 40 quomodocum

174 379 84 43 que
222 379 96 43 fiat
282 379 156 43 superior,
402 379 60 43 &
426 379 96 43 modo
486 379 120 43 victor
570 379 156 43 habeatur,
689 379 108 43 veras
761 379 144 43 rationes
857 379 132 43 negligit:

170 409 147 43 Justinus
280 409 123 43 Martyr
366 409 74 43 in
403 409 159 43 epistolam
525 409 74 43 ad
562 409 110 43 Zenam
635 409 61 43 &
648 409 123 43 Serenum.

194 445 156 40 Inprimis
311 445 156 40 fugienda
427 445 182 40 indignatio
570 445 156 40 adversus
687 445 169 40 ministros
816 445 117 40 verbi
894 445 91 40 Dei
933 445 78 40 ali¬-

158 475 117 41 osque
236 475 117 41 fidos
313 475 168 41 monitores
443 475 65 41 &
469 475 220 41 reprehensores
650 475 181 41 peccatorum
793 475 78 41 ac
819 475 130 41 vitiorum

197 514 74 33 I.
234 514 99 33 Quia
296 514 112 33 talis
370 514 174 33 indignatio
507 514 149 33 inprimis
619 514 62 33 a
643 514 87 33 Deo
681 514 161 33 prohibetur?

202 540 87 55 II.
251 540 100 55 Quia
314 540 87 55 non
364 540 125 55 tantum
451 540 75 55 in
489 540 150 55 privatis
601 540 175 55 hominibus,
739 540 87 55 sed
789 540 112 55 etiam
864 540 75 55 in
889 540 112 55 regibus

162 572 58 46 a
186 572 128 46 Spiritu
279 572 117 46 Sancto
361 572 152 46 culpatur,
477 572 70 46 ut
513 572 70 46 in
548 572 117 46 Achabo
629 572 70 46 1.
664 572 93 46 Reg.
723 572 82 46 20.
769 572 70 46 v.
793 572 58 46 43.

207 597 172 61 Abiracundia
344 597 57 61 &
367 597 80 61 ira
413 597 126 61 injusta
505 597 126 61 differt
596 597 126 61 Nemesis
688 597 80 61 seu
734 597 80 61 ira
780 597 115 61 justa,
860 597 69 61 de
894 597 80 61 qua
929 597 57 61 sua

171 643 85 49 pra
220 643 122 49 capite
293 643 158 49 decimosexto

223 661 146 55 Effectus
332 661 170 55 iracundiae
466 661 109 55 sunt,
539 661 109 55 ultio
612 661 146 55 privata,
721 661 195 55 contentiones
880 661 61 55 &
892 661 97 55 jurgis

175 708 90 44 Prov.
235 708 70 44 15.
275 708 60 44 v.
306 708 70 44 18.
346 708 90 44 lites
406 708 121 44 forenses
487 708 101 44 injustae

197 739 113 46 Vltio
273 739 151 46 privata,
386 739 88 46 est
436 739 151 46 peccatum
549 739 100 46 quum
612 739 100 46 quis
674 739 138 46 injuria
775 739 125 46 aliqua
863 739 88 46 seu
900 739 88 46 rever

172 773 83 40 seu
220 773 131 40 opimone
315 773 83 40 sua
362 773 119 40 laesus
445 773 59 40 a
469 773 143 40 quopiam,
576 773 71 40 in
612 773 107 40 illum
683 773 107 40 solam
754 773 107 40 animi
814 773 178 40 perturbatione

169 805 143 50 percitus,
279 805 88 50 sine
334 805 165 50 cognitione,
465 805 88 50 sine
520 805 132 50 judicio,
619 805 88 50 sine
674 805 132 50 ratione,
773 805 110 50 partes
849 805 121 50 judicis
926 805 66 50 sibi

174 844 137 38 assumit,
277 844 92 38 quas
334 844 114 38 judici
414 844 126 38 publico
506 844 160 38 relinquere
632 844 137 38 debebat,

252 874 84 49 Ea
294 874 183 49 nequaquam
420 874 169 49 usurpanda:

203 904 76 54 I.
241 904 102 54 Quia
305 904 127 54 cuique
394 904 63 54 a
419 904 89 54 Deo
470 904 89 54 est
521 904 178 54 interdicta
660 904 76 54 in
698 904 165 54 praecepto
825 904 165 54 Decalogi,
940 904 63 54 Non

172 945 130 33 becides;
270 945 109 33 Matth.
346 945 65 33 5.
378 945 65 33 v.
411 945 76 33 39.
454 945 87 33 Rom.
509 945 76 33 12.
552 945 65 33 v.
574 945 54 33 19.

188 970 78 53 2.
227 970 104 53 Quia
292 970 168 53 perturbat
421 970 155 53 rationem
538 970 142 53 ordinis
641 970 142 53 publici
745 970 104 53 quae
797 970 207 53 constantissima

162 1007 100 50 esse
225 1007 125 50 debet.
313 1007 138 50 Fraudat
413 1007 100 50 enim
476 1007 175 50 autoritate
613 1007 88 50 sua
663 1007 150 50 judices,
776 1007 75 50 ad
814 1007 100 50 quos
864 1007 125 50 cognitio

165 1044 144 46 pertinet.

207 1067 70 45 9.
242 1067 94 45 Quia
301 1067 94 45 ejus
360 1067 164 45 autoribus,
489 1067 164 45 suasoribus
618 1067 59 45 &
642 1067 141 45 patronis
747 1067 164 45 Pharisaeis
877 1067 59 45 &
888 1067 106 45 Scribis

179 1104 136 40 Christus
281 1104 91 40 ipse
337 1104 147 40 resistit,
450 1104 113 40 Matth.
529 1104 68 40 5.
563 1104 68 40 v.
597 1104 79 40 38,
643 1104 79 40 39.
688 1104 147 40 Pharisaei
801 1104 91 40 enim
858 1104 57 40 &
880 1104 124 40 Scribae
959 1104 57 40 ta¬-

167 1141 129 37 lionem
257 1141 168 37 unicuique
386 1141 129 37 homini
476 1141 219 37 permittebant,
657 1141 64 37 &
683 1141 155 37 privatas
799 1141 155 37 ultiones
902 1141 90 37 anime

164 1177 156 46 cujusque
281 1177 207 46 indulgebant,
449 1177 65 46 &
475 1177 156 46 armabant
592 1177 130 46 contra
683 1177 156 46 publicum
799 1177 143 46 ordinem
890 1177 104 46 priva¬-

176 1209 68 45 i
204 1209 164 45 cujusque
313 1209 109 45 manum.

211 1234 200 47 Contentiones
373 1234 62 47 &
398 1234 125 47 jurgia
485 1234 125 47 vitari
573 1234 137 47 debent;
672 1234 162 47 in¬primis
797 1234 62 47 a
822 1234 187 47 Christianis
960 1234 37 47 &

178 1275 207 48 propinquitates
350 1275 126 48 junctis
442 1275 103 48 inter
499 1275 46 48 se

201 1309 72 37 I.
237 1309 96 37 Quia
297 1309 179 37 prohibentur
440 1309 60 37 a
464 1309 96 37 Deo,
524 1309 120 37 Galat.
608 1309 72 37 5.
643 1309 108 37 vers.
703 1309 60 37 20.

213 1333 84 47 II.
261 1333 96 47 Quia
321 1333 156 47 nequaquam
441 1333 120 47 decent
525 1333 144 47 fratres,
634 1333 72 47 id
670 1333 96 47 est,
730 1333 84 47 qui
778 1333 168 47 religionis
898 1333 108 47 ojusdem

173 1376 64 39 &
199 1376 167 39 sanguinis
328 1376 180 39 conmunione
469 1376 103 39 sunt
534 1376 142 39 juncti.
637 1376 90 39 Sic
688 1376 116 39 Abram
765 1376 142 39 dicebat
868 1376 103 39 Loto
920 1376 77 39 quum

168 1405 107 37 esset
239 1405 154 37 identidem
358 1405 107 37 inter
429 1405 142 37 pastores
536 1405 130 37 ipsorum
630 1405 166 37 contentio,
761 1405 119 37 Genes.
844 1405 83 37 13.
891 1405 71 37 v.
927 1405 71 37 8.
951 1405 47 37 Ne

184 1439 115 46 quaeso
264 1439 80 46 sit
310 1439 149 46 contentio
424 1439 103 46 inter
493 1439 69 46 me
528 1439 57 46 &
551 1439 80 46 te,
597 1439 80 46 aut
642 1439 103 46 inter
711 1439 138 46 pastores
814 1439 92 46 meos
872 1439 57 46 &
883 1439 115 46 pastore.

173 1476 103 42 tuos:
241 1476 80 42 nam
287 1476 92 42 viri
345 1476 126 42 fratres
436 1476 115 42 sumus,
516 1476 69 42 id
551 1476 92 42 est,
608 1476 80 42 tum
654 1476 149 42 singulare
769 1476 80 42 jus
815 1476 149 42 sanguinis
929 1476 57 42 &
941 1476 57 42 re¬-

186 1509 141 42 igionis
289 1509 154 42 communis
404 1509 115 42 inter
481 1509 103 42 nos,
545 1509 90 42 tum
597 1509 103 42 ipsa
661 1509 167 42 humanitas
789 1509 128 42 colere
879 1509 90 42 nos
917 1509 90 42 pacem

157 1543 104 44 jubet.

210 1565 109 50 Lites
283 1565 145 50 forenses
392 1565 157 50 injustae,
513 1565 97 50 sunt
573 1565 97 50 quas
634 1565 97 50 quis
694 1565 182 50 prosequitur
839 1565 121 50 habens
912 1565 97 50 causam

179 1602 169 44 injustam,
309 1602 91 44 aut
361 1602 143 44 etiamsi
465 1602 130 44 justam
556 1602 130 44 causam
647 1602 143 44 habeat,
751 1602 117 44 tamen
829 1602 143 44 injusto
920 1602 78 44 modo

171 1644 85 40 eam
219 1644 193 40 prosequitur,
376 1644 109 40 nempe
449 1644 85 40 vel
497 1644 72 40 ex
533 1644 169 40 iracundia,
666 1644 169 40 cupiditate
799 1644 157 40 vindictae
919 1644 60 40 &
932 1644 72 40 stu¬-

171 1676 89 39 dio
222 1676 165 39 molestias
349 1676 165 39 exhibendi
475 1676 139 39 proximo
577 1676 165 39 damnisque
703 1676 89 39 eum
754 1676 190 39 afficiendi;
906 1676 89 39 vel
944 1676 63 39 co¬-

177 1705 86 49 tam
226 1705 159 49 judicibus
336 1705 171 49 infidelibus.

277 1737 140 37 Abillis
367 1737 179 37 abstinendum:

211 1765 65 39 I.
244 1765 87 39 Quia
298 1765 87 39 sunt
353 1765 55 39 a
375 1765 76 39 Deo
418 1765 164 39 prohibitae,
549 1765 65 39 1.
582 1765 87 39 Cor.
636 1765 65 39 6.
669 1765 65 39 v.
702 1765 65 39 1,
735 1765 65 39 6,
756 1765 44 39 7.

215 1797 92 48 II.
267 1797 105 48 Quia
333 1797 105 48 sunt
398 1797 157 48 indicium
516 1797 157 48 defectus
634 1797 118 48 magni
712 1797 65 48 &
738 1797 144 48 pudendi
843 1797 183 48 fidelibus,

188 1836 128 44 Corinth.
284 1836 64 44 6.
316 1836 64 44 v.
337 1836 43 44 7.

206 1861 97 45 III.
267 1861 97 45 Quia
328 1861 219 45 proficiscuntur
510 1861 73 45 ex
547 1861 171 45 injustitia
681 1861 97 45 quae
742 1861 146 45 punietur
852 1861 171 45 exclusione
973 1861 37 45 e

184 1903 102 36 regno
251 1903 90 36 Dei,
308 1903 68 36 ut
342 1903 113 36 Paulus
421 1903 147 36 testatur,
534 1903 68 36 1.
568 1903 136 36 Corinth.
669 1903 68 36 6.
703 1903 68 36 v.
726 1903 45 36 9.

223 1940 166 31 Lentitudo,
354 1940 155 31 αοργνσια,
473 1940 83 31 est
520 1940 131 31 vitium,
616 1940 95 31 quum
675 1940 95 31 quis
734 1940 107 31 omnis
806 1940 95 31 irae
865 1940 83 31 est
901 1940 107 31 vacuus,

196 1965 105 38 etiam
266 1965 93 38 quum
324 1965 105 38 justa
394 1965 81 38 ira
440 1965 174 38 requiritur.
580 1965 116 38 Stulti
661 1965 128 38 hominis
754 1965 81 38 est
801 1965 58 38 &
824 1965 105 38 sensu
882 1965 128 38 carentis,

182 2006 87 44 non
231 2006 125 44 irasci
319 2006 100 44 quum
368 2006 125 44 oportet.

337 2033 178 57 Hactenus
471 2033 89 57 de
515 2033 253 57 Mansuetudine:
723 2033 178 57 sequitur

379 2136 316 58 CAPUT
554 2136 246 58 XXXV.

451 2192 87 69 In
494 2192 102 69 quo
552 2192 87 69 de
581 2192 174 69 exmeixeia.

190 2260 159 41 TΠiexeia,
312 2260 86 41 est
361 2260 122 41 virtus
447 2260 196 41 mansuetudini
606 2260 147 41 cognata,
716 2260 135 41 stricti
814 2260 110 41 juris
888 2260 98 41 quod
937 2260 73 41 poe¬-

194 2302 101 36 Lnas
258 2302 152 36 peccatis
371 2302 139 36 aequat,
472 2302 189 36 moderatrix,
624 2302 139 36 propter
725 2302 126 36 causam
813 2302 189 36 probabilem;
965 2302 76 36 ut

183 2344 87 34 cum
232 2344 137 34 propter
332 2344 125 34 factum
420 2344 87 34 aut
470 2344 162 34 officium,
595 2344 87 34 vel
645 2344 137 34 propter
745 2344 137 34 salutem
845 2344 150 34 publicam
945 2344 62 34 aut

195 2377 149 35 privatam
307 2377 112 35 eorum
381 2377 87 35 qui
431 2377 149 35 peccant,
543 2377 87 35 aut
593 2377 137 35 propter
692 2377 162 35 scandalum
817 2377 162 35 vitandum,
941 2377 100 35 ali¬

195 2401 93 50 quid
253 2401 162 50 remittitur
381 2401 69 50 de
415 2401 116 50 nostro
496 2401 93 50 jure
554 2401 69 50 in
589 2401 139 50 peccatis
693 2401 151 50 puniendis
809 2401 81 50 aut
844 2401 162 50 persequendi.

184 2435 119 52 injuriis.

279 2459 88 49 Est
316 2459 150 49 exercenda:

226 2489 54 51 I
248 2489 87 51 Quia
302 2489 141 51 praecepta
411 2489 98 51 nobis
476 2489 76 51 est
520 2489 54 51 a
542 2489 87 51 Deo,
596 2489 87 51 Gal.
650 2489 65 51 6.
683 2489 65 51 v.
716 2489 65 51 1.
748 2489 131 51 Philipp.
846 2489 65 51 4.
879 2489 65 51 v.
900 2489 44 51 5.

232 2524 84 52 II.
280 2524 96 52 Quia
340 2524 120 52 maxime
424 2524 108 52 decet
497 2524 132 52 homines
593 2524 84 52 qui
641 2524 72 52 ex
677 2524 180 52 infirmitate
822 2524 120 52 variis
894 2524 120 52 lapsibus

188 2564 58 46 &
212 2564 93 46 ipsi
270 2564 93 46 sunt
317 2564 117 46 obnoxij.

227 2590 95 52 III.
286 2590 95 52 Quia
346 2590 95 52 illa
405 2590 178 52 unusquisque
547 2590 130 52 nostrum
642 2590 142 52 indigere
749 2590 71 52 ab
784 2590 107 52 aliis
843 2590 107 52 potest.

234 2633 166 34 Opponitur
362 2633 77 34 ei
401 2633 115 34 nimia
477 2633 192 34 indulgentia
631 2633 64 34 &
657 2633 115 34 rigor
721 2633 166 34 importunus.

229 2662 111 46 Nimia
303 2662 198 46 indulgentia,
464 2662 87 46 est
513 2662 161 46 peccatum,
637 2662 99 46 quum
699 2662 99 46 quis
761 2662 87 46 non
810 2662 136 46 movetur
909 2662 87 46 iis
946 2662 62 46 re¬-

199 2690 100 43 bus,
261 2690 125 43 quibus
349 2690 163 43 oportebat
474 2690 125 43 moveri
561 2690 75 43 ex
599 2690 138 43 officio
699 2690 75 43 ad
736 2690 125 43 poenam
824 2690 175 43 irrogandum
949 2690 63 43 de¬-

203 2731 203 41 linquentibus
368 2731 152 41 secundum
483 2731 152 41 mandatum
597 2731 102 41 Dei,
660 2731 89 41 sed
711 2731 152 41 impunita
826 2731 140 41 quaevis
914 2731 102 41 promi¬-

200 2764 80 47 scue
250 2764 111 47 peccata
331 2764 101 47 sinit.

261 2787 113 53 Rigor
337 2787 188 53 importunus,
487 2787 88 53 est
537 2787 150 53 peccatum
649 2787 88 53 cum
699 2787 100 53 quis
762 2787 100 53 erga
824 2787 200 53 delinquentes
974 2787 38 53 &

198 2820 120 53 lapsos
282 2820 144 53 inmodice
390 2820 108 53 durus
462 2820 96 53 est,
522 2820 144 53 censuras
629 2820 60 53 &
653 2820 216 53 reprehensiones
833 2820 132 53 illorum
917 2820 96 53 spiri¬-

209 2865 78 40 su
248 2865 222 40 mansuetudinis
431 2865 131 40 minime
509 2865 144 40 temperans

223 2896 168 65 Hactenus
349 2896 84 65 de
391 2896 154 65 virtute
503 2896 182 65 affectuum
644 2896 224 65 moderatrice:
826 2896 168 65 sequitur
938 2896 56 65 de

394 2942 155 51 virtute
506 2942 169 51 actionum
619 2942 211 51 moderatrices.

1213 159 320 51 CAPUT
1390 159 284 51 XXXVI.

1272 212 90 68 In
1317 212 105 68 quo
1377 212 90 68 de
1407 212 224 68 Liberalitate.

1069 268 130 60 PIRTUS
1160 268 155 60 actionum
1276 268 181 60 moderatrix
1419 268 155 60 versatur
1535 268 117 60 circa
1613 268 155 60 actiones
1730 268 91 60 vel
1768 268 104 60 decen¬-

1094 309 76 45 tes
1137 309 76 45 vel
1170 309 140 45 necessaria.

1077 333 130 53 Virtus
1168 333 182 53 moderatrix
1311 333 156 53 actionum
1428 333 182 53 decentium,
1571 333 130 53 elucet
1662 333 91 53 vel
1714 333 78 53 in
1740 333 130 53 communi¬-

1036 373 130 46 catione
1130 373 177 46 facultatum,
1272 373 82 46 vel
1319 373 71 46 in
1354 373 141 46 sermone,
1460 373 82 46 vel
1508 373 71 46 in
1543 373 130 46 moribus
1625 373 130 46 externis.

1067 412 191 44 Facultates,
1220 412 153 44 χρημαζα,
1335 412 64 44 &
1361 412 153 44 pecunias
1476 412 179 44 appellamus
1616 412 115 44 omnia
1692 412 128 44 quorum
1769 412 102 44 aesti¬-

1033 445 159 46 mationem
1152 445 146 46 metitur
1258 445 133 46 numus,
1351 445 80 46 ut
1391 445 106 46 sunt
1458 445 119 46 autea
1537 445 66 46 &
1564 445 159 46 argentea
1683 445 119 46 vasa,
1750 445 119 46 fundus,

1027 480 139 50 domus,
1124 480 153 50 vestis,
1235 480 236 50 medicamentum,
1430 480 139 50 cibus,
1527 480 139 50 potus,
1624 480 194 50 frumentum:
1763 480 111 50 summa,

1029 511 111 38 omnis
1103 511 86 38 res
1152 511 111 38 cujus
1226 511 173 38 aestimatio
1361 511 136 38 pecunia
1448 511 160 38 mensuratur.

1067 541 136 54 Virtus
1162 541 163 54 moderans
1285 541 258 54 communicationem
1502 541 190 54 facultatum
1651 541 95 54 vel
1692 541 176 54 liberalitas

1043 573 87 46 est,
1097 573 76 46 vel
1130 573 174 46 magnificentia.

1069 608 208 56 LIBERALITAS,
1238 608 91 56 est
1290 608 143 56 virtus,
1394 608 104 56 quae
1459 608 156 56 decentem
1575 608 208 56 moderationem
1731 608 143 56 observat:

1035 634 73 58 in
1071 634 157 58 minoribus
1192 634 206 58 largitionibus
1362 634 85 58 vel
1410 634 157 58 faciendis
1531 634 85 58 vel
1579 634 85 58 non
1616 634 169 58 acceptandis.

1089 677 172 44 Dupliciter
1224 677 98 44 ergo
1285 677 184 44 liberalitas
1433 677 172 44 exercetur:
1568 677 111 44 Primo
1642 677 61 44 &
1666 677 209 44 principaliter
1826 677 49 44 in

1033 708 129 41 dando,
1123 708 116 41 minus
1201 708 219 41 principaliter
1381 708 77 41 in
1419 708 193 41 accipiendo:
1574 708 129 41 maxime
1664 708 103 41 vero
1728 708 103 41 erga
1780 708 90 41 dome-

1047 746 110 39 ticos
1120 746 110 39 fidei
1193 746 73 39 ad
1230 746 183 39 sublevandum
1377 746 134 39 illorum
1474 746 134 39 inopiam
1572 746 171 39 necessario
1706 746 147 39 tempore,
1816 746 73 39 id

1042 777 91 49 que
1094 777 78 49 ex
1133 777 170 49 voluntate
1264 777 170 49 spontanea
1394 777 130 49 absque
1486 777 144 49 aliorum
1590 777 157 49 impulsu;
1707 777 117 49 nedum
1786 777 78 49 ab
1812 777 52 49 am

1035 810 139 38 bitione,
1140 810 70 38 2.
1175 810 139 38 Corinth.
1268 810 46 38 8.

1070 836 139 56 Vocatur
1171 836 113 56 etiam
1247 836 189 56 benignitas,
1398 836 214 56 beneficentia,
1562 836 189 56 munificentia.

1074 875 76 39 Ea
1112 875 89 39 est
1163 875 165 39 alacriter
1290 875 64 39 &
1316 875 89 39 cum
1367 875 127 39 gaudio
1443 875 140 39 exercenda

1071 903 76 43 I.
1109 903 101 43 Quia
1172 903 63 43 a
1197 903 88 43 Deo
1248 903 138 43 mandata
1348 903 101 43 est,
1411 903 101 43 Gal.
1474 903 76 43 6.
1512 903 76 43 v.
1550 903 88 43 10.
1600 903 113 43 Nempe
1676 903 126 43 igitur
1764 903 88 43 dum
1801 903 76 43 tem¬-

1041 941 88 52 pus
1092 941 152 52 habemus,
1206 941 114 52 simus
1281 941 152 52 benefici
1395 941 101 52 erga
1458 941 126 52 omnes,
1547 941 126 52 maxime
1635 941 101 52 vero
1698 941 101 52 erga
1749 941 126 52 domesti¬-

1036 988 78 38 cos
1080 988 111 38 fidei.
1158 988 67 38 I.
1191 988 133 38 Thessal.
1291 988 67 38 5.
1325 988 67 38 v.
1358 988 78 38 15.
1402 988 189 38 Beneficentiam
1558 988 111 38 semper
1636 988 156 38 sectamini,
1758 988 78 38 tum
1791 988 78 38 inter

1040 1013 89 34 vos
1091 1013 128 34 mutuo,
1181 1013 89 34 tum
1232 1013 102 34 erga
1283 1013 102 34 omnes.

1074 1028 77 58 II.
1118 1028 88 58 Quia
1173 1028 77 58 est
1217 1028 110 58 gratia
1294 1028 55 58 a
1316 1028 77 58 Deo
1360 1028 154 58 praestita,
1481 1028 66 58 2.
1514 1028 132 58 Corinth.
1613 1028 66 58 8.
1646 1028 66 58 v.
1668 1028 44 58 1.

1075 1071 92 43 III.
1132 1071 92 43 Quia
1189 1071 80 43 est
1235 1071 160 43 fructuosa,
1361 1071 92 43 Gal.
1418 1071 69 43 6.
1453 1071 69 43 v.
1487 1071 69 43 7,
1522 1071 69 43 8.
1556 1071 69 43 Ne
1590 1071 126 43 errate;
1682 1071 92 43 Deus
1739 1071 80 43 non
1774 1071 103 43 irride¬-

1043 1106 105 43 tur:
1108 1106 157 43 quicquid
1226 1106 105 43 enim
1291 1106 196 43 seminaverit
1448 1106 118 43 homo,
1526 1106 91 43 hoc
1579 1106 65 43 &
1605 1106 131 43 metet.
1696 1106 91 43 Nam
1748 1106 91 43 qui
1788 1106 91 43 semi¬-

1049 1148 85 53 nat
1097 1148 109 53 carni
1170 1148 109 53 suae,
1243 1148 73 53 ex
1279 1148 109 53 carne
1352 1148 109 53 metet
1425 1148 170 53 interitum:
1558 1148 85 53 qui
1607 1148 97 53 vero
1668 1148 133 53 seminat
1753 1148 133 53 spiritui,

1052 1181 67 31 ex
1085 1181 124 31 spiritu
1175 1181 101 31 metet
1243 1181 101 31 vitam
1310 1181 146 31 aeternam.
1423 1181 67 31 2.
1456 1181 90 31 Cor.
1513 1181 67 31 8.
1546 1181 67 31 v.
1569 1181 56 31 10.

1083 1209 82 43 IV.
1130 1209 94 43 Quia
1189 1209 82 43 est
1236 1209 165 43 documentum
1366 1209 141 43 sincerae
1471 1209 176 43 charitatis,
1612 1209 71 43 2.
1648 1209 141 43 Corinth.
1754 1209 71 43 8.
1789 1209 94 43 ver.
1836 1209 47 43 8.

1056 1237 82 54 Non
1103 1237 71 54 ex
1139 1237 130 54 imperio
1233 1237 130 54 loquor,
1327 1237 82 54 sed
1374 1237 130 54 aliorum
1469 1237 130 54 studio,
1563 1237 130 54 vestrae
1657 1237 118 54 quoque
1728 1237 153 54 dilectionis

1054 1275 197 42 sinceritatem
1214 1275 136 42 reddens
1312 1275 185 42 exploratam.
1460 1275 74 42 Et
1497 1275 111 42 vers.
1571 1275 86 42 24.
1620 1275 123 42 Itaque
1694 1275 185 42 demonstratio¬-

1052 1315 77 39 nem
1096 1315 155 39 charitatis
1218 1315 132 39 vestrae,
1317 1315 55 39 &
1339 1315 121 39 nostrae
1427 1315 66 39 de
1460 1315 99 39 vobis
1527 1315 188 39 gloriationis,
1681 1315 99 39 edite
1748 1315 66 39 in
1781 1315 88 39 eos,
1825 1315 55 39 in¬-

1050 1340 155 46 conspectu
1157 1340 167 46 Ecclesiarum.

1109 1357 78 67 V.
1148 1357 105 67 Quia
1213 1357 78 67 in
1253 1357 144 67 sanctis
1357 1357 170 67 hominibus
1488 1357 65 67 a
1514 1357 144 67 Spiritu
1619 1357 131 67 Sancto
1697 1357 183 67 commendatur;

1055 1401 126 51 quorum
1144 1401 138 51 exempla
1244 1401 88 51 nos
1295 1401 113 51 decet
1370 1401 164 51 aemulari,
1496 1401 76 51 ut
1534 1401 76 51 in
1571 1401 201 51 Macedonibus,
1735 1401 76 51 2.
1760 1401 126 51 Corinth.

1046 1446 76 42 8.
1084 1446 89 42 Vir
1135 1446 89 42 Dei
1186 1446 89 42 qui
1237 1446 140 42 Bethele
1339 1446 191 42 prophetavit
1491 1446 127 42 contra
1580 1446 127 42 altate
1669 1446 64 42 a
1694 1446 165 42 Jarobeamo
1809 1446 76 42 ere¬-

1041 1478 106 50 ctum,
1112 1478 153 50 recusavit
1230 1478 142 50 accipere
1336 1478 106 50 munus
1407 1478 59 50 a
1430 1478 106 50 Rege,
1501 1478 71 50 1.
1537 1478 94 50 Reg.
1596 1478 83 50 13.
1643 1478 71 50 v.
1678 1478 71 50 7.
1702 1478 47 50 8.

1079 1509 90 41 VI.
1131 1509 103 41 Quia
1195 1509 77 41 ad
1234 1509 116 41 illam
1311 1509 90 41 suo
1363 1509 142 41 exemplo
1466 1509 90 41 nos
1517 1509 168 41 Apostolus
1646 1509 193 41 exhortatur,
1801 1509 77 41 2.
1827 1509 64 41 Co¬-

1053 1534 118 52 rinth.
1136 1534 71 52 8.
1171 1534 71 52 v.
1206 1534 71 52 9.
1242 1534 118 52 Nostis
1324 1534 94 52 enim
1383 1534 200 52 beneficentiam
1547 1534 118 52 Domini
1630 1534 118 52 nostri
1712 1534 94 52 Iesu
1759 1534 118 52 Christi.

1050 1581 85 45 eum
1098 1581 157 45 videlicet
1219 1581 133 45 propter
1316 1581 85 45 vos
1364 1581 145 45 pauperem
1473 1581 121 45 factum
1557 1581 109 45 esse,
1629 1581 97 45 quum
1690 1581 109 45 esset
1762 1581 121 45 dives:
1835 1581 48 45 ut

1048 1609 79 39 vos
1093 1609 112 39 illius
1171 1609 157 39 paupertato
1284 1609 157 39 ditesceretis

1083 1645 93 44 VII.
1142 1645 93 44 Quia
1200 1645 105 44 facit
1269 1645 70 44 ad
1304 1645 116 44 ipsius
1386 1645 81 44 Dei
1432 1645 140 44 gloriam,
1537 1645 70 44 2.
1572 1645 93 44 Cor.
1630 1645 70 44 8.
1665 1645 70 44 v.
1688 1645 58 44 19.

1087 1673 128 50 VIII.
1172 1673 114 50 Quia
1243 1673 128 50 facit
1328 1673 85 50 ad
1371 1673 227 50 comprobandum
1555 1673 170 50 promptum
1683 1673 142 50 animum
1783 1673 85 50 in
1811 1673 71 50 ob¬-

1054 1698 112 56 sequio
1132 1698 90 56 Dei;
1189 1698 67 56 2.
1222 1698 135 56 Corinth.
1324 1698 67 56 8.
1357 1698 67 56 v.
1380 1698 56 56 19.

1096 1732 72 51 X.
1132 1732 96 51 Quia
1192 1732 84 51 est
1240 1732 84 51 res
1287 1732 167 51 expetenda,
1419 1732 143 51 Proverb.
1526 1732 84 51 19.
1574 1732 72 51 v.
1598 1732 60 51 22.

1089 1779 194 45 Liberalitati
1247 1779 170 45 opponuntur
1381 1779 207 45 illiberalitas
1551 1779 61 45 &
1563 1779 170 45 prodigalitas

1077 1815 202 45 Illiberalitas
1243 1815 83 45 seu
1291 1815 166 45 tenacitas,
1421 1815 83 45 est
1469 1815 119 45 vitium
1552 1815 95 45 quum
1611 1815 95 45 quis
1670 1815 71 45 de
1706 1815 107 45 bonis
1777 1815 95 45 suis
1825 1815 59 45 vel

1046 1842 94 56 non
1099 1842 188 56 communicat
1247 1842 107 56 iis,
1314 1842 134 56 quibus
1407 1842 201 56 communicare
1568 1842 161 56 debebat,
1689 1842 94 56 vel
1743 1842 147 56 maligno
1836 1842 54 56 a¬-

1046 1872 94 42 nimo
1105 1872 70 42 id
1128 1872 82 42 faci¬-

1093 1908 174 50 Illiberalis
1233 1908 116 50 igitur
1314 1908 93 50 est,
1372 1908 81 50 non
1419 1908 116 50 tantum
1500 1908 81 50 is,
1547 1908 81 50 qui
1593 1908 105 50 nihil
1663 1908 81 50 vel
1710 1908 105 50 nimis
1779 1908 105 50 parum
1837 1908 47 50 de

1058 1947 111 45 bonis
1132 1947 99 45 suis
1193 1947 173 45 communicat
1329 1947 86 45 cum
1379 1947 123 45 aliis,
1465 1947 86 45 sed
1515 1947 111 45 etiam
1589 1947 86 45 qui
1638 1947 86 45 non
1687 1947 111 45 aequo
1762 1947 62 45 &
1774 1947 111 45 candido

1061 1980 110 41 inimo
1134 1980 183 41 communicat;
1280 1980 73 41 ut
1316 1980 73 41 si
1353 1980 97 41 quis
1414 1980 73 41 te
1450 1980 158 41 invitaret
1572 1980 183 41 ostentandae
1706 1980 170 41 beneficentia

1053 2003 87 58 seu
1102 2003 211 58 munificentiae
1276 2003 124 58 causa;
1364 2003 75 58 id
1401 2003 112 58 tamen
1476 2003 137 58 maligno
1575 2003 112 58 animo
1650 2003 149 58 faceret,
1762 2003 62 58 &
1774 2003 112 58 temali¬-

1052 2042 95 50 gno
1107 2042 122 50 oculo
1188 2042 204 50 adspiceret,
1352 2042 68 50 &
1379 2042 122 50 cibum
1460 2042 136 50 quidem
1556 2042 163 50 potumque
1678 2042 190 50 apponeret;
1814 2042 68 50 sed

1055 2079 122 47 quibus
1140 2079 134 47 doleret
1238 2079 73 47 te
1274 2079 97 47 uti.
1335 2079 110 47 Talis
1408 2079 134 47 hominis
1505 2079 183 47 conversatio
1652 2079 61 47 &
1676 2079 158 47 convictus
1786 2079 97 47 vitari

1052 2108 127 48 debet,
1141 2108 190 48 quemadmodum
1293 2108 152 48 consulit
1408 2108 152 48 Salomon.
1522 2108 152 48 Proverb.
1636 2108 89 48 23.
1687 2108 76 48 v.
1725 2108 76 48 6,
1763 2108 76 48 7,
1801 2108 76 48 8.
1827 2108 63 48 Ne¬-

1053 2136 139 53 vescitor
1157 2136 92 53 cibo
1215 2136 127 53 maligni
1308 2136 115 53 oculo,
1388 2136 104 53 neque
1458 2136 150 53 afficitor
1573 2136 150 53 desiderio
1689 2136 162 53 cupediarum
1804 2136 81 53 ejus:

1053 2174 85 48 Nam
1101 2174 73 48 ut
1138 2174 146 48 aestimat
1247 2174 85 48 te;
1296 2174 85 48 cum
1344 2174 109 48 animo
1417 2174 97 48 suo,
1478 2174 85 48 ita
1527 2174 97 48 ille
1587 2174 109 48 cibus
1660 2174 97 48 est:
1721 2174 121 48 comede
1806 2174 61 48 &
1818 2174 73 48 bibe

1057 2202 114 55 dicet
1133 2202 114 55 tibi,
1209 2202 88 55 sed
1260 2202 126 55 animus
1348 2202 101 55 ejus
1411 2202 88 55 non
1462 2202 152 55 adhaeret
1576 2202 114 55 tibi:
1651 2202 139 55 Bucceam
1753 2202 101 55 tuam
1803 2202 76 55 quam

1054 2237 169 41 comederis,
1187 2237 109 41 ipsam
1259 2237 133 41 evomes;
1356 2237 84 41 ubi
1404 2237 169 41 corruperis
1537 2237 84 41 res
1585 2237 97 41 tuas
1633 2237 169 41 amoenissimas

1120 2269 189 53 illiberalitas
1275 2269 122 53 differt
1364 2269 67 53 ab
1397 2269 144 53 avaritia:
1509 2269 89 53 quia
1564 2269 89 53 illa
1620 2269 67 53 in
1653 2269 155 53 retinendis
1764 2269 122 53 tenaciter

1053 2293 95 48 suis
1112 2293 107 48 bonis
1183 2293 166 48 occupatur:
1313 2293 95 48 haec
1373 2293 95 48 vero
1432 2293 71 48 in
1467 2293 178 48 acquirendis
1609 2293 107 48 nimis
1669 2293 107 48 cupide.

1090 2336 190 52 Illiberalitas
1247 2336 78 52 est
1291 2336 146 52 fugienda:
1403 2336 90 52 Quia
1459 2336 146 52 prohibita
1571 2336 78 52 est
1616 2336 56 52 a
1639 2336 90 52 Deo,
1695 2336 112 52 Levit.
1773 2336 78 52 19.
1818 2336 67 52 v.
1840 2336 45 52 9.

1061 2364 83 46 I0.
1109 2364 95 46 Quum
1168 2364 131 46 metetis
1263 2364 119 46 messem
1347 2364 119 46 terrae
1430 2364 143 46 vestrae,
1537 2364 71 46 ne
1573 2364 131 46 prorsus
1668 2364 143 46 demetito
1775 2364 107 46 latus
1834 2364 48 46 a¬-

1051 2402 84 43 gri
1099 2402 96 43 tui:
1159 2402 108 43 neque
1231 2402 180 43 spicilegium
1375 2402 120 43 messis
1459 2402 96 43 tuae
1520 2402 132 43 facito.
1616 2402 156 43 Similiter
1736 2402 120 43 vineam
1808 2402 72 43 tuam

1062 2443 69 44 ne
1097 2443 150 44 racemato,
1212 2443 58 44 &
1235 2443 138 44 deciduos
1339 2443 115 44 acinos
1419 2443 115 44 vincae
1500 2443 92 44 tuae
1558 2443 69 44 ne
1592 2443 150 44 relegito:
1707 2443 92 44 ipsi
1765 2443 127 44 pauperi
1845 2443 35 44 &

1051 2475 150 42 peregrino
1167 2475 162 42 relinquito
1294 2475 104 42 ista,
1363 2475 81 42 ego
1409 2475 81 42 sum
1455 2475 115 42 Iehova
1536 2475 92 42 Deus
1594 2475 127 42 vester.
1686 2475 104 42 Prov.
1756 2475 69 42 3.
1790 2475 69 42 v.
1813 2475 58 42 27.

1063 2509 84 43 28.
1111 2509 72 43 Ne
1147 2509 144 43 cohibeto
1255 2509 108 43 bonum
1326 2509 72 43 ab
1362 2509 84 43 eis
1410 2509 84 43 qui
1458 2509 96 43 opus
1518 2509 132 43 habent,
1614 2509 96 43 quum
1674 2509 84 43 est
1721 2509 72 43 in
1745 2509 132 43 potestate

1062 2535 106 51 manus
1133 2535 94 51 tuae
1191 2535 141 51 efficere
1297 2535 117 51 illud:
1379 2535 70 51 Ne
1414 2535 117 51 dicito
1496 2535 129 51 proximo
1590 2535 82 51 tuo
1637 2535 94 51 abi,
1695 2535 117 51 deinde
1766 2535 117 51 reverte¬-

1053 2568 83 39 re,
1101 2568 95 39 eras
1160 2568 95 39 enim
1219 2568 130 39 daturus
1314 2568 95 39 sum;
1373 2568 95 39 quum
1432 2568 119 39 fuerit
1515 2568 107 39 penes
1575 2568 59 39 to¬-

1116 2598 201 46 Prodigalitas,
1282 2598 83 46 est
1329 2598 118 46 vitium
1412 2598 95 46 quum
1471 2598 95 46 quis
1530 2598 71 46 de
1566 2598 189 46 facultatibus
1719 2598 95 46 suis
1767 2598 118 46 expendit

1058 2630 135 55 praeter
1156 2630 148 55 rationem
1267 2630 123 55 rectam
1353 2630 62 55 &
1378 2630 98 55 sine
1439 2630 197 55 necessitate,
1599 2630 86 55 cum
1648 2630 123 55 gaudio
1722 2630 160 55 profusionis

1034 2666 156 40 honorum.

1089 2685 84 50 Est
1137 2685 157 50 fugienda.
1258 2685 72 50 I.
1294 2685 96 50 Quia
1354 2685 60 50 a
1378 2685 84 50 Deo
1427 2685 84 50 est
1475 2685 121 50 vetita
1559 2685 72 50 in
1583 2685 121 50 Decalogo

1095 2731 86 56 II.
1144 2731 99 56 Quia
1206 2731 148 56 exhaurit
1316 2731 111 56 etiam
1390 2731 185 56 amplissimas
1538 2731 172 56 facultates
1674 2731 62 56 &
1698 2731 74 56 ad
1735 2731 135 56 inopiam
1821 2731 62 56 re¬

1057 2755 73 55 digit:

1247 2853 284 54 CAPUT
1405 2853 284 54 XXXVII.

1277 2916 95 66 In
1325 2916 111 66 quo
1388 2916 95 66 de
1420 2916 254 66 Magnificentia.

1099 2974 260 63 TTAGNITICENTIA,
1318 2974 246 63 μεγαλοπξίπεια,
1523 2974 96 63 est
1578 2974 137 63 virtus
1674 2974 109 63 quae
1742 2974 82 63 in
1770 2974 109 63 magnis

1067 2991 242 89 DTlargisionibus
1271 2991 89 89 vel
1322 2991 166 89 faciendis
1450 2991 89 89 vel
1501 2991 191 89 rejiciendis
1654 2991 217 89 mediocritatem
1819 2991 64 89 ob¬

1043 3051 100 41 serva.

1105 3074 142 58 Eafunrel
1212 3074 130 58 publica
1307 3074 95 58 est,
1366 3074 83 58 vel
1401 3074 119 58 privata.

1104 3107 127 64 Pauia,
1193 3107 102 64 quum
1257 3107 76 64 ad
1295 3107 152 64 publicos
1409 3107 102 64 usus
1472 3107 114 64 magni
1548 3107 127 64 sumtus
1637 3107 203 64 conferuntur.

1107 3150 104 53 ciii:
1177 3150 81 53 vel
1223 3150 70 53 in
1258 3150 93 53 pios
1316 3150 93 53 usus
1374 3150 58 53 &
1398 3150 81 53 res
1444 3150 116 53 sacras
1525 3150 58 53 &
1548 3150 139 53 fovendas
1653 3150 128 53 optimas
1734 3150 151 53 disciplinas
