2063 3370
212 156 136 55 Candori
311 156 173 55 opponuntur
447 156 74 55 in
484 156 149 55 defectu,
596 156 124 55 libido
682 156 186 55 obtrectandi
831 156 62 55 &
843 156 149 55 suspicaci¬-

172 201 89 41 tas:
227 201 67 41 in
261 201 133 41 excessu,
361 201 111 41 stulta
439 201 156 41 credulitas
561 201 56 41 &
572 201 122 41 adulatio.

205 234 114 47 Libido
285 234 183 47 obtrectandi,
433 234 80 47 est
479 234 114 47 vitium
559 234 92 47 quum
616 234 92 47 quis
674 234 69 47 in
708 234 137 47 deterius
811 234 103 47 rapit
879 234 57 47 &
891 234 80 47 sini¬-

171 269 94 37 stro
230 269 130 37 judicio
325 269 165 37 condemnat,
455 269 94 37 quod
514 269 130 37 aequius
608 269 189 37 interpretari
761 269 142 37 licebat,
856 269 118 37 profici¬-

166 304 101 39 scens
233 304 68 39 ex
267 304 180 39 malevolentia
414 304 56 39 &
436 304 124 39 livore:
526 304 113 39 qualis
605 304 113 39 libido
684 304 169 39 obtrectandi
819 304 90 39 erat
876 304 68 39 in
898 304 79 39 Scri¬-

171 337 72 42 bis
212 337 103 42 Matth.
284 337 62 42 9.
315 337 62 42 v.
345 337 62 42 3.
366 337 41 42 4.

211 372 156 42 Libidinis
331 372 180 42 obtrectandi
475 372 144 42 genuinus
584 372 120 42 partus
668 372 84 42 est
704 372 132 42 calumnia.

209 404 171 43 CALUMNIA,
340 404 92 43 est
393 404 144 43 vitium,
498 404 105 43 quum
563 404 105 43 quis
629 404 92 43 non
681 404 131 43 tantum
773 404 184 43 innocentes
904 404 66 43 fal

174 444 72 33 So
210 444 179 33 criminatur,
353 444 83 33 sed
401 444 107 33 etiam
472 444 107 33 recte
544 444 83 33 aut
591 444 179 33 mediocriter
735 444 83 33 aut
782 444 119 33 saltem
866 444 83 33 non
901 444 72 33 malo

168 478 115 35 animo
245 478 115 35 dicta
321 478 89 35 aut
372 478 115 35 facta
449 478 76 35 in
487 478 115 35 malam
563 478 127 35 partem
652 478 217 35 interpretatur
831 478 64 35 &
844 478 127 35 temerati

171 508 117 42 carpit
253 508 70 42 ac
288 508 152 42 condemnat
406 508 82 42 aut
452 508 117 42 falsum
534 508 105 42 etiam
605 508 152 42 adspergit
722 508 59 42 &
745 508 152 42 affingit,
851 508 117 42 perverse

173 541 80 37 que
218 541 69 37 de
253 541 103 37 aliis
321 541 137 37 judicat,
424 541 114 37 rigida
505 541 126 37 censura
596 541 126 37 aliorum
688 541 103 37 vitia
756 541 137 37 excutere
848 541 126 37 affectan¬-

182 572 135 38 secundum
283 572 135 38 carnales
385 572 90 38 suos
441 572 147 38 affectus,
554 572 68 38 ut
588 572 90 38 illi
645 572 90 38 quos
701 572 181 38 calumniatur,
848 572 102 38 aliis
904 572 68 38 pute

165 603 93 38 ant,
223 603 163 38 illorumque
351 603 174 38 existimatio
491 603 93 38 apud
549 603 105 38 bonos
619 603 174 38 imminuatur,
758 603 93 38 Joh.
816 603 70 38 8.
851 603 70 38 v.
886 603 81 38 15.
921 603 58 38 Vo.

173 636 155 47 secundum
289 636 129 47 carnem
366 636 142 47 judicatis

203 675 149 40 Calumniae
317 675 115 40 igitur
397 675 126 40 proxima
489 675 103 40 causa
558 675 149 40 efficiens
673 675 80 40 est
718 675 103 40 caro,
787 675 69 40 id
822 675 92 40 est,
867 675 115 40 carnales

170 712 152 36 affectus
284 712 152 36 hominis,
398 712 114 36 nempe
474 712 126 36 odium,
550 712 63 36 &c.

222 743 208 37 Calumniatorem
393 743 98 37 enim
454 743 135 37 culpant
552 743 110 37 etiam
625 743 122 37 optime
711 743 110 37 dicta
785 743 73 37 ac
821 743 110 37 facta
882 743 86 37 alic¬-

174 775 93 40 rum,
232 775 93 40 quia
290 775 104 40 illos
360 775 139 40 oderunt:
464 775 104 40 sicut
534 775 116 40 contra
615 775 128 40 laudant
708 775 104 40 etiam
777 775 128 40 pessime
870 775 104 40 dicta
928 775 58 40 ac¬-

167 812 113 36 facta
243 812 177 36 quorundam,
382 812 101 36 quia
445 812 88 36 eos
495 812 151 36 perverse
609 812 113 36 amant

223 835 153 45 Calumnia
338 835 89 45 vel
389 835 140 45 interna
491 835 89 45 est
542 835 89 45 vel
593 835 153 45 externa.
708 835 153 45 Calumnia
823 835 153 45 interna,
925 835 64 45 est

190 871 92 46 quum
247 871 92 46 quis
304 871 69 46 in
339 871 103 46 corde
408 871 80 46 suo
454 871 92 46 mala
511 871 126 46 cogitat
603 871 69 46 de
637 871 115 46 factis
718 871 138 46 alterius
821 871 115 46 easque
890 871 92 46 conde¬-

178 905 103 42 mnat:
246 905 115 42 qualis
327 905 92 42 erat
384 905 149 42 quorundam
499 905 57 42 e
522 905 126 42 Scribis
614 905 115 42 Matth.
695 905 69 42 9.
729 905 69 42 v.
764 905 69 42 3.
787 905 34 42 4

211 939 142 41 Calumnia
318 939 83 41 vel
365 939 131 41 publica
460 939 83 41 est
508 939 83 41 vel
543 939 119 41 privata.

213 972 92 40 Est
265 972 170 40 summopere
396 972 184 40 detestanda
541 972 66 40 &
567 972 157 40 fugienda
672 972 131 40 calumnia

212 1004 64 46 I.
244 1004 85 46 Quia
297 1004 53 46 a
319 1004 74 46 Deo
361 1004 160 46 prohibetur,
489 1004 96 46 Exod.
553 1004 74 46 23.
595 1004 64 46 v.
627 1004 64 46 1.
659 1004 96 46 Psal.
723 1004 64 46 4.
755 1004 64 46 v.
787 1004 64 46 3.
819 1004 106 46 Matth.
893 1004 64 46 7.
925 1004 64 46 v.
946 1004 43 46 1.

189 1043 71 38 Ne
213 1043 129 38 judicate.

221 1077 88 37 II.
272 1077 100 37 Quia
334 1077 75 37 ab
372 1077 75 37 eo
409 1077 88 37 nos
460 1077 175 37 dehortatur
597 1077 150 37 exemplum
710 1077 138 37 Christi
811 1077 63 37 &
836 1077 138 37 aliorum
923 1077 63 37 hoc

182 1102 128 54 minum
253 1102 184 54 laudatorum.

223 1134 95 45 III.
282 1134 95 45 Quia
341 1134 83 45 est
389 1134 118 45 vitium
472 1134 130 45 Satanae
566 1134 154 45 proprium,
684 1134 95 45 unde
744 1134 59 45 &
767 1134 154 45 diabolus,
886 1134 83 45 hoc
921 1134 71 45 est;

181 1169 186 41 calumniator
329 1169 148 41 dicitur.
440 1169 136 41 Satanas
539 1169 99 41 enim
601 1169 186 41 calumniatus
750 1169 87 41 est
799 1169 148 41 aeternum
898 1169 99 41 Filium

190 1202 85 36 Dei
238 1202 61 36 &
263 1202 73 36 ab
299 1202 146 36 obsequio
408 1202 121 36 illius
493 1202 121 36 multos
578 1202 134 36 angelos
675 1202 146 36 avertit.
785 1202 97 36 Idem
845 1202 134 36 Satanas
930 1202 61 36 ab¬-

185 1238 101 40 usus
248 1238 151 40 serpente
362 1238 76 40 in
400 1238 151 40 Paradiso
513 1238 189 40 calumniatus
664 1238 88 40 est
715 1238 101 40 Deum
778 1238 101 40 apud
841 1238 113 40 Evam,
904 1238 88 40 quas¬-

184 1269 92 44 Deus
242 1269 127 44 invidus
334 1269 115 44 esset,
415 1269 115 44 Genes.
496 1269 69 44 3.
531 1269 69 44 v.
565 1269 69 44 5.
600 1269 92 44 Idem
657 1269 127 44 accusat
750 1269 81 44 nos
796 1269 69 44 in
830 1269 150 44 conspectu
934 1269 58 44 Dei

192 1305 102 38 nostri
263 1305 81 38 dies
314 1305 61 38 ac
344 1305 112 38 noctes,
426 1305 112 38 Apocal.
507 1305 71 38 12.
548 1305 61 38 v.
568 1305 51 38 10.

213 1324 95 46 IV.
268 1324 109 46 Quia
336 1324 136 46 poenam
431 1324 122 46 habet
513 1324 163 46 comitem.
635 1324 95 46 Qui
690 1324 109 46 enim
758 1324 150 46 curiose
853 1324 136 46 inquirum

190 1365 74 35 in
227 1365 124 35 aliena
314 1365 112 35 facta
388 1365 112 35 eaque
462 1365 198 35 reprehendunt
623 1365 124 35 temere
710 1365 62 35 &
735 1365 99 35 odio
797 1365 124 35 quodam
871 1365 112 35 proximi

177 1402 71 35 ut
213 1402 142 35 meliores
319 1402 201 35 sanctioresque
484 1402 165 35 videantur;
614 1402 94 35 illi
673 1402 142 35 vicissim
779 1402 130 35 judicia
874 1402 130 35 aliorum
957 1402 35 35 &

177 1431 158 38 inprimis
295 1431 158 38 judicium
414 1431 92 38 Dei
467 1431 92 38 non
520 1431 185 38 effugiunt.
664 1431 92 38 Hoc
717 1431 171 38 argumento
849 1431 66 38 a
862 1431 132 38 calumni¬-

178 1467 90 39 ando
234 1467 124 39 avertit
324 1467 79 39 nos
369 1467 135 39 Christus
470 1467 113 39 Matth.
549 1467 68 39 7.
583 1467 68 39 v.
617 1467 68 39 1,
650 1467 68 39 2.
684 1467 68 39 Ne
718 1467 146 39 judicate,
830 1467 68 39 ut
864 1467 68 39 ne
887 1467 101 39 judice¬-

185 1492 118 50 mini.
264 1492 92 50 Quo
316 1492 105 50 enim
382 1492 145 50 judicio
488 1492 184 50 judicatis,
632 1492 224 50 judicabimini:
817 1492 66 50 &
843 1492 92 50 qua
883 1492 118 50 mensura

185 1529 163 44 metimini,
311 1529 113 44 eadem
386 1529 125 44 contra
474 1529 150 44 metietur
574 1529 100 44 vobis.

224 1556 76 43 V.
262 1556 101 43 Quia
326 1556 127 43 arguit
415 1556 216 43 calumniatorem
592 1556 165 43 majoribus
719 1556 127 43 vitiis
808 1556 165 43 laborare,
922 1556 76 43 quam

182 1589 76 45 eos
225 1589 87 45 quos
280 1589 119 45 culpat,
366 1589 108 45 Matth.
442 1589 65 45 7.
475 1589 65 45 v.
507 1589 65 45 3.
529 1589 43 45 4.

225 1621 86 40 VI.
274 1621 98 40 Quia
335 1621 86 40 est
384 1621 123 40 vitium
470 1621 86 40 quo
519 1621 172 40 communiter
654 1621 147 40 laborant
765 1621 172 40 hypocritae
900 1621 86 40 qui
937 1621 61 40 se¬-

190 1659 141 44 verissimi
299 1659 119 44 aliorum
385 1659 184 44 reprehensores
537 1659 98 44 sunt,
602 1659 65 44 in
634 1659 98 44 alijs
699 1659 217 44 perspicacissimi,
884 1659 65 44 in
905 1659 87 44 seipsi

197 1690 103 40 caeci,
269 1690 62 40 ut
300 1690 103 40 planum
372 1690 72 40 est
414 1690 62 40 ex
445 1690 93 40 dicto
507 1690 114 40 Christi
589 1690 103 40 Matth.
661 1690 62 40 7.
692 1690 93 40 vers.
754 1690 62 40 3.
785 1690 62 40 4,
816 1690 62 40 5.
847 1690 83 40 Luc.
899 1690 62 40 6.
930 1690 62 40 v.
951 1690 41 40 41

193 1725 78 37 42.
238 1725 67 37 Et
271 1725 112 37 Johan.
349 1725 67 37 8.
383 1725 101 37 vers.
450 1725 78 37 15.
495 1725 78 37 ait
539 1725 134 37 Christus
640 1725 67 37 de
674 1725 157 37 Pharisaeis
797 1725 201 37 calumniantibus
953 1725 45 37 id

196 1756 93 40 quod
254 1756 139 40 Christus
358 1756 69 40 de
393 1756 69 40 se
428 1756 139 40 dixerat;
532 1756 69 40 se
567 1756 93 40 esse
625 1756 104 40 lucem
694 1756 104 40 illam
764 1756 116 40 mundi:
845 1756 81 40 Vos
879 1756 116 40 secundum

189 1787 123 40 carnem
262 1787 135 40 judicatis

222 1806 97 52 VII.
282 1806 97 52 Quia
343 1806 182 52 unusquisque
488 1806 133 52 seipsum
585 1806 109 52 prius
658 1806 145 52 judicare
767 1806 61 52 &
791 1806 109 52 vitia
864 1806 85 52 sua
900 1806 97 52 corri¬-

196 1853 97 42 gere,
261 1853 86 42 quam
315 1853 97 42 alios
380 1853 119 42 carpere
466 1853 108 42 debet,
541 1853 108 42 Matth.
617 1853 65 42 7.
649 1853 65 42 v.
682 1853 65 42 5.
714 1853 86 42 Luc.
768 1853 65 42 6.
800 1853 65 42 v.
822 1853 43 42 41

232 1875 108 51 VIII.
304 1875 96 51 Quia
364 1875 108 51 bonus
436 1875 84 51 est
484 1875 84 51 non
532 1875 144 51 quisquis
639 1875 108 51 novit
711 1875 108 51 alios
783 1875 144 51 carpere,
891 1875 84 51 sed
939 1875 84 51 qui

187 1907 184 56 inteoritatem
336 1907 92 56 suam
394 1907 81 56 tum
440 1907 115 56 verbis
520 1907 81 56 tum
566 1907 115 56 factis
647 1907 127 56 probat,
739 1907 92 56 Luc.
796 1907 69 56 6.
831 1907 69 56 v.
854 1907 58 56 43.

226 1946 81 39 IX.
273 1946 92 39 Quia
330 1946 81 39 hoc
377 1946 116 39 vitium
458 1946 139 39 proprium
562 1946 81 39 est
608 1946 69 39 ut
642 1946 150 39 serpentis
758 1946 116 39 illius
839 1946 139 39 antiqui,
931 1946 58 39 qui

197 1977 157 37 propterea
317 1977 84 37 κατ
366 1977 108 37 iζοχν
438 1977 145 37 diabolus
546 1977 169 37 appellatur
679 1977 72 37 ut
715 1977 108 37 paulo
787 1977 96 37 ante
847 1977 133 37 dictum:
932 1977 60 37 it;

199 2010 62 38 &
223 2010 137 38 seminis
323 2010 137 38 illius,
423 2010 75 38 id
461 2010 100 38 est,
523 2010 137 38 malorum
623 2010 162 38 angelorum
748 2010 62 38 &
773 2010 137 38 hominum
873 2010 150 38 reprobo¬

196 2044 94 34 rum,
255 2044 83 34 qui
302 2044 141 34 capitali
408 2044 59 34 &
432 2044 236 34 irroconciliabili
632 2044 94 34 odio
691 2044 94 34 Seme
750 2044 106 34 illud
821 2044 141 34 mulieris
915 2044 83 34 CHRI¬-

197 2076 115 39 STUM
268 2076 158 39 Dominum
383 2076 72 39 &
412 2076 187 39 Ecclesiam
556 2076 101 39 DEI
613 2076 244 39 persequuntur,
814 2076 72 39 &
829 2076 172 39 calumnias,

195 2107 138 39 quamvis
296 2107 238 39 impudentissimas
496 2107 63 39 &
521 2107 188 39 palpabiles;
672 2107 176 39 confingere
810 2107 63 39 &
835 2107 150 39 spargere
935 2107 63 39 so¬-

196 2139 108 39 lenne
268 2139 120 39 habent
352 2139 144 39 adversus
460 2139 144 39 Christum
568 2139 60 39 &
592 2139 108 39 fidos
665 2139 144 39 cultores
773 2139 108 39 ejus,
845 2139 72 39 ut
881 2139 84 39 eos
917 2139 72 39 exo¬-

202 2174 79 39 sos
247 2174 124 39 reddant
337 2174 90 39 toti
393 2174 101 39 mundo
460 2174 56 39 &
482 2174 56 39 e
505 2174 101 39 medio
572 2174 124 39 tollant
662 2174 79 39 per
707 2174 168 39 seditiones,
842 2174 112 39 bella,
909 2174 90 39 perse¬-

201 2206 151 38 quutiones
317 2206 209 38 crudelissimas,
491 2206 70 38 ut
526 2206 151 38 Scriptura
642 2206 104 38 Sacra
711 2206 58 38 &
734 2206 139 38 historia
827 2206 174 38 Ecclesiastica

202 2237 159 40 testatur.
324 2237 74 40 Ut
361 2237 135 40 serpens
459 2237 147 40 antiquus
570 2237 184 40 calumniatus
717 2237 86 40 est
766 2237 98 40 Deum
827 2237 74 40 in
864 2237 147 40 Paradiso
962 2237 49 40 ad

194 2271 178 40 seducendos
334 2271 63 40 &
359 2271 152 40 inimicos
473 2271 165 40 reddendos
600 2271 89 40 Deo
651 2271 152 40 homines:
765 2271 89 40 ita
816 2271 101 40 idem
879 2271 89 40 est
917 2271 89 40 autor

197 2304 199 39 calumniarum
356 2304 133 39 omnium
449 2304 133 39 quibus
542 2304 106 39 inde
609 2304 80 39 ab
649 2304 133 39 initio
742 2304 120 39 mundi
821 2304 146 39 homines
914 2304 80 39 per¬-

197 2338 144 40 turbati
301 2338 157 40 fuerunt.
419 2338 131 40 Doegus
511 2338 196 40 calumniatus
667 2338 91 40 est
720 2338 144 40 Davidem
824 2338 65 40 &
837 2338 170 40 Sacerdotem:

204 2369 71 33 In
240 2369 95 33 aula
299 2369 118 33 Saulis
382 2369 201 33 calumniatores
547 2369 130 33 Davidis
642 2369 130 33 fuerunt
737 2369 142 33 plurimi:
843 2369 118 33 Judaei
914 2369 83 33 ealus

198 2401 121 36 mniati
283 2401 97 36 sunt
343 2401 145 36 Christum
452 2401 61 36 &
476 2401 157 36 Apostolos
597 2401 145 36 aliosque
706 2401 194 36 Christianos,
864 2401 73 36 ut
888 2401 121 36 historia

207 2431 165 35 Evangelica
337 2431 59 35 &
360 2431 130 35 caeteri
455 2431 106 35 libri
525 2431 94 35 novi
584 2431 165 35 Testamenti
714 2431 165 35 ostendunt.
844 2431 141 35 Gentiles
938 2431 59 35 ca¬-

201 2464 130 41 lumnias
296 2464 166 41 teterrimas
426 2464 142 41 adversus
533 2464 178 41 Christianos
675 2464 201 41 confinxerunt:
840 2464 142 41 Papistae
947 2464 59 41 &
959 2464 47 41 a¬-

196 2495 86 36 lij
245 2495 147 36 adversus
355 2495 135 36 fideles
454 2495 172 36 reformatam
589 2495 172 36 religionem
712 2495 135 36 amplexos.

236 2528 218 44 SUSPICACITAS,
415 2528 90 44 est
467 2528 128 44 vitium
556 2528 102 44 quum
620 2528 102 44 quis
684 2528 102 44 mala
748 2528 179 44 suspicatur
889 2528 77 44 de
914 2528 90 44 bonis

209 2566 137 39 inductus
311 2566 80 39 aut
357 2566 114 39 falsis
437 2566 194 39 suspicionibus
596 2566 125 39 haustis
688 2566 68 39 ex
722 2566 103 39 recte
790 2566 80 39 vel
836 2566 125 39 ambigue
916 2566 91 39 dictis

205 2606 75 46 aut
248 2606 107 46 factis
323 2606 86 46 quae
377 2606 129 46 sinistre
474 2606 129 46 accipit,
571 2606 75 46 aut
614 2606 97 46 etiam
678 2606 97 46 veris
742 2606 183 46 suspicionibus
893 2606 107 46 quibus
957 2606 54 46 ni¬-

200 2633 106 43 mium
253 2633 145 43 indulget.

250 2661 98 45 Abea
311 2661 134 45 differt
408 2661 146 45 SuSPICIO
518 2661 98 45 quae
579 2661 85 45 est
628 2661 122 45 opinio
713 2661 98 45 mali
774 2661 73 45 de
811 2661 134 45 aliquo,
896 2661 110 45 propter

218 2702 170 37 probabilem
351 2702 133 37 causam,
448 2702 97 37 sive
509 2702 109 37 veram
582 2702 97 37 sive
642 2702 182 37 apparentem.
788 2702 182 37 Suspiciones
921 2702 85 37 licet

210 2743 128 31 habere,
304 2743 93 31 nisi
362 2743 128 31 velimus
455 2743 93 31 esse
514 2743 117 31 stulti
595 2743 58 31 &
619 2743 117 31 bardi:
700 2743 105 31 nobis
770 2743 93 31 enim
829 2743 58 31 a
852 2743 128 31 Christo
934 2743 93 31 dictum

203 2769 80 36 est
248 2769 114 36 Matth.
328 2769 80 36 20.
374 2769 68 36 v.
408 2769 80 36 16,
453 2769 80 36 17.
499 2769 114 36 Cavete
579 2769 68 36 ab
613 2769 160 36 hominibus:
738 2769 114 36 estote
818 2769 148 36 prudentes
932 2769 103 36 sicut

201 2801 125 43 serpentes.

246 2821 81 48 Sed
293 2821 104 48 aliud
362 2821 81 48 est
409 2821 116 48 habere
490 2821 185 48 suspicionem:
640 2821 104 48 aliud
710 2821 162 48 suspicioni
826 2821 127 48 indulgere

237 2861 141 55 Suspicio
343 2861 117 55 duplex
425 2861 94 55 est;
484 2861 94 55 mala
542 2861 59 55 &
566 2861 106 55 bona:
636 2861 106 55 inter
707 2861 94 55 quas
765 2861 129 55 aliquot
859 2861 94 55 sunt
906 2861 94 55 diffe¬

205 2899 95 41 rentiae

254 2924 54 47 .
276 2924 86 47 Mala
330 2924 76 47 est
373 2924 140 47 suspicio,
481 2924 108 47 quando
557 2924 184 47 proficiscitur
708 2924 65 47 ex
740 2924 97 47 causa
805 2924 76 47 vel
848 2924 119 47 prorsus
924 2924 86 47 falsa¬-

213 2963 82 42 vel
260 2963 82 42 non
307 2963 187 42 sufficiente;
458 2963 70 42 ut
493 2963 82 42 cum
540 2963 140 42 fingitur
645 2963 82 42 aut
691 2963 152 42 cogitatur
808 2963 117 42 aliqua
890 2963 105 42 causa
948 2963 70 42 quae

212 2994 103 47 nulla
280 2994 80 47 est
326 2994 57 47 &
348 2994 137 47 proximus
451 2994 80 47 est
497 2994 160 47 intnocens:
622 2994 91 47 Bena
679 2994 91 47 vero
736 2994 80 47 cum
782 2994 68 47 ex
816 2994 103 47 causa
873 2994 137 47 sufficien¬-

218 3026 67 43 te
240 3026 146 43 suspicamur.

254 3051 68 42 2.
288 3051 90 42 Mala
344 3051 79 42 est
389 3051 146 42 suspicio,
501 3051 113 42 quando
580 3051 68 42 ex
614 3051 158 42 suspicione
738 3051 124 42 aliquid
828 3051 101 42 certi
884 3051 146 42 statuitur::

210 3084 109 54 Bona,
282 3084 121 54 quando
367 3084 97 54 res,
427 3084 85 54 cum
476 3084 97 54 sint
536 3084 169 54 probabiles
669 3084 145 54 rationes
777 3084 72 54 in
814 3084 145 54 utramque
910 3084 109 54 partem;

221 3121 65 49 in
254 3121 97 49 dubio
318 3121 172 49 relinquitur:

1054 168 71 56 3.
1090 168 94 56 Mala
1148 168 82 56 est
1195 168 153 56 suspicio,
1313 168 118 56 quindo
1395 168 71 56 ex
1430 168 94 56 illa
1489 168 94 56 quis
1548 168 71 56 in
1583 168 118 56 animum
1666 168 129 56 inducit
1748 168 94 56 nocere

1021 202 154 52 proximo:
1137 202 115 52 Bona,
1201 202 115 52 contra¬-

1063 242 74 44 4.
1100 242 99 44 Mala
1161 242 86 44 est
1211 242 160 44 suspicio,
1334 242 123 44 quando
1420 242 74 44 ex
1458 242 99 44 illa
1519 242 123 44 oritur
1606 242 111 44 odium
1680 242 74 44 in
1704 242 136 44 proximum:

1021 269 114 46 Bona,
1085 269 101 46 contra

1111 301 187 47 Suspicacitas
1263 301 82 47 est
1298 301 129 47 fugienda:

1057 334 71 46 I.
1093 334 95 46 Quia
1152 334 83 46 est
1199 334 59 46 a
1223 334 83 46 Deo
1259 334 142 46 prohibita.

1059 357 87 65 II.
1108 357 100 65 Quia
1171 357 62 65 a
1196 357 137 65 Spiritu
1296 357 87 65 Dei
1345 357 187 65 vituperatur
1495 357 75 65 in
1533 357 137 65 omnibus
1632 357 75 65 in
1657 357 175 65 quibuscunque

1027 397 91 53 est:
1083 397 68 53 ut
1118 397 68 53 in
1152 397 102 53 Saule
1220 397 80 53 qui
1265 397 102 53 falso
1333 397 193 53 suspicabatur,
1492 397 193 53 conjurationem
1651 397 136 53 adversus
1754 397 68 53 se
1776 397 57 53 in¬-

1031 443 99 47 itam,
1097 443 55 47 &
1119 443 132 47 insidias
1219 443 99 47 vitae
1285 443 88 47 suae
1340 443 55 47 &
1362 443 99 47 regno
1428 443 55 47 a
1451 443 110 47 Davide
1528 443 144 47 structas,
1638 443 66 47 1.
1671 443 88 47 Sam.
1727 443 77 47 22.
1771 443 66 47 v.
1804 443 66 47 7.

1033 466 59 46 8,
1063 466 69 46 13.
1102 466 49 46 i
1122 466 109 46 Judaeis
1201 466 99 46 Johan.
1270 466 59 46 5.
1300 466 59 46 v.
1320 466 49 46 45.

1058 498 94 55 III.
1117 498 94 55 Quia
1176 498 141 55 impellit
1282 498 71 55 ad
1317 498 130 55 pessima
1412 498 59 55 &
1435 498 153 55 scelerata
1553 498 141 55 consilia
1659 498 130 55 nocendi
1742 498 94 55 proxi¬-

1023 540 86 39 mo,
1072 540 74 39 ad
1109 540 210 39 crudelitatem,
1282 540 74 39 ad
1319 540 173 39 homicidia,
1454 540 74 39 ut
1491 540 148 39 ostendit
1602 540 148 39 exemplum
1713 540 123 39 Saulis
1787 540 62 39 Re¬-

1027 564 77 53 gis,
1076 564 58 53 1.
1105 564 77 53 Sam.
1153 564 68 53 18.
1192 564 58 53 v.
1221 564 58 53 7,
1240 564 39 53 8.

1058 588 132 57 STULTA
1150 588 198 57 CREDULITAS,
1308 588 92 57 est
1361 588 132 57 vitium
1453 588 105 57 quum
1519 588 105 57 quis
1585 588 132 57 temere
1677 588 105 57 sive
1743 588 92 57 uni
1782 588 53 57 a¬-

1030 621 103 54 licui
1098 621 91 54 sive
1155 621 103 54 famae
1224 621 160 54 assentitur
1349 621 91 54 sine
1406 621 103 54 justa
1475 621 80 54 vel
1520 621 148 54 prohabili
1635 621 114 54 causa:
1714 621 80 54 vel
1749 621 91 54 quande

1027 665 95 49 sunt
1087 665 143 49 rationes
1194 665 167 49 manifestae
1325 665 83 49 aut
1373 665 179 49 probabiles,
1515 665 107 49 tamen
1587 665 119 49 credit
1670 665 167 49 contrarium
1789 665 60 49 de¬-

1030 699 128 45 aliquo.
1123 699 139 45 Exemplum
1228 699 104 45 talis
1297 699 186 45 credulitatis
1448 699 81 45 est
1495 699 70 45 in
1530 699 128 45 Achabo.
1622 699 70 45 1.
1657 699 93 45 Reg.
1715 699 81 45 20.
1762 699 70 45 v.
1785 699 58 45 34.

1065 734 125 43 Natura
1152 734 112 43 famae
1227 734 137 43 omnibus
1327 734 100 43 nota
1389 734 100 43 est.
1452 734 125 43 Poetae
1539 734 150 43 Gentilis
1652 734 100 43 est,
1714 734 100 43 Fama
1764 734 100 43 malum?

1039 762 87 43 quo
1088 762 87 43 non
1138 762 112 43 aliud
1213 762 150 43 velocius
1326 762 125 43 ullum,
1413 762 175 43 Mobilitate
1551 762 125 43 viget,
1638 762 150 43 viresque
1738 762 125 43 acquirit

1034 799 130 48 eundo.
1125 799 91 48 Tam
1177 799 117 48 ficti
1254 799 155 48 pravique
1371 799 130 48 tenax,
1461 799 104 48 quam
1526 799 130 48 nuncia
1617 799 117 48 veri.
1695 799 91 48 Cur
1746 799 104 48 fama
1798 799 65 48 ma¬-

1024 829 108 50 lum?
1092 829 108 50 quia
1160 829 135 50 velox?
1254 829 108 50 quia
1322 829 135 50 index?
1417 829 81 50 an
1457 829 108 50 quia
1525 829 162 50 plurimum
1647 829 149 50 mendax;
1755 829 108 50 quae
1809 829 54 50 ne

1027 860 100 37 tunc
1089 860 125 37 quidem
1176 860 100 37 quum
1239 860 137 37 aliquid
1338 860 100 37 veri
1401 860 137 37 affert,
1500 860 100 37 sine
1563 860 150 37 mendacij
1675 860 112 37 vitio
1750 860 100 37 est,
1800 860 62 37 de¬-

1029 894 143 38 trahens,
1136 894 167 38 adjiciens,
1267 894 143 38 demutans
1374 894 71 38 de
1410 894 155 38 veritate?
1529 894 107 38 Quid?
1600 894 95 38 quod
1660 894 71 38 ea
1695 894 95 38 illi
1743 894 119 38 conditio

1030 929 104 47 est,
1095 929 78 47 ut
1134 929 143 47 nonnisi
1238 929 104 47 quum
1303 929 156 47 mentitur
1420 929 195 47 perseveret:
1577 929 65 47 &
1603 929 130 47 tamdiu
1694 929 130 47 vivit,
1772 929 91 47 quam¬-

1036 957 85 52 diu
1085 957 85 52 non
1133 957 134 52 probat.
1231 957 146 52 Siquidem
1341 957 85 52 ubi
1389 957 159 52 probavit,
1511 957 122 52 cessat
1597 957 110 52 esse,
1670 957 61 52 &
1694 957 110 52 quasi
1755 957 110 52 officio

1041 995 159 39 nunciandi
1163 995 135 39 functa,
1261 995 86 39 rem
1310 995 135 39 tradit:
1408 995 122 39 exinde
1494 995 86 39 res
1543 995 147 39 tenetur,
1653 995 86 39 res
1702 995 171 39 nominatur.

1043 1022 101 45 Sama
1106 1022 113 45 nomen
1182 1022 151 45 incerti,
1295 1022 113 45 locum
1370 1022 88 45 non
1421 1022 126 45 habet,
1509 1022 88 45 ubi
1559 1022 126 45 certum
1647 1022 101 45 est.
1710 1022 75 45 An
1748 1022 101 45 vero
1798 1022 63 45 fa¬-

1044 1060 83 42 mae
1091 1060 130 42 credat,
1186 1060 94 42 nisi
1245 1060 224 42 inconsideratus?
1433 1060 94 42 quia
1492 1060 130 42 sapiens
1587 1060 83 42 non
1634 1060 118 42 credit
1716 1060 142 42 incerto.
1811 1060 47 42 O¬-

1044 1093 106 41 mnium
1115 1093 83 41 est
1162 1093 165 41 aestimare,
1292 1093 106 41 quant
1363 1093 130 41 acunque
1457 1093 94 41 illa
1516 1093 153 41 ambitione
1634 1093 130 41 diffusa
1728 1093 94 41 sit,
1775 1093 71 41 quam

1047 1125 147 42 cacunque
1157 1125 208 42 asseveratione
1328 1125 184 42 constructa,
1475 1125 98 42 quod
1537 1125 73 42 ab
1573 1125 86 42 uno
1622 1125 159 42 aliquando
1733 1125 122 42 principe

1036 1156 117 44 exorta
1118 1156 93 44 sit:
1176 1156 128 44 necesse
1269 1156 82 44 est
1316 1156 117 44 exinde
1398 1156 70 44 in
1433 1156 140 44 traduces
1537 1156 151 44 linguarum
1654 1156 58 44 &
1677 1156 117 44 aurium
1747 1156 105 44 serpat.

1050 1183 61 50 &
1074 1183 85 50 ita
1123 1183 121 50 modici
1207 1183 133 50 seminis
1304 1183 121 50 vitium
1389 1183 218 50 caeterarumoris
1570 1183 157 50 obscurat,
1692 1183 73 50 ut
1728 1183 97 50 nemo
1776 1183 85 50 reco¬-

1036 1224 120 43 gitet,
1120 1224 84 43 num
1168 1224 120 43 primum
1251 1224 108 43 illud
1323 1224 72 43 os
1359 1224 155 43 mendacium
1478 1224 191 43 seminavirit,
1634 1224 96 43 quod
1694 1224 108 43 saepe
1765 1224 84 43 sit
1801 1224 60 43 aut

1042 1255 127 43 ingenio
1135 1255 184 43 amulationis,
1285 1255 81 43 aut
1331 1255 138 43 arbitrio
1434 1255 184 43 suspicionis,
1584 1255 81 43 aut
1630 1255 81 43 non
1677 1255 104 43 novii
1746 1255 81 43 sed
1780 1255 81 43 inge¬-

1040 1281 103 47 nita
1105 1281 168 47 quibusdam
1234 1281 168 47 mentiendi
1350 1281 142 47 uoluptato

1064 1309 165 48 ADULATIO,
1191 1309 101 48 quae
1254 1309 63 48 &
1280 1309 177 48 assentatio
1419 1309 152 48 dicitur,
1533 1309 89 48 est
1583 1309 127 48 vitium
1672 1309 101 48 quum
1735 1309 101 48 quis
1786 1309 76 48 pro¬-

1034 1333 86 65 bat
1083 1333 61 65 &
1107 1333 122 65 laudat
1193 1333 98 65 quod
1254 1333 110 65 malum
1327 1333 98 65 est,
1388 1333 86 65 vel
1437 1333 159 65 vituperat
1560 1333 98 65 quod
1621 1333 110 65 bonum
1694 1333 98 65 est,
1755 1333 98 65 sive
1804 1333 49 65 id

1043 1380 121 49 apertis
1131 1380 110 49 verbis
1208 1380 77 49 aut
1252 1380 88 49 nutu
1307 1380 55 49 &
1329 1380 132 49 gestibus
1428 1380 121 49 faciat,
1517 1380 88 49 sive
1572 1380 66 49 ea
1605 1380 88 49 quae
1660 1380 88 49 mala
1715 1380 99 49 sunt,
1770 1380 88 49 studio

1035 1418 106 57 nolit
1106 1418 201 57 reprehendere,
1271 1418 71 57 ut
1307 1418 154 57 aucupetur
1425 1418 94 57 bona
1484 1418 83 57 vel
1531 1418 130 57 gratiam
1626 1418 154 57 alicujus,
1732 1418 130 57 κoλaxeia.

1132 1440 83 45 Est
1168 1440 130 45 fugienda:

1073 1469 76 65 I.
1111 1469 102 65 Quia
1175 1469 89 65 est
1226 1469 114 65 nobis
1302 1469 63 65 a
1327 1469 89 65 Deo
1378 1469 165 65 prohibita
1505 1469 165 65 praecepto
1632 1469 127 65 duarum
1708 1469 152 65 tabularum,

1044 1501 87 51 Non
1093 1501 112 51 dices
1168 1501 125 51 falsum
1243 1501 175 51 testimonium.

1084 1534 82 52 II.
1131 1534 94 52 Quia
1190 1534 165 52 imitatores
1320 1534 129 52 Christi
1414 1534 141 52 dedecet.
1520 1534 71 52 Is
1555 1534 94 52 enim
1614 1534 141 52 testatus
1720 1534 82 52 est
1767 1534 71 52 de
1790 1534 71 52 mun¬-

1045 1565 79 64 do,
1090 1565 90 64 quod
1146 1565 101 64 opera
1214 1565 90 64 ejus
1270 1565 90 64 mala
1326 1565 101 64 sint,
1394 1565 113 64 Johan.
1473 1565 68 64 7.
1507 1565 68 64 v.
1541 1565 68 64 7.
1574 1565 135 64 quisquis
1676 1565 113 64 igitur
1755 1565 79 64 non
1788 1565 68 64 vuli

1036 1608 196 55 reprehendere
1195 1608 110 55 mala,
1268 1608 86 55 sed
1317 1608 73 55 ea
1354 1608 147 55 silentio
1464 1608 86 55 suo
1513 1608 159 55 approbare
1635 1608 147 55 videtur,
1745 1608 86 55 aut
1782 1608 73 55 mala

1045 1648 119 50 aperte
1128 1648 119 50 laudat
1211 1648 59 50 &
1235 1648 95 50 bona
1294 1648 154 50 vituperat
1413 1648 71 50 in
1449 1648 131 50 aliorum
1543 1648 142 50 gratiam,
1650 1648 71 50 is
1686 1648 131 50 Christi
1769 1648 83 50 imita

1049 1671 77 36 tor
1093 1671 77 36 non
1126 1671 55 36 est

1095 1686 94 75 III.
1154 1686 94 75 Quia
1213 1686 118 75 vitata
1295 1686 94 75 fuit
1354 1686 59 75 a
1377 1686 94 75 vere
1436 1686 129 75 sanctis
1530 1686 59 75 &
1554 1686 153 75 fidelibus
1671 1686 165 75 hominibus:
1800 1686 71 75 ut
1824 1686 35 75 a

1043 1728 107 66 Paulo
1114 1728 142 66 Apostolo
1221 1728 83 66 qui
1269 1728 95 66 etsi
1328 1728 71 66 in
1364 1728 154 66 fidelibus
1482 1728 166 66 laudaverit
1613 1728 154 66 laudanda,
1731 1728 107 66 tamen
1791 1728 71 66 nun¬-

1037 1772 89 48 quam
1093 1772 123 48 sermone
1182 1772 179 48 assentatorio
1327 1772 89 48 usus
1383 1772 89 48 est,
1439 1772 67 48 1.
1472 1772 134 48 Thessal.
1573 1772 67 48 2.
1606 1772 67 48 v.
1628 1772 45 48 7.

1074 1802 87 44 IV.
1123 1802 100 44 Quia
1186 1802 137 44 fatalis
1286 1802 87 44 est
1336 1802 150 44 magnarum
1448 1802 175 44 potestatum
1573 1802 100 44 pestis

1086 1831 73 64 V.
1122 1831 98 64 Quia
1183 1831 85 64 est
1232 1831 183 64 deprecanda,
1378 1831 146 64 Proverb.
1488 1831 85 64 27.
1537 1831 73 64 v.
1573 1831 73 64 6.
1610 1831 134 64 Fidelia
1708 1831 98 64 sunt
1756 1831 110 64 vulnera

1041 1864 116 44 amici,
1123 1864 163 44 deprecanda
1251 1864 93 44 vero
1309 1864 116 44 oscula
1379 1864 93 44 osoris

1075 1898 204 57 OEIICITURI.
1239 1898 123 57 Loqui
1320 1898 82 57 ad
1361 1898 150 57 gratiam
1470 1898 150 57 aliorum
1579 1898 95 57 non
1634 1898 150 57 dedecet
1729 1898 136 57 fideles:

1048 1924 124 70 Coloss.
1138 1924 68 70 4.
1172 1924 68 70 v.
1205 1924 68 70 6.
1239 1924 101 70 Sermo
1307 1924 113 70 vester
1385 1924 113 70 semper
1464 1924 79 70 cum
1509 1924 113 70 gratia
1588 1924 79 70 sit
1633 1924 90 70 sale
1689 1924 146 70 conditus.
1790 1924 68 70 Adu¬-

1042 1959 107 58 latio
1113 1959 83 58 est
1161 1959 107 58 loqui
1232 1959 71 58 ad
1267 1959 130 58 gratiam
1362 1959 142 58 aliorum:
1468 1959 95 58 Ergo
1528 1959 142 58 adulatio
1634 1959 83 58 non
1670 1959 118 58 dedecet.

1074 1994 111 59 RESP.
1148 1994 111 59 Loqui
1221 1994 74 59 ad
1258 1994 135 59 gratiam
1357 1994 148 59 aliorum,
1468 1994 111 59 scil.
1542 1994 86 59 non
1591 1994 148 59 simulate
1702 1994 86 59 aut
1751 1994 123 59 ficte,
1825 1994 37 59 &

1037 2016 70 67 ut
1072 2016 81 67 eos
1119 2016 174 67 lucrifacias
1258 2016 128 67 Christo
1350 2016 81 67 vel
1397 2016 128 67 Christo
1490 2016 174 67 lucrifactos
1629 2016 162 67 confirmes,
1756 2016 81 67 non
1791 2016 58 67 de¬-

1040 2059 113 55 decet
1116 2059 151 55 fideles.
1229 2059 88 55 Ast
1279 2059 189 55 adulationem
1430 2059 101 55 esse
1493 2059 113 55 loqui
1569 2059 75 55 ad
1606 2059 138 55 gratiam
1707 2059 138 55 aliorum
1795 2059 63 55 hoc

1044 2092 110 55 modo,
1117 2092 146 55 negatur:
1226 2092 97 55 quia
1287 2092 146 55 adulator
1397 2092 170 55 accommodat
1531 2092 73 55 se
1567 2092 122 55 dictis
1652 2092 158 55 factisque
1774 2092 73 55 ad
1798 2092 49 55 al

1041 2124 120 65 terius
1125 2124 180 65 voluntatem,
1269 2124 108 65 idque
1341 2124 120 65 ficte,
1425 2124 84 65 non
1472 2124 108 65 vere,
1544 2124 72 65 ut
1580 2124 132 65 aliquid
1676 2124 72 65 ab
1712 2124 72 65 eo
1736 2124 120 65 tempora¬-

1054 2152 87 38 cij
1103 2152 137 38 commodi
1203 2152 186 38 consequatur

1080 2189 81 69 II.
1127 2189 115 69 Paulus
1207 2189 150 69 Apostolus
1323 2189 104 69 aliis
1392 2189 139 69 adulatus
1496 2189 92 69 est:
1554 2189 115 69 Paulus
1635 2189 150 69 Apostolus
1750 2189 92 69 fuit
1796 2189 58 69 fi¬-

1056 2215 102 41 delis:
1127 2215 82 41 Ergo
1178 2215 112 41 fideles
1260 2215 122 41 adulatio
1351 2215 102 41 decet.

1086 2255 111 57 Major
1160 2255 160 57 probatur,
1283 2255 99 57 quia
1345 2255 123 57 Paulus
1431 2255 136 57 ipsemet
1530 2255 148 57 fatetur,
1641 2255 74 57 se
1678 2255 136 57 omnibus
1765 2255 86 57 omnia

1049 2280 101 44 factum
1120 2280 91 44 esse,
1181 2280 61 44 I.
1211 2280 122 44 Corinth.
1302 2280 61 44 9.
1333 2280 61 44 v.
1363 2280 71 44 19,
1403 2280 71 44 20,
1444 2280 71 44 21,
1474 2280 51 44 22.

1081 2318 119 55 RESP.
1160 2318 119 55 Major
1239 2318 159 55 negatur:
1358 2318 66 55 &
1385 2318 119 55 verba
1464 2318 119 55 Pauli
1543 2318 79 55 ad
1583 2318 92 55 eam
1636 2318 172 55 probandam
1755 2318 92 55 addu¬-

1044 2347 99 58 cta,
1106 2347 149 58 secundum
1217 2347 99 58 quid
1279 2347 211 58 intelligenda.
1453 2347 124 58 Paulus
1539 2347 87 58 est
1589 2347 136 58 omnibus
1688 2347 112 58 omnia
1750 2347 99 58 factus

1051 2387 67 50 1.
1084 2387 78 50 non
1129 2387 111 50 ficte,
1206 2387 78 50 non
1250 2387 144 50 simulate,
1361 2387 78 50 sed
1406 2387 100 50 vere.
1472 2387 67 50 2.
1505 2387 78 50 non
1550 2387 67 50 ut
1583 2387 155 50 reportaret
1705 2387 67 50 ab
1738 2387 100 50 illis
1794 2387 67 50 ali¬-

1044 2421 94 49 quid
1103 2421 165 49 temporarij
1232 2421 141 49 conmodi,
1338 2421 82 49 sed
1385 2421 71 49 ut
1421 2421 118 49 omnino
1503 2421 129 49 aliquos
1597 2421 188 49 lucrifaceret
1738 2421 118 49 Christo;

1085 2447 145 60 Instant.
1194 2447 121 60 Paulus
1278 2447 145 60 laudavit
1387 2447 85 60 eos
1435 2447 72 60 ad
1471 2447 97 60 quos
1532 2447 157 60 scripsit,
1653 2447 109 60 velut
1725 2447 145 60 Romanos,
1822 2447 36 60 &

1047 2469 231 54 Thessalonicenses
1244 2469 58 54 &
1267 2469 115 54 alios:
1347 2469 92 54 Ergo
1405 2469 81 54 est
1440 2469 115 54 adulatus

1091 2511 114 52 RESP.
1167 2511 114 52 Major
1243 2511 126 52 omissa
1331 2511 88 52 est
1382 2511 126 52 falsa:
1470 2511 126 52 nempe.
1559 2511 152 52 Quisquis
1672 2511 126 52 laudat
1761 2511 88 52 eos
1798 2511 51 52 ad

1056 2546 93 54 quos
1114 2546 127 54 scribit
1207 2546 81 54 vel
1253 2546 151 54 loquitur:
1369 2546 70 54 is
1404 2546 151 54 adulatur.
1520 2546 81 54 Nam
1566 2546 104 54 aliud
1636 2546 81 54 est
1682 2546 81 54 cum
1729 2546 139 54 veritate
1821 2546 35 54 &

1054 2573 126 45 suncere
1145 2573 103 45 alios
1213 2573 126 45 laudare
1305 2573 91 45 boni
1362 2573 126 45 illorum
1453 2573 114 45 causa:
1533 2573 103 45 aliud
1590 2573 103 45 adulari

1086 2612 96 54 III.
1146 2612 108 54 David
1218 2612 84 54 est
1266 2612 144 54 adulatus
1375 2612 96 54 Achi
1435 2612 96 54 Regi
1495 2612 217 54 Philistaeorum:
1676 2612 108 54 David
1748 2612 96 54 fuit
1796 2612 60 54 fi¬-

1056 2634 118 64 delis:
1139 2634 94 64 Ergo
1197 2634 129 64 fideles
1291 2634 141 64 adulatio
1397 2634 82 64 non
1444 2634 141 64 dedecet.
1550 2634 106 64 Major
1621 2634 141 64 probatur
1727 2634 71 64 ex
1762 2634 71 64 1.
1785 2634 71 64 Sam:

1055 2677 67 38 28.
1094 2677 57 38 v.
1122 2677 57 38 2.
1151 2677 48 38 &
1170 2677 77 38 cap.
1218 2677 67 38 29.
1257 2677 57 38 v.
1276 2677 38 38 8.

1084 2707 115 50 RESP.
1161 2707 153 50 Exemplum
1276 2707 153 50 vitiosum
1391 2707 179 50 adducitur:
1531 2707 102 50 ideo
1595 2707 115 50 nihil
1671 2707 140 50 probat.
1761 2707 89 50 Davie

1053 2740 92 52 enim
1110 2740 149 52 peccavit,
1225 2740 80 52 cum
1271 2740 80 52 ita
1317 2740 138 52 turpiter
1420 2740 138 52 adulatus
1523 2740 80 52 est
1569 2740 138 52 Achischo
1673 2740 103 52 Regi,
1742 2740 103 52 idque
1799 2740 46 52 a¬-

1063 2770 157 60 stutissimo
1186 2770 112 60 genere
1265 2770 180 60 adulationis.
1411 2770 67 60 Is
1445 2770 90 60 enim
1501 2770 79 60 est
1546 2770 180 60 astutissimus
1693 2770 146 60 adulator,
1794 2770 56 60 qui

1047 2805 85 54 cum
1095 2805 121 54 maxime
1180 2805 157 54 aduletur,
1301 2805 109 54 tamen
1373 2805 85 54 eam
1421 2805 97 54 prae
1482 2805 72 54 se
1518 2805 97 54 fert
1578 2805 133 54 speciem
1675 2805 181 54 libertatis,
1808 2805 48 54 ut

1066 2842 112 48 possit
1144 2842 112 48 videri
1222 2842 78 48 non
1267 2842 134 48 adulari,
1367 2842 78 48 sed
1412 2842 156 48 refragari.
1535 2842 67 48 De
1569 2842 78 48 quo
1613 2842 179 48 solertissimo
1747 2842 112 48 adulandi

1069 2875 124 54 genere
1155 2875 112 54 monet
1230 2875 112 54 etiam
1304 2875 174 54 Plutatchus
1441 2875 74 54 in
1478 2875 149 54 libello,
1590 2875 136 54 Quomodo
1676 2875 174 54 discernendus

1057 2891 81 56 sit
1103 2891 138 56 adulator
1206 2891 69 56 ab
1229 2891 92 56 amico.

1250 2975 277 65 CAPUT
1404 2975 215 65 XLII.

1215 3029 85 63 In
1257 3029 99 63 quo
1314 3029 85 63 de
1356 3029 212 63 Sinceritate
1525 3029 85 63 in
1554 3029 155 63 veritate.

1069 3084 191 60 PINCERITAS
1220 3084 96 60 seu
1274 3084 205 60 SIMPLICITAS
1438 3084 164 60 priidens
1561 3084 82 60 in
1602 3084 178 60 veritate,
1739 3084 96 60 est
1780 3084 82 60 vir¬-

1058 3101 111 77 Qtus,
1132 3101 87 77 per
1181 3101 99 77 quam
1243 3101 99 77 vera
1305 3101 87 77 tum
1355 3101 74 77 in
1392 3101 161 77 religione
1516 3101 136 77 divina,
1615 3101 87 77 tum
1664 3101 74 77 in
1689 3101 173 77 disciplinis,
