2063 3407
214 189 109 57 iliis
287 189 121 57 Graece
371 189 158 57 scriptus,
493 189 97 57 quia
553 189 97 57 tunc
614 189 121 57 Graeca
699 189 121 57 lingua
783 189 109 57 adhuc
856 189 133 57 penitus
941 189 97 57 ignota

218 233 136 50 Judaeis
317 233 112 50 erat,
391 233 87 50 nec
441 233 136 50 Graecae
540 233 136 50 linguae
639 233 87 50 tum
688 233 149 50 temporis
800 233 74 50 in
837 233 161 50 Babylonia
949 233 74 50 usus

226 271 83 25 erat.

325 301 496 54 SECVNDVM.

244 341 109 50 Liber
317 341 97 50 iste
378 341 134 50 Barucho
475 341 170 50 adscriptus
609 341 73 50 de
645 341 134 50 tempore
742 341 195 50 captivitatis
888 341 134 50 Babyloni-

217 386 82 37 cae
264 386 117 37 aliter
346 386 153 37 loquitur,
464 386 94 37 quam
522 386 153 37 Scriptura
640 386 94 37 vere
698 386 153 37 Canonica:
816 386 82 37 Ait
862 386 94 37 enim
921 386 94 37 cap.
968 386 47 37 6.

226 420 101 34 vers.
293 420 67 34 2.
327 420 67 34 in
361 420 135 34 epistola
462 420 90 34 quam
518 420 135 34 Jeremiae
619 420 135 34 tribuit,
720 420 124 34 Judaeos
810 420 135 34 mansuros
911 420 67 34 in
933 420 79 34 Baby-

217 446 110 38 lonia
290 446 110 38 usque
363 446 73 38 ad
400 446 195 38 generationes
558 446 134 38 septem:
656 446 110 38 Atqui
729 446 158 38 vocabulum
838 446 171 38 generationis

225 480 86 32 pro
274 480 122 32 decade
359 480 134 32 annorum
457 480 86 32 seu
506 480 122 32 duobus
591 480 134 32 lustris
689 480 73 32 in
726 480 98 32 toto
787 480 122 32 Veteri
860 480 147 32 Testamento

207 511 136 39 nusquam
305 511 173 39 accipitur:
441 511 86 39 imo
491 511 86 39 nec
540 511 74 39 in
577 511 111 39 Novo.
651 511 86 39 Ita
700 511 123 39 stylus
787 511 62 39 a
812 511 148 39 Canonico
910 511 99 39 dissi-

212 544 113 42 dens,
288 544 125 42 librum
375 544 100 42 hunc
438 544 88 42 non
488 544 100 42 esse
551 544 163 42 Canonicum
676 544 163 42 ostendit.

294 605 155 60 Contra
402 605 232 60 adjectiones
588 605 93 60 ad
634 605 186 60 Danielem
758 605 186 60 argumenta.

546 653 144 57 propria.

374 707 397 43 PRIMVM

237 740 120 44 Stylus
321 740 96 44 ipse
381 740 132 44 indicat
477 740 156 44 historiam
597 740 144 44 Susannae
706 740 60 44 a
730 740 144 44 Graeculo
838 740 120 44 quodam
910 740 96 44 confi-

215 782 123 37 ctam.
297 782 96 37 Nam
352 782 136 37 utitur
447 782 218 37 Paronomasiis
625 782 68 37 &
652 782 218 37 allusionibus
830 782 123 37 vocum
911 782 109 37 χινο
966 782 41 37 &

218 814 126 40 χιζειν,
309 814 115 40 ωρινος
390 814 57 40 &
413 814 126 40 πριζειν
505 814 149 40 cujusmodi
619 814 126 40 allusio
711 814 80 40 non
757 814 115 40 potuit
838 814 103 40 fieri
907 814 57 40 a
918 814 92 40 Danie-

223 853 76 30 le;
267 853 131 30 siquidem
365 853 131 30 Hebraica
463 853 87 30 usus
518 853 76 30 est
561 853 120 30 lingua,
649 853 87 30 quae
703 853 153 30 allusiones
823 853 109 30 illas,
900 853 65 30 in
922 853 76 30 nomi-

213 885 109 37 nibus
286 885 133 37 arborum
382 885 133 37 istarum
479 885 61 37 &
503 885 121 37 verbis
588 885 157 37 scindendi
709 885 61 37 &
734 885 133 37 secandi
830 885 206 37 significatio¬

213 916 84 40 nem
261 916 192 40 obtinentibus
417 916 84 40 non
465 916 120 40 habet,
549 916 108 40 χινος
621 916 84 40 est
668 916 156 40 lentiscus
788 916 108 40 arbor
860 916 144 40 perpetuo
956 916 60 40 vi-

207 945 133 35 rescens
303 945 72 35 ac
340 945 145 35 frequens
448 945 72 35 in
484 945 109 35 Chio,
557 945 121 35 Gallia
641 945 169 35 Narbonensi
774 945 60 35 &
798 945 133 35 Italia,
894 945 72 35 ad
919 945 84 35 denti

216 974 123 40 fricia
302 974 86 40 seu
351 974 197 40 dentiscalpia
511 974 86 40 seu
560 974 160 40 purgandos
683 974 123 40 dentes
769 974 197 40 accommodata,
917 974 98 40 masti-

220 1007 104 39 chen
285 1007 157 39 exsudans
403 1007 78 39 in
442 1007 117 39 modum
520 1007 131 39 gummi,
611 1007 183 39 viriditate
755 1007 144 39 ramorum
859 1007 78 39 ac
886 1007 131 39 frondium

220 1038 142 39 umbram
319 1038 185 39 efficiens
461 1038 213 39 peramoenam,
632 1038 100 39 der
689 1038 227 39 Mastrixbaum.
874 1038 128 39 Nomen
945 1038 71 39 He-

208 1073 111 37 braeum
286 1073 67 37 in
319 1073 111 37 sacris
397 1073 122 37 literis
486 1073 78 37 non
530 1073 156 37 reperitur,
652 1073 100 37 neque
719 1073 100 37 hujus
786 1073 122 37 arboris
875 1073 78 37 fit
919 1073 67 37 in
941 1073 78 37 illis

214 1104 123 41 mentio.
304 1104 112 41 χιζειν
382 1104 79 41 est
427 1104 157 41 scindere:,
550 1104 112 41 πρινος
629 1104 79 41 est
674 1104 90 41 ilex
730 1104 79 41 ein
775 1104 157 41 Steineiche
898 1104 56 41 /
909 1104 101 41 species

222 1148 152 33 quercus,
337 1148 114 33 Hebr.
413 1148 140 33 dicitur
514 1148 102 33 PPyN
578 1148 89 33 vel
628 1148 114 33 PHPIT
704 1148 140 33 πριζειν
806 1148 89 33 est
857 1148 140 33 secare.
946 1148 63 33 He-

217 1168 107 42 braei
289 1168 95 42 vero
348 1168 119 42 verbum
432 1168 119 42 nullum
515 1168 131 42 habent,
611 1168 83 42 quo
658 1168 131 42 allusio
754 1168 107 42 fieri
825 1168 143 42 potuerit
921 1168 95 42 hujus-

212 1202 93 40 modi
271 1202 82 40 cum
317 1202 210 40 significatione
492 1202 151 40 scindendi
609 1202 82 40 aut
643 1202 117 40 secandi.

259 1225 150 43 EXCIPIT
368 1225 218 43 BELLARMINUS,
545 1225 190 43 respondere
695 1225 163 43 Origenem
817 1225 82 43 in
858 1225 163 43 epistola
967 1225 54 43 ad

218 1267 125 41 Julium
306 1267 176 41 Africanum,
444 1267 150 41 Danielem
557 1267 88 41 non
607 1267 138 41 dixisse
708 1267 138 41 ilicem,
808 1267 113 41 neque
871 1267 150 41 lentiscum.

219 1300 86 34 sed
268 1300 136 34 aliquid
367 1300 111 34 aliud
441 1300 111 34 nobis
515 1300 148 34 ignotum,
626 1300 86 34 cui
675 1300 111 34 tamen
749 1300 148 34 secundum
848 1300 173 34 proprietatem

219 1333 129 32 linguae
313 1333 152 32 Hebraicae
430 1333 82 32 vel
477 1333 176 32 Chaldaicae,
618 1333 82 32 qua
665 1333 94 32 ipse
723 1333 152 32 utebatur,
840 1333 129 32 aliquod
922 1333 94 32 verbum

219 1364 130 38 secandi
314 1364 189 38 responderet.
467 1364 141 38 Plurimas
573 1364 94 38 enim
632 1364 106 38 voces
703 1364 141 38 Hebraeos
809 1364 130 38 habere,
903 1364 94 38 ait,
950 1364 71 38 quae

217 1397 176 38 significant
358 1397 141 38 scindere
464 1397 82 38 vel
511 1397 129 38 secare:
604 1397 153 38 Praeterea
722 1397 176 38 interpretem
862 1397 141 38 Graecum,
956 1397 59 38 non

229 1428 135 45 vertisse
330 1428 68 45 ad
364 1428 124 45 verbum,
454 1428 79 45 sed
499 1428 68 45 ad
533 1428 113 45 sensum
612 1428 56 45 &
635 1428 68 45 ut
668 1428 135 45 servaret
770 1428 169 45 allusionem,
894 1428 124 45 accepisse

229 1463 105 38 alias
299 1463 128 38 arbores
392 1463 140 38 similes,
497 1463 116 38 quibus
579 1463 70 38 in
614 1463 116 38 Graeco
695 1463 175 38 responderet
835 1463 128 38 allusio
928 1463 70 38 ad
951 1463 70 38 ver-

231 1495 87 35 bum
268 1495 148 35 scindendi.

248 1523 163 47 REPLICAT.
374 1523 113 47 Primo
449 1523 176 47 conjectura
588 1523 88 47 est
638 1523 189 47 αδοκλμαςος,
789 1523 88 47 hoc
839 1523 101 47 est,
889 1523 126 47 improba-

226 1556 107 41 bilis,
301 1556 86 41 quae
355 1556 97 41 eadem
420 1556 161 41 facilitate,
548 1556 75 41 qua
591 1556 150 41 asseritur,
709 1556 107 41 negari
785 1556 107 41 potest
860 1556 107 41 Deinde
924 1556 86 41 inter-

219 1591 118 44 pretem
302 1591 71 44 id
337 1591 177 44 autoritatis
479 1591 94 44 sibi
538 1591 153 44 sumsisse,
656 1591 71 44 ut
691 1591 118 44 nomina
774 1591 130 44 arborum
869 1591 83 44 pro
904 1591 118 44 arbitrio

218 1629 128 34 mutaret,
314 1629 75 34 non
357 1629 75 34 est
400 1629 160 34 verisimile.
528 1629 128 34 Tertrio,
623 1629 64 34 si
655 1629 160 34 adjectiones
783 1629 96 34 istae
847 1629 64 34 ex
879 1629 128 34 versione
965 1629 53 34 so-

219 1658 141 39 lummodo
322 1658 153 39 habentur
437 1658 64 39 &
462 1658 128 39 quidem
552 1658 77 39 ex
590 1658 153 39 versione
705 1658 64 39 a
731 1658 115 39 textu
808 1658 141 39 Hebraeo
897 1658 128 39 diversa.

229 1687 79 41 non
274 1687 90 41 sunt
330 1687 113 41 igitur
410 1687 181 41 authenticae.
556 1687 124 41 Quarto,
647 1687 170 41 adjectiones
782 1687 79 41 has
828 1687 136 41 Hebraice
929 1687 124 41 initio¬

233 1723 120 48 criptas
320 1723 120 48 fuisse,
407 1723 120 48 probari
494 1723 76 48 non
527 1723 98 48 potest.

314 1763 516 46 SECVNDVM

258 1798 101 44 Ipsi
322 1798 89 44 LXX
372 1798 190 44 interpretes
524 1798 152 44 fidelius
638 1798 139 44 agentes
739 1798 101 44 quam
802 1798 164 44 Theodotio
928 1798 76 44 in
954 1798 63 44 hoc

225 1836 165 35 argumento,
355 1836 200 35 inscripserunt
520 1836 83 35 non
567 1836 141 35 Danielis
673 1836 165 35 Prophetae,
803 1836 83 35 qui
850 1836 94 35 fuit
909 1836 71 35 de
932 1836 83 35 tribi

237 1870 84 37 uda,
289 1870 73 37 sed
331 1870 126 37 Danielis
425 1870 136 37 alterius,
530 1870 94 37 filii
593 1870 105 37 Habdae
667 1870 147 37 sacerdotis
782 1870 136 37 historiam
887 1870 94 37 esse,
940 1870 73 37 scri-

222 1908 98 37 ptam
283 1908 74 37 ab
320 1908 135 37 Habacuc
418 1908 110 37 filio
492 1908 98 37 JESU
553 1908 74 37 de
590 1908 110 37 tribu
663 1908 110 37 Levi,
737 1908 110 37 prout
811 1908 147 37 Eusebius
921 1908 61 37 &
933 1908 74 37 Apo-

221 1934 167 36 linarius
347 1934 112 36 apud
416 1934 195 36 Hieronymum
570 1934 209 36 praefatione
737 1934 84 36 in
779 1934 223 36 Commentarium
946 1934 70 36 Da-

227 1965 114 34 nielis
306 1965 148 34 referunt:
420 1965 57 34 &
443 1965 80 34 non
489 1965 91 34 esse
546 1965 171 34 improbabile
682 1965 137 34 agnoscit
785 1965 160 34 Bellarmin,
910 1965 103 34 libro
967 1965 46 34 I.

226 1997 67 38 de
259 1997 100 38 Verbo
326 1997 89 38 Dei,
381 1997 89 38 cap.
437 1997 67 38 9.
470 1997 89 38 Quad
526 1997 67 38 si
559 1997 78 38 ita
604 1997 89 38 est,
659 1997 78 38 cur
704 1997 111 38 igitur
782 1997 122 38 Danieli
871 1997 144 38 Prophetae
971 1997 44 38 in

226 2028 133 41 Vulgata
323 2028 145 41 versione
431 2028 121 41 Latina
504 2028 145 41 tribuitur?

258 2061 94 44 Hinc
317 2061 164 44 manifestum
446 2061 94 44 est,
505 2061 176 44 adjectiones
645 2061 106 44 istas
716 2061 94 44 vere
774 2061 152 44 Canonicas
892 2061 82 44 non
927 2061 82 44 esse.

300 2106 150 56 Contra
405 2106 150 56 librum
509 2106 179 56 Iudithae
644 2106 194 56 argumenta
778 2106 150 56 propria.

370 2149 409 53 PRIMVM

255 2186 110 49 Liber
328 2186 147 49 Judithae
439 2186 86 49 est
488 2186 184 49 concinnatus
635 2186 61 49 a
659 2186 123 49 Judaeo
745 2186 123 49 quodam
819 2186 196 49 superstitionum

221 2229 134 44 amatore:
321 2229 67 44 ut
354 2229 122 44 apparet
443 2229 67 44 ex
477 2229 89 44 cap.
532 2229 67 44 6.
566 2229 100 44 vers.
633 2229 67 44 6.
666 2229 78 44 ubi
710 2229 134 44 dicitur,
811 2229 134 44 Iuditham
900 2229 122 44 jejunasse

223 2263 135 39 omnibus
321 2263 123 39 diebus
407 2263 172 39 viduitatis
541 2263 110 39 suae,
615 2263 184 39 praeterquam
762 2263 123 39 pridie
848 2263 184 39 Sabbathorum
982 2263 37 39 &

223 2294 160 40 Sabbathis,
349 2294 57 40 &
371 2294 115 40 pridie
452 2294 183 40 noviluniorum
601 2294 57 40 &
624 2294 126 40 festis,
715 2294 160 40 hilarisque
841 2294 103 40 domus
898 2294 115 40 Israelis

219 2327 128 38 Sancti
309 2327 128 38 quidem
398 2327 115 38 erant
475 2327 192 38 Sabbathorum
629 2327 102 38 dies
693 2327 64 38 &
719 2327 166 38 neomeniae
834 2327 179 38 solemnitates

229 2356 81 46 que
276 2356 127 46 hilares
368 2356 69 46 ex
403 2356 104 46 Lege,
472 2356 81 46 sed
518 2356 127 46 proxime
611 2356 185 46 antecedentes
761 2356 92 46 dies
819 2356 81 46 cum
865 2356 104 46 illis
923 2356 104 46 feriari

225 2394 73 39 ex
261 2394 134 39 Judaica
359 2394 207 39 superstitione
529 2394 97 39 est:
590 2394 183 39 quemadmodum
736 2394 122 39 Judaei
821 2394 146 39 etiamnum
919 2394 97 39 pridie

228 2426 126 29 dierum
317 2426 152 29 festorum
431 2426 101 29 toto
494 2426 139 29 tempore
595 2426 190 29 pomeridiano
747 2426 177 29 feriantur,
886 2426 139 29 tanquam
974 2426 51 29 si

235 2456 95 36 Deus
294 2456 83 36 hoc
342 2456 118 36 nomine
424 2456 71 36 in
460 2456 95 36 aere
519 2456 130 36 ipsorum
613 2456 130 36 futurus
708 2456 118 36 esset,
791 2456 95 36 Hanc
850 2456 142 36 Judaicam
944 2456 71 36 con-

225 2488 164 38 suetudinem
354 2488 140 38 Papistae
459 2488 164 38 imitantur,
588 2488 82 38 qui
635 2488 152 38 similiter
752 2488 117 38 pridie
834 2488 117 38 dierum
904 2488 117 38 festorum

230 2523 189 39 pomeridiano
382 2523 151 39 tempore,
495 2523 101 39 quod
558 2523 177 39 Vesperatum
697 2523 126 39 tempus
785 2523 76 39 ab
823 2523 114 39 ipsis
899 2523 151 39 dicitur,

232 2554 125 42 feriari
322 2554 113 42 solent
402 2554 91 42 opus
458 2554 227 42 supererogationis
651 2554 79 42 Deo
685 2554 159 42 praestituri.

333 2589 493 46 SECVNDVM.

262 2628 111 45 Liber
336 2628 148 45 Judithae
447 2628 148 45 approbat
558 2628 173 45 impietatem
694 2628 86 45 Deo
743 2628 136 45 exosam.
842 2628 86 45 Nam
892 2628 99 45 cap.
953 2628 74 45 9.
978 2628 37 45 v

232 2667 78 38 12,
277 2667 78 38 13.
321 2667 78 38 18.
366 2667 101 38 petit
433 2667 123 38 Juditha
523 2667 146 38 mendaciis
635 2667 56 38 a
658 2667 78 38 Deo
702 2667 146 38 benedici,
814 2667 56 38 &
837 2667 67 38 ad
870 2667 67 38 ea
904 2667 67 38 se
926 2667 90 38 compa-

233 2702 91 41 rat,
290 2702 125 41 tanquam
381 2702 68 41 si
415 2702 137 41 mendacia
517 2702 148 41 officiosa
631 2702 80 41 (ut
677 2702 159 41 Augustinus
802 2702 114 41 vocat)
881 2702 125 41 accepta
961 2702 57 41 es-

224 2731 103 41 sent
288 2731 141 41 Domino:
391 2731 64 41 &
417 2731 129 41 capite
507 2731 141 41 decimo,
610 2731 116 41 vers.
687 2731 154 41 undecimo
803 2731 64 41 &
828 2731 167 41 duodecimo
944 2731 77 41 com-

227 2768 185 40 memorantur
372 2768 159 40 complura
491 2768 159 40 Judithae
597 2768 145 40 mendacia.

370 2804 446 48 TERTIVM

268 2842 104 46 Liber
338 2842 139 46 Judithae
442 2842 116 46 utitur
523 2842 127 46 vocibus
615 2842 69 46 ex
650 2842 127 46 fabulis
742 2842 150 46 Gentilium
858 2842 139 46 petitis,
950 2842 81 46 nempe

227 2880 140 46 Titanum
329 2880 64 46 &
355 2880 153 46 Gigatnum
469 2880 127 46 capite
559 2880 191 46 decimosexto
711 2880 115 46 vers.
788 2880 140 46 octavo,
890 2880 127 46 quales
966 2880 64 46 non

233 2913 101 41 solet
300 2913 135 41 Spiritus
401 2913 123 41 Sanctus
491 2913 67 41 in
525 2913 112 41 libris
603 2913 168 41 authenticis
727 2913 123 41 adhibere.

271 2950 85 45 Non
320 2950 85 45 est
368 2950 122 45 igitur
453 2950 97 45 vere
502 2950 146 45 Canonicus.

264 2982 150 69 Contra
369 2982 150 69 librum
473 2982 209 69 Sapientiae
638 2982 180 69 Salomoni
773 2982 209 69 adscriptum
922 2982 75 69 ar-

490 3039 174 57 gumenta
601 3039 158 57 propria.

403 3092 391 44 PRIMVM

272 3125 111 53 Liber
345 3125 172 53 Sapientiae
481 3125 160 53 Salomonis
604 3125 86 53 est
653 3125 246 53 pseudepigraphus,
862 3125 74 53 ut
886 3125 148 53 Hieronymus

243 3164 129 38 estatur
337 3164 176 38 praefatione
478 3164 70 38 in
513 3164 117 38 libros
583 3164 141 38 Salomonis.

1147 194 518 48 SECVNDVM

1098 224 168 53 Augustinus
1230 224 108 53 libro
1301 224 72 53 de
1337 224 239 53 praedestinatione
1541 224 168 53 sanctorum,
1672 224 120 53 capite
1744 224 108 53 decimo-

1065 269 121 40 quarto
1149 269 133 40 refert,
1246 269 133 40 fratres
1343 269 181 40 testimonium
1488 269 60 40 e
1512 269 109 40 libro
1584 269 169 40 Sapientiae
1717 269 133 40 positum
1802 269 60 40 re-

1064 301 164 44 posuisse,
1191 301 139 44 tanquam
1292 301 89 44 non
1343 301 76 44 de
1380 301 114 44 libro
1456 301 152 44 Canonico
1570 301 177 44 adhibitum:
1709 301 89 44 nec
1747 301 114 44 August.

1061 334 85 40 ibi
1110 334 134 40 asserit
1207 334 122 40 librum
1292 334 97 40 esse
1353 334 170 40 Canonicum,
1487 334 97 40 etsi
1548 334 85 40 cum
1596 334 134 40 omnibus
1681 334 183 40 tractatoribus

1055 374 207 36 anteponendum
1223 374 142 36 censet.
1327 374 104 36 Ergo
1391 374 91 36 non
1443 374 91 36 est
1495 374 104 36 vere
1547 374 155 36 Canonicus.

1125 407 177 48 Contra
1249 407 177 48 libros
1373 407 283 48 Machabaeorum
1586 407 212 48 argumentum

1360 453 182 62 proprium.

1103 508 117 42 Libri
1181 508 208 42 Machabaeorum
1350 508 208 42 singulariter
1518 508 65 42 a
1544 508 130 42 Romano
1635 508 169 42 Pontifice
1752 508 104 42 negan-

1061 543 80 43 tur
1106 543 92 43 esse
1164 543 149 43 Canonici.
1278 543 80 43 Nam
1324 543 149 43 Gregorius
1438 543 92 43 ille
1495 543 114 43 Magnus
1575 543 92 43 ipse
1633 543 92 43 suis
1690 543 114 43 verbis
1770 543 69 43 de
1793 543 57 43 li-

1057 578 92 38 bris
1114 578 183 38 Machabaeorum
1263 578 92 38 lib.
1320 578 80 38 19.
1366 578 69 38 in
1400 578 92 38 Joh.
1457 578 103 38 c.16.
1526 578 92 38 ait;
1583 578 69 38 De
1618 578 80 38 qua
1663 578 69 38 re
1698 578 80 38 non
1732 578 126 38 inordina-

1064 607 65 43 te
1097 607 119 43 agimus,
1183 607 65 43 si
1215 607 65 43 ex
1248 607 108 43 libris
1323 607 97 43 licet
1388 607 76 43 non
1431 607 151 43 Canonicis,
1550 607 76 43 sed
1593 607 97 43 tamen
1658 607 65 43 ad
1679 607 173 43 aedificationem

1054 642 150 39 Ecclesiae
1170 642 127 39 editis,
1263 642 173 39 testimonium
1401 642 173 39 proseramus:
1540 642 81 39 tum
1586 642 69 39 ex
1621 642 127 39 secundo
1713 642 162 39 Machabaeo¬

1055 676 88 39 rum
1106 676 151 39 Eleazari
1219 676 126 39 mortem
1307 676 138 39 narrat.

1094 696 113 50 Libri
1170 696 125 50 igitur
1257 696 200 50 Machabaeorum
1420 696 88 50 non
1470 696 100 50 sunt
1533 696 100 50 vere
1583 696 138 50 Canonici.

1081 740 96 39 Sic
1136 740 137 39 abunde
1232 740 205 39 confirmatum
1396 740 96 39 est
1451 740 192 39 argumentis
1601 740 96 39 tum
1656 740 192 39 communibus
1793 740 68 39 tum

1067 774 146 34 propriis,
1179 774 112 34 libros
1257 774 78 34 qui
1302 774 101 34 inter
1369 774 78 34 nos
1414 774 56 34 &
1436 774 134 34 Papistas
1537 774 168 34 controversi
1672 774 101 34 sunt,
1739 774 146 34 nequaquam

1062 807 98 42 vere
1123 807 160 42 Canonicos
1246 807 111 42 esse:
1320 807 98 42 ὅπες
1382 807 98 42 ἔδει
1443 807 135 42 δεῖςαι,
1541 807 74 42 ut
1578 807 74 42 ne
1615 807 123 42 verbum
1701 807 135 42 humanum
1787 807 62 42 pro

1056 837 113 52 verbo
1132 837 88 52 Dei
1182 837 113 52 nobis
1257 837 138 52 obtrudi
1357 837 163 52 patiamur.

1225 914 352 56 CAPUT
1420 914 235 56 XXXV

1101 960 90 56 In
1146 960 105 56 quo
1206 960 210 56 explicatur
1371 960 75 56 &
1401 960 225 56 confirmatur
1582 960 210 56 Scripturae
1732 960 75 56 Sa-

1346 1009 106 59 crae
1399 1009 172 59 necessitas.

1100 1069 163 53 Hactenus
1222 1069 81 53 de
1263 1069 190 53 autoritate
1412 1069 190 53 Scripturae
1561 1069 149 53 Sacrae:
1670 1069 163 53 sequitur

1310 1106 81 50 de
1350 1106 108 50 eius
1404 1106 188 50 necessitate.

1137 1135 58 51 E
1161 1135 81 51 hac
1207 1135 81 51 est
1253 1135 115 51 itidem
1333 1135 104 51 inter
1402 1135 81 51 nos
1448 1135 58 51 &
1471 1135 161 51 haereticos
1586 1135 173 51 controversia.

1160 1181 147 37 Nostram
1266 1181 187 37 sententiam
1413 1181 93 37 hoc
1466 1181 187 37 theoremate
1613 1181 227 37 complectimur:
1786 1181 67 37 Sa-

1144 1213 80 37 era
1189 1213 149 37 Scriptura
1304 1213 69 37 ex
1338 1213 80 37 quo
1384 1213 126 37 tempore
1475 1213 92 37 data
1533 1213 80 37 est
1578 1213 57 37 a
1601 1213 80 37 Deo
1647 1213 160 37 Ecclesiae,
1773 1213 92 37 fuit
1819 1213 34 37 &

1062 1246 73 36 est
1103 1246 115 36 eritque
1187 1246 157 36 necessaria,
1312 1246 73 36 non
1354 1246 105 36 tantum
1427 1246 63 36 ad
1459 1246 84 36 bene
1511 1246 84 36 esse
1563 1246 146 36 Ecclesiae,
1678 1246 73 36 sed
1720 1246 94 36 etiam
1783 1246 63 36 ad
1804 1246 52 36 es-

1062 1279 70 40 se
1097 1279 162 40 Ecclesiae.
1225 1279 81 40 Hoc
1271 1279 139 40 theorema
1375 1279 162 40 indefinite
1503 1279 209 40 intelligendum:
1677 1279 127 40 exempli
1758 1279 104 40 gratia,

1064 1318 78 36 cum
1108 1318 111 36 tantum
1186 1318 100 36 libri
1253 1318 100 36 Mosis
1319 1318 155 36 exstarent,
1441 1318 100 36 erant
1508 1318 89 36 illi
1563 1318 155 36 necessarii
1686 1318 155 36 Ecclesiae:
1797 1318 56 36 ne-

1071 1341 87 45 que
1120 1341 99 45 enim
1182 1341 161 45 Scriptura
1306 1341 99 45 Novi
1367 1341 173 45 Testamenti
1503 1341 173 45 necessaria
1639 1341 99 45 erat
1701 1341 111 45 Mosis
1763 1341 99 45 tempo-

1069 1381 85 33 re.
1118 1381 98 33 Nunc
1179 1381 98 33 vero
1240 1381 146 33 postquam
1350 1381 159 33 Scriptura
1472 1381 134 33 Veteris
1569 1381 61 33 &
1594 1381 98 33 Novi
1655 1381 171 33 Testamenti
1789 1381 85 33 Ec¬

1063 1409 118 34 clesiae
1149 1409 54 34 a
1170 1409 75 34 Deo
1213 1409 129 34 gratiose
1310 1409 86 34 data
1363 1409 86 34 est,
1417 1409 86 34 illa
1470 1409 150 34 necessaria
1588 1409 86 34 est:
1642 1409 96 34 Summa
1706 1409 96 34 certe
1770 1409 75 34 est
1802 1409 54 34 im-

1067 1439 131 37 pietas,
1162 1439 178 37 contendere,
1304 1439 166 37 Scripturam
1435 1439 83 37 non
1482 1439 95 37 esse
1542 1439 190 37 necessariam,
1696 1439 107 37 quasi
1767 1439 95 37 Deus
1815 1439 47 37 a-

1069 1472 109 35 liquid
1145 1472 131 35 dedisset
1244 1472 153 35 Ecclesiae,
1363 1472 76 35 quo
1407 1472 87 35 illa
1462 1472 109 35 optime
1538 1472 55 35 &
1560 1472 109 35 facile
1636 1472 109 35 carere
1712 1472 120 35 posset.
1800 1472 87 35 Quid

1062 1504 81 36 est
1109 1504 162 36 superfluum
1236 1504 58 36 &
1259 1504 127 36 ociosum
1352 1504 139 36 judicare
1456 1504 104 36 atque
1526 1504 151 36 fastidire
1641 1504 162 36 beneficium
1769 1504 93 36 Dei,
1827 1504 69 36 si

1061 1535 79 43 hoc
1106 1535 79 43 non
1140 1535 68 43 est?

1117 1566 67 45 Ad
1150 1566 90 45 bene
1207 1566 90 45 esse
1263 1566 146 45 Ecclesiae
1375 1566 79 45 est
1420 1566 146 45 Scriptura
1532 1566 101 45 Sacra
1600 1566 168 45 necessaria,
1734 1566 90 45 quia
1779 1566 79 45 summe

1067 1603 110 37 utilis
1144 1603 77 37 est
1188 1603 144 37 Ecclesiae
1299 1603 66 37 ad
1332 1603 99 37 fidem
1398 1603 55 37 &
1420 1603 99 37 verum
1487 1603 110 37 cultum
1564 1603 88 37 Dei,
1619 1603 88 37 Joh.
1674 1603 77 37 20.
1718 1603 66 37 v.
1752 1603 77 37 31.
1785 1603 77 37 Haec.

1074 1636 132 34 scripta
1170 1636 96 34 sunt
1230 1636 72 34 ut
1266 1636 156 34 credatis,
1386 1636 108 34 Iesum
1458 1636 96 34 esse
1517 1636 144 34 Christum
1625 1636 120 34 illum,
1709 1636 120 34 Filium
1781 1636 84 34 illum

1066 1673 93 34 Dei,
1124 1673 58 34 &
1148 1673 70 34 ut
1183 1673 151 34 credentes
1299 1673 105 34 vitam
1368 1673 139 34 habeatis
1473 1673 81 34 per
1519 1673 105 34 nomen
1589 1673 105 34 ejus,
1659 1673 116 34 Matth.
1740 1673 81 34 22.
1775 1673 81 34 vers.

1075 1706 80 35 29.
1120 1706 126 35 Erratis
1212 1706 161 35 nescientes
1339 1706 161 35 Scripturas
1465 1706 57 35 &
1488 1706 149 35 potentiam
1603 1706 92 35 Dei.
1661 1706 126 35 Deuter.
1753 1706 69 35 4.
1787 1706 69 35 v.
1810 1706 46 35 2.

1076 1734 67 37 Ne
1109 1734 112 37 addite
1188 1734 67 37 ad
1222 1734 112 37 verbum
1300 1734 101 37 illud
1368 1734 90 37 quod
1424 1734 79 37 ego
1469 1734 146 37 praecipio
1581 1734 112 37 vobis,
1659 1734 101 37 neque
1715 1734 135 37 detrahite.

1068 1769 63 37 de
1099 1769 73 37 eo,
1141 1769 63 37 ut
1172 1769 125 37 servetis
1266 1769 136 37 praecepta
1370 1769 104 37 Iehova
1443 1769 73 37 Dei
1485 1769 115 37 vestri,
1569 1769 84 37 quae
1621 1769 73 37 ego
1663 1769 136 37 praecipio
1756 1769 84 37 vobis.

1096 1797 70 46 Ad
1131 1797 94 46 esse
1190 1797 152 46 Ecclesiae
1307 1797 152 46 Scriptura
1424 1797 82 46 est
1470 1797 175 46 necessaria,
1611 1797 82 46 non
1658 1797 152 46 absolutum
1774 1797 70 46 id
1798 1797 70 46 qui-

1066 1829 92 41 dem,
1123 1829 80 41 sed
1169 1829 160 41 ordinatum:
1294 1829 92 41 quia
1352 1829 137 41 doctrina
1455 1829 92 41 vera
1512 1829 103 41 inter
1580 1829 80 41 tot
1626 1829 137 41 haereses
1729 1829 57 41 &
1741 1829 114 41 scandala

1074 1865 82 38 non
1121 1865 153 38 potuisset
1239 1865 106 38 neque
1309 1865 117 38 posset
1391 1865 176 38 conservari,
1532 1865 94 38 nisi
1591 1865 70 38 ad
1626 1865 94 38 ejus
1673 1865 188 38 conservationem

1065 1895 159 39 Scriptura
1187 1895 61 39 a
1211 1895 85 39 Deo
1260 1895 146 39 ordinata
1370 1895 61 39 &
1394 1895 159 39 Ecclesiae
1516 1895 171 39 commendata
1651 1895 146 39 fuisset:
1760 1895 73 39 Et
1785 1895 73 39 ideo

1065 1929 123 43 pravis
1151 1929 184 43 dogmatibus,
1298 1929 196 43 corruptisque
1457 1929 135 43 moribus
1555 1929 86 43 per
1604 1929 172 43 Scripturam
1739 1929 86 43 tam
1775 1929 86 43 Vete-

1062 1963 84 39 rem
1110 1963 96 39 quam
1170 1963 109 39 Novam
1243 1963 169 39 εἰαγκαίoς,
1376 1963 169 39 necessario
1508 1963 145 39 occursum
1617 1963 109 39 esse,
1689 1963 109 39 recte
1749 1963 121 39 affirmat

1062 1992 201 42 Chrysostomus
1226 1992 138 42 homilia
1326 1992 113 42 prima
1401 1992 75 42 in
1426 1992 151 42 Matthaeum.

1103 2028 126 33 Proinde
1194 2028 149 33 Scriptura
1308 2028 160 33 necessaria
1434 2028 80 33 est
1480 2028 80 33 non
1525 2028 103 33 solum
1594 2028 69 33 ut
1628 2028 91 33 opes
1685 2028 103 33 vitae
1754 2028 91 33 huic
1799 2028 69 33 cor-

1070 2058 111 40 porali
1147 2058 89 40 sunt
1203 2058 177 40 necessariae,
1347 2058 78 40 hoc
1391 2058 89 40 est,
1446 2058 144 40 commodae,
1557 2058 111 40 quibus
1635 2058 100 40 tamen
1701 2058 89 40 vita
1756 2058 89 40 haec
1801 2058 55 40 et-

1073 2092 79 42 iam
1118 2092 113 42 carere
1197 2092 125 42 possit,
1288 2092 79 42 sed
1333 2092 68 42 ut
1367 2092 170 42 necessarius
1503 2092 79 42 est
1548 2092 102 42 panis
1616 2092 170 42 quotidianus
1752 2092 79 42 quo
1786 2092 79 42 vita.

1060 2123 95 36 haec
1120 2123 119 36 carere
1203 2123 131 36 nequit.
1299 2123 107 36 Verus
1370 2123 143 36 siquidem
1477 2123 107 36 cibus
1549 2123 60 36 &
1573 2123 119 36 potus,
1656 2123 83 36 qui
1704 2123 72 36 ex
1740 2123 107 36 Verbo
1799 2123 60 36 Dei

1060 2156 138 41 sumitur,
1164 2156 138 41 scientia
1268 2156 185 41 Scripturarum
1418 2156 92 41 est,
1476 2156 69 41 ut
1510 2156 162 41 Hieronymus
1637 2156 81 41 ait
1683 2156 69 41 in
1718 2156 92 41 cap.
1764 2156 104 41 tertium

1066 2189 189 37 Ecclesiastae,
1221 2189 78 37 vel
1266 2189 67 37 ut
1299 2189 89 37 sunt
1355 2189 100 37 fabro
1422 2189 156 37 argentatio
1544 2189 156 37 necessaria
1666 2189 100 37 artis
1722 2189 133 37 instrumen-

1072 2224 79 35 ta,
1117 2224 67 35 ut
1150 2224 180 35 Chrysostomus
1296 2224 79 35 ait
1341 2224 112 35 homil.
1420 2224 67 35 3.
1454 2224 67 35 de
1476 2224 101 35 Lazaro.

1092 2253 186 37 Necessaria,
1240 2253 136 37 inquam,
1339 2253 87 37 est
1389 2253 161 37 Scriptura
1513 2253 186 37 necessitate
1661 2253 87 37 non
1711 2253 149 37 absoluta
1810 2253 62 37 aut

1060 2284 145 38 simplici;
1171 2284 89 38 quia
1227 2284 89 38 Deus
1282 2284 78 38 non
1327 2284 89 38 fuit
1383 2284 78 38 nec
1427 2284 78 38 est
1472 2284 156 38 Scripturae
1594 2284 167 38 adstrictus,
1727 2284 89 38 quin
1783 2284 89 38 sine
1828 2284 45 38 ea

1071 2319 156 34 Ecclesiam
1191 2319 120 34 docere
1275 2319 144 34 potuerit
1382 2319 84 34 aut
1430 2319 132 34 possit,
1526 2319 72 34 si
1562 2319 108 34 velit
1634 2319 180 34 quemadmodum
1777 2319 72 34 ab
1801 2319 72 34 ini-

1073 2349 89 41 tio
1124 2349 114 41 mundi
1200 2349 114 41 usque
1276 2349 76 41 ad
1314 2349 114 41 Mosen
1391 2349 165 41 Ecclesiam
1518 2349 140 41 docuit;
1619 2349 89 41 cum
1670 2349 165 41 Scriptura
1784 2349 89 41 adhuc

1074 2380 116 45 exstaret
1152 2380 77 45 nulla.

1112 2396 80 62 Sed
1157 2396 171 62 necessitate
1294 2396 80 62 ea,
1339 2396 91 62 quam
1396 2396 114 62 vocant
1476 2396 68 62 ex
1510 2396 148 62 hypothesi
1624 2396 193 62 dispositionis
1772 2396 102 62 divinae

1058 2448 96 35 quia
1118 2448 96 35 Deus
1178 2448 155 35 Ecclesiam
1297 2448 167 35 Scripturis
1429 2448 120 35 tandem
1512 2448 167 35 adstrictam
1644 2448 96 35 esse
1703 2448 131 35 voluit.

1099 2477 69 38 Et
1133 2477 115 38 quidem
1213 2477 172 38 necessitate
1351 2477 80 38 tam
1397 2477 172 38 scriptionis
1535 2477 92 38 quam
1592 2477 172 38 exsistentia
1718 2477 138 38 perpetuae.

1094 2513 201 40 Necessitatem
1258 2513 188 40 scriptionis
1408 2513 201 40 intelligimus
1572 2513 188 40 incumbentem
1722 2513 163 40 Prophetis
1835 2513 38 40 &

1065 2544 164 41 Apostolis
1192 2544 177 41 Scripturam
1330 2544 151 41 exarandi
1444 2544 164 41 Ecclesiae
1570 2544 76 41 ue
1608 2544 202 41 relinquendi,
1772 2544 88 41 qui
1810 2544 63 41 non

1071 2579 162 39 occasione
1195 2579 124 39 quadam
1282 2579 137 39 tantum,
1382 2579 87 39 sed
1431 2579 112 39 magna
1506 2579 187 39 necessitate
1655 2579 137 39 adducti
1743 2579 124 39 scripse-

1074 2610 87 40 runt.

1099 2629 180 53 Necessitatem
1245 2629 146 53 perpetuae
1358 2629 180 53 exsisientiae
1504 2629 146 53 Scriptura
1616 2629 191 53 intelligimus,
1774 2629 79 53 qua
1808 2629 68 53 fuit

1077 2677 61 37 &
1101 2677 85 37 est
1150 2677 157 37 Ecclesiae
1271 2677 121 37 omnino
1355 2677 194 37 necessarium,
1513 2677 73 37 ut
1549 2677 97 37 post
1610 2677 145 37 excessum
1707 2677 157 37 Prophetarum

1068 2708 61 33 &
1092 2708 182 33 Apostolorum
1238 2708 158 33 Scriptura
1360 2708 109 33 Sacra
1432 2708 158 33 exstaret,
1554 2708 170 33 haberetur,
1688 2708 170 33 legeretur,
1809 2708 61 33 ex-

1082 2740 181 45 plicaretur,
1227 2740 121 45 proque
1311 2740 109 45 norma
1383 2740 109 45 fidei
1456 2740 60 45 &
1480 2740 133 45 bonorum
1576 2740 121 45 operum
1661 2740 205 45 observaretur,
1818 2740 60 45 us-

1074 2768 88 51 que
1125 2768 75 51 ad
1162 2768 113 51 finem
1225 2768 100 51 mundi.

1114 2797 167 46 Necessitas
1245 2797 179 46 scriptionis
1388 2797 131 46 constat
1484 2797 119 46 primum
1567 2797 72 46 ex
1603 2797 143 46 expresso
1710 2797 83 46 vel
1746 2797 131 46 implicito

1077 2828 159 46 scribendi
1199 2828 135 46 mandato
1297 2828 135 46 divino,
1395 2828 74 46 ut
1432 2828 135 46 quondam
1530 2828 98 46 dato
1591 2828 159 46 Prophetis
1714 2828 110 46 Exod.
1787 2828 86 46 17.
1824 2828 49 46 v.

1087 2872 78 34 14.
1131 2872 55 34 &
1153 2872 78 34 34.
1198 2872 78 34 27.
1242 2872 111 34 Jerem.
1319 2872 78 34 30.
1364 2872 66 34 2.
1397 2872 111 34 Ezech.
1474 2872 78 34 43.
1519 2872 78 34 11,
1563 2872 78 34 ita
1607 2872 111 34 postea
1685 2872 144 34 Apostolis
1784 2872 89 34 Matth.

1076 2909 88 34 28.
1127 2909 76 34 v.
1165 2909 88 34 19.
1215 2909 88 34 ubi
1266 2909 88 34 ait
1316 2909 152 34 Dominus;
1430 2909 126 34 Docete
1518 2909 114 34 omnes
1594 2909 139 34 gentes.
1695 2909 152 34 CHRISTUS
1796 2909 76 34 man-

1080 2935 112 41 davit
1154 2935 174 41 Apostolis,
1291 2935 74 41 ut
1328 2935 149 41 docerent
1440 2935 174 41 Evangelium
1576 2935 112 41 omnes
1651 2935 137 41 gentes.
1750 2935 99 41 Ergo
1800 2935 74 41 man-

1080 2971 108 34 davit
1152 2971 72 34 ut
1188 2971 108 34 illud
1260 2971 84 34 tum
1308 2971 96 34 viva
1368 2971 96 34 voce
1428 2971 192 34 annunciarent
1583 2971 84 34 tum
1631 2971 180 34 scriberent.
1775 2971 84 34 Nam
1823 2971 84 34 qui

1087 3004 83 35 rem
1135 3004 131 35 aliquam
1230 3004 119 35 facere
1314 3004 119 35 jubet,
1397 3004 72 35 is
1433 3004 119 35 quoque
1516 3004 107 35 modos
1588 3004 143 35 imperat,
1695 3004 119 35 quibus
1779 3004 83 35 res
1814 3004 72 35 illa

1073 3036 184 33 necessario
1217 3036 171 33 facienda.
1349 3036 105 33 Modi
1415 3036 118 33 autem
1494 3036 131 33 quibus
1586 3036 158 33 Apostoli
1704 3036 184 33 Evangelium
1835 3036 53 33 o-

1079 3071 103 34 mnes
1143 3071 129 34 gentes
1233 3071 129 34 docere
1323 3071 167 34 potuerunt
1452 3071 64 34 &
1478 3071 180 34 debuerunt,
1619 3071 103 34 sunt
1683 3071 103 34 duo,
1748 3071 103 34 viva
1812 3071 90 34 vox
1850 3071 39 34 &

1083 3101 159 43 scriptio:
1205 3101 172 43 praesentes
1340 3101 123 43 quidem
1426 3101 159 43 docuerunt
1549 3101 98 43 viva
1610 3101 110 43 voce,
1684 3101 147 43 absentes
1794 3101 110 43 autem
1855 3101 37 43 &

1093 3136 140 42 victuros
1198 3136 93 42 post
1256 3136 105 42 illos
1326 3136 105 42 usque
1396 3136 70 42 ad
1431 3136 105 42 finem
1501 3136 105 42 mundi
1571 3136 81 42 per
1617 3136 128 42 scripta
1710 3136 116 42 docere
1780 3136 105 42 necesse

1082 3165 147 47 habuerunt,
1197 3165 115 47 Apocal.
1281 3165 63 47 I.
1312 3165 63 47 v.
1344 3165 73 47 11,
1386 3165 52 47 &
1407 3165 84 47 cap.
1459 3165 73 47 21.
1501 3165 63 47 v.
1522 3165 42 47 7.
