2063 3414
252 168 140 46 fideles
354 168 77 46 in
393 168 166 46 primitiva
520 168 153 46 Ecclesia
635 168 128 46 contra
724 168 179 46 interdicta
864 168 204 46 Imperatorum,
1017 168 64 46 Re¬-

254 215 101 40 Pum,
318 215 253 40 Magistratuuumque
532 215 152 40 aliorum,
646 215 227 40 annunciaverunt
836 215 88 40 vel
886 215 164 40 audierunt
1000 215 63 40 Ev¬-

243 244 149 40 angelium
354 244 99 40 Jesu
416 244 149 40 Christi,
528 244 161 40 precesque
652 244 74 40 ad
689 244 99 40 Deum
751 244 174 40 conjunctim
887 244 174 40 habuerunt,
1011 244 50 40 ut

260 284 101 38 Acta
324 284 63 38 &
349 284 164 38 Epistolae
475 284 190 38 Apostolorum
627 284 63 38 &
652 284 164 38 Historiae
778 284 227 38 Ecclesiasticae
968 284 88 38 nec
1006 284 63 38 non

256 313 119 40 Patres
340 313 155 40 orthodoxi
459 313 119 40 abunde
543 313 167 40 testantur.

292 345 68 41 Si
326 345 135 41 quaeras,
427 345 124 41 quomodo
517 345 68 41 te
551 345 113 41 gerere
630 345 113 41 debeat
709 345 147 41 irascenti
822 345 90 41 tibi
878 345 135 41 Principe
980 345 79 41 seu
1014 345 56 41 Ma¬

237 377 125 53 gistratus

284 411 114 40 RESP.
361 411 76 40 I.
399 411 89 40 Pro
450 411 153 40 Principe
564 411 89 40 seu
615 411 178 40 Magistratu
755 411 102 40 tibi
819 411 165 40 irascente
946 411 102 40 Deum
997 411 76 40 ora,

255 452 75 38 ut
293 452 163 38 clementem
418 452 63 38 &
443 452 150 38 benignum
556 452 75 38 ei
594 452 125 38 animum
681 452 100 38 erg:
744 452 75 38 te
782 452 175 38 largiatur.

294 476 93 43 III.
352 476 128 43 Modeste
445 476 70 43 in
480 476 174 43 stationetua
619 476 70 43 te
654 476 139 43 contine,
758 476 104 43 neque
828 476 162 43 rebellato:
944 476 116 43 modesti¬-

253 512 100 39 enim
315 512 62 39 &
340 512 162 39 patientia
464 512 87 39 tua
514 512 137 39 sanabis
613 512 162 39 Principem
738 512 62 39 &
763 512 62 39 a
787 512 124 39 magnis
874 512 149 39 peccatis
974 512 87 39 revo¬-

262 556 111 33 cabis
336 556 62 33 &
360 556 136 33 vitabis
459 556 111 33 malum
533 556 148 33 alioquin
644 556 99 33 tibi
706 556 173 33 eventurum,
842 556 111 33 bonam
916 556 136 33 gratiam
1002 556 62 33 re¬-

258 577 159 41 cuperabis
380 577 110 41 atque
453 577 208 41 reconciliatam
624 577 171 41 retinebis:
759 577 98 41 quod
820 577 159 41 consilium
942 577 86 41 dat
978 577 86 41 Salo¬-

252 611 81 38 mon
299 611 69 38 in
333 611 173 38 Ecclesiaste
472 611 81 38 cap
518 611 81 38 10.
564 611 69 38 v.
599 611 69 38 1.
633 611 58 38 &
656 611 104 38 seqq.

291 644 82 39 II.
338 644 118 39 Tolera
421 644 71 39 ac
456 644 153 39 dissimula
573 644 118 39 multas
656 644 188 39 infirmitates
808 644 165 39 Principis,
938 644 129 39 Eccles.
1020 644 47 39 8.

278 678 68 43 Ne
312 678 158 43 perturbate
436 678 57 43 a
459 678 102 43 facie
526 678 90 43 eius
583 678 113 43 abito:
662 678 68 43 Et
696 678 124 43 densque
787 678 90 43 cave
843 678 147 43 maledicas
945 678 113 43 Principi

264 711 110 44 Eccles.
344 711 70 44 10.
384 711 60 44 v.
404 711 50 44 17.

291 741 114 48 Fides
368 741 153 48 constans
482 741 76 48 in
520 741 165 48 Principem
647 741 64 48 &
673 741 203 48 Rempublicam,
838 741 89 48 est
889 741 89 48 per
940 741 102 48 quam
991 741 76 48 quis

249 773 125 49 firmus
337 773 63 49 &
362 773 125 49 certus
450 773 100 49 est,
513 773 113 49 nihil
588 773 75 49 in
625 773 163 49 Principem
751 773 63 49 &
776 773 188 49 Rempublicam
926 773 100 49 ullo
976 773 88 49 metu,

251 814 125 36 ullave
339 814 88 36 spe
389 814 175 36 commodorum
527 814 188 36 privatorum,
677 814 125 36 ullove
764 814 100 36 alio
827 814 138 36 affectu
927 814 113 36 noxio
989 814 63 36 di¬-

266 850 85 41 cere
320 850 75 41 aut
362 850 117 41 facere,
448 850 75 41 sed
491 850 75 41 nec
533 850 64 41 ab
565 850 107 41 aliis,
640 850 85 41 quod
693 850 64 41 in
725 850 64 41 se
757 850 85 41 est,
811 850 107 41 sieri:
886 850 64 41 ac
918 850 117 41 proinde
992 850 75 41 omnia

257 880 151 44 pericula
370 880 75 44 ac
408 880 113 44 damna
483 880 63 44 a
509 880 151 44 Principe
622 880 63 44 &
647 880 63 44 a
672 880 163 44 Republica
797 880 163 44 avertere,
923 880 151 44 consilia
1023 880 38 44 &

261 915 169 31 molitiones
394 915 133 31 hostium
490 915 145 31 impedire
599 915 60 31 &
623 915 157 31 detegere,
744 915 60 31 &
768 915 109 31 omnia
841 915 145 31 consilia
949 915 72 31 ac
973 915 85 31 facta

267 949 72 42 id
303 949 157 42 Principis
424 949 60 42 &
448 949 181 42 Rcipublicae
593 949 217 42 conservationem
774 949 157 42 dirigere,
894 949 84 42 uti
942 949 109 42 bonum
1003 949 60 42 ci¬-

258 982 86 41 vem
307 982 62 41 &
332 982 111 41 virum
406 982 123 41 probum
492 982 111 41 decet
566 982 74 41 ac
603 982 86 41 par
652 982 86 41 est
689 982 111 41 facere.

293 1008 113 43 Eaque
369 1008 126 43 sedulo
457 1008 188 43 praestanda:
607 1008 63 43 I
633 1008 100 43 Quia
695 1008 63 43 a
720 1008 88 43 Deo
771 1008 138 43 mandata
859 1008 75 43 est.

285 1045 90 44 II.
337 1045 103 44 Quia
401 1045 77 44 in
440 1045 103 44 piis
504 1045 167 44 magnopere
633 1045 193 44 commendatur
787 1045 64 44 a
813 1045 142 44 Spiritu
916 1045 142 44 Sancto,
1019 1045 77 44 ut

254 1070 68 52 in
288 1070 136 52 Chuschai
389 1070 124 52 Arcaeo,
480 1070 68 52 2.
514 1070 90 52 Sam.
570 1070 79 52 15.
615 1070 68 52 v.
649 1070 79 52 32.
694 1070 56 52 &
717 1070 102 52 seqq.
785 1070 56 52 &
807 1070 90 52 cap.
864 1070 79 52 17.
909 1070 68 52 7.
943 1070 56 52 &
954 1070 68 52 seqq

288 1113 100 37 III.
350 1113 100 37 Quia
412 1113 62 37 &
437 1113 75 37 in
474 1113 174 37 Gentilibus
611 1113 162 37 laudatur,
736 1113 75 37 ut
773 1113 75 37 in
811 1113 150 37 Phocione
910 1113 150 37 Atheniens.

256 1148 81 42 qui
303 1148 139 42 Reipubl.
407 1148 104 42 causa
476 1148 116 42 contra
557 1148 127 42 vulgus,
650 1148 116 42 contra
731 1148 151 42 potentes,
847 1148 116 42 contra
928 1148 104 42 morte
986 1148 81 42 ipsa¬-

260 1182 120 41 ummotus
348 1182 120 41 stetit:
435 1182 66 41 in
468 1182 66 41 M.
501 1182 109 41 Catone
577 1182 77 41 qui
621 1182 66 41 ut
654 1182 120 41 publice
742 1182 131 41 exitiosa
840 1182 153 41 impediret,
961 1182 131 41 restitit

259 1213 137 35 Metello
358 1213 124 35 Nepoti
445 1213 137 35 Tribuno
545 1213 137 35 plebis,
644 1213 187 35 rempublicam
793 1213 187 35 perniciosis
943 1213 149 35 logatio¬

264 1253 118 38 nibus
343 1253 171 38 turbanti,
474 1253 66 38 &
500 1253 79 38 C.
539 1253 144 38 Caesari
644 1253 144 38 Consuli
749 1253 118 38 legem
828 1253 79 38 de
867 1253 171 38 dividendo
985 1253 79 38 agro

261 1279 137 32 Campano
360 1279 150 32 ferenti:
473 1279 100 32 idem
535 1279 137 32 Pompeji
635 1279 112 32 Magni
710 1279 187 32 affinitatem
860 1279 150 32 respuit,
960 1279 100 32 tenun¬-

257 1314 101 40 ciari
324 1314 67 40 ei
358 1314 112 40 libere
436 1314 123 40 jubens;
526 1314 78 40 Non
571 1314 90 40 capi
627 1314 78 40 aut
672 1314 157 40 illaqueari
795 1314 67 40 se
829 1314 78 40 per
873 1314 135 40 feminas,
974 1314 90 40 quod
1019 1314 45 40 si

256 1349 147 37 Pompeius
366 1349 122 37 rectam
451 1349 73 37 in
488 1349 135 37 Republ.
586 1349 98 37 viam
647 1349 135 37 iniret,
745 1349 110 37 ultro
818 1349 73 37 se
855 1349 122 37 amicum
941 1349 110 37 fore;
1002 1349 61 37 sin

263 1378 106 43 aliam,
337 1378 95 43 nullo
401 1378 106 43 pacto,
475 1378 74 43 aut
507 1378 95 43 pretio¬-

304 1407 149 45 QUERITUR,
418 1407 69 45 An
453 1407 160 45 perstandum
579 1407 69 45 in
613 1407 92 45 fide
670 1407 103 45 Regis
739 1407 80 45 seu
785 1407 160 45 Principis,
911 1407 69 45 si
945 1407 69 45 is
968 1407 92 45 tyran¬-

265 1446 83 44 nus
301 1446 107 44 evasit?

289 1477 128 42 RESP.
374 1477 242 42 Distinguendum
574 1477 114 42 est:
645 1477 100 42 Aut
702 1477 114 42 enim
774 1477 185 42 absolutam
902 1477 171 42 Monarchiam

248 1513 129 38 hibet,
338 1513 90 38 aut
390 1513 219 38 conditionibus
570 1513 129 38 certis
660 1513 193 38 adstrictam.
814 1513 77 38 Si
852 1513 167 38 absolutam
968 1513 90 38 Monat

268 1545 105 38 chiam
339 1545 117 38 habet,
420 1545 82 38 est
467 1545 70 38 in
502 1545 94 38 fide
561 1545 94 38 ejus
619 1545 176 38 perstandum,
760 1545 129 38 etiamsi
853 1545 140 38 tyrannus
959 1545 129 38 evasit.

257 1582 138 41 etiamsi
358 1582 113 41 nihil
433 1582 113 41 minus
508 1582 163 41 praestet,
633 1582 100 41 quam
695 1582 100 41 quod
758 1582 75 41 ex
795 1582 138 41 officio
895 1582 100 41 erat
958 1582 113 41 Regum
1020 1582 38 41 &

261 1612 181 43 Principum.
403 1612 90 43 Sic
455 1612 103 43 enim
519 1612 142 43 videmus
622 1612 142 43 exemplo
726 1612 116 43 nobis
803 1612 155 43 Danielem
906 1612 155 43 praeivisse

262 1645 110 42 atque
335 1645 74 42 in
372 1645 98 42 fide
433 1645 233 42 Nebucadnetzaris
629 1645 196 42 perstitisse,
789 1645 98 42 etsi
850 1645 208 42 Nebucadnetzar
1009 1645 49 42 ty

257 1676 158 38 tannidem
375 1676 171 38 exerceret
507 1676 92 38 Sed
560 1676 79 38 si
600 1676 92 38 Rex
652 1676 92 38 seu
705 1676 158 38 Princeps
824 1676 185 38 monarchiam
956 1676 105 38 habea¬-

255 1711 159 38 limitatam
377 1711 61 38 &
401 1711 171 38 adstrictam
536 1711 122 38 certis
621 1711 220 38 conditionibus,
804 1711 73 38 in
841 1711 98 38 quas
902 1711 147 38 juravit,
1000 1711 73 38 seu¬-

273 1749 99 41 quas
334 1749 74 41 se
371 1749 148 41 promisit
482 1749 185 41 servaturum,
630 1749 111 41 penes
704 1749 123 41 Status
790 1749 86 41 aut
839 1749 148 41 Primores
950 1749 111 41 regni
1011 1749 62 41 seu

270 1777 184 39 Principatus
417 1777 98 39 est,
479 1777 148 39 coercere
589 1777 111 39 Regis
663 1777 86 39 seu
712 1777 160 39 Principis
835 1777 172 39 tyrannidem
971 1777 61 39 &
983 1777 86 39 imma¬

253 1815 119 38 nitatem.

303 1845 100 40 Sunt
366 1845 138 40 officia
466 1845 176 40 subditorum
604 1845 138 40 quaedam
705 1845 176 40 ordinaria,
843 1845 138 40 quaedam
931 1845 150 40 extraordi¬-

255 1883 114 37 naria
331 1883 101 37 quae
394 1883 126 37 Graeci
483 1883 126 37 vocant
571 1883 101 37 μαζα
634 1883 177 37 ωριστασιν.
773 1883 177 37 Ordinarium
912 1883 76 37 ac
937 1883 126 37 proprium

261 1915 140 45 cujusque
366 1915 105 45 civis
436 1915 140 45 officium
542 1915 82 45 est
588 1915 93 45 quod
647 1915 70 45 ei
682 1915 140 45 competit
787 1915 82 45 pro
833 1915 128 45 ratione
927 1915 93 45 loci
985 1915 58 45 &
997 1915 70 45 sta¬-

255 1950 141 38 tionis,
358 1950 103 38 quam
422 1950 141 38 obtinet
525 1950 77 38 in
563 1950 180 38 Republica.
705 1950 77 38 Ea
743 1950 103 38 vero
807 1950 193 38 Reipublicae
948 1950 116 38 tempora

260 1978 144 39 aliquando
371 1978 144 39 incidunt,
481 1978 66 39 ut
514 1978 77 39 fas
558 1978 133 39 cujusque
658 1978 77 39 sit
702 1978 133 39 publicae
802 1978 122 39 saluti,
890 1978 66 39 si
923 1978 88 39 quid
968 1978 100 39 potest,

254 2014 102 36 extra
322 2014 125 36 ordinem
412 2014 159 36 consulere:
537 2014 91 36 Haec
594 2014 91 36 illi
650 2014 113 36 vocant
729 2014 125 36 officia
820 2014 91 36 καζα
877 2014 147 36 ωριςασιν,
979 2014 79 36 velus

258 2044 114 41 Ecasu
334 2044 63 41 &
360 2044 152 41 reipubl.
474 2044 178 41 necessario
614 2044 140 41 tempore
715 2044 178 41 pendentia.
855 2044 89 41 Sic
906 2044 102 41 quum
956 2044 102 41 nemin¬-

268 2080 136 40 privato
366 2080 86 40 fas
416 2080 86 40 sit
465 2080 148 40 quemquam
576 2080 161 40 occidere:
700 2080 74 40 in
737 2080 148 40 oppressa
848 2080 111 40 tamen
910 2080 148 40 Republica,

268 2120 90 39 quis
324 2120 134 39 tyrannum
425 2120 90 39 (qui
481 2120 90 39 vere
537 2120 134 39 tyrannus
637 2120 90 39 sit,
693 2120 78 39 non
738 2120 78 39 qui
783 2120 101 39 falso
850 2120 101 39 talis
917 2120 146 39 judicetur
1018 2120 45 39 ut

254 2149 71 42 ex
290 2149 153 42 sententia
407 2149 106 42 Papae
478 2149 59 42 &
501 2149 176 42 Jesuitarum)
642 2149 165 42 occideret,
772 2149 106 42 huic,
842 2149 129 42 tanquam
936 2149 71 42 de
960 2149 94 42 civira

259 2177 70 39 re
294 2177 94 39 bene
353 2177 129 39 merito,
447 2177 141 39 praemium
553 2177 176 39 decernitur.
694 2177 94 39 Haec
752 2177 129 39 officia
846 2177 94 39 lege
905 2177 106 39 certa
964 2177 117 39 definiri

262 2217 101 40 nulla
329 2217 89 40 alia
385 2217 134 40 possunt,
486 2217 89 40 quam
541 2217 123 40 salutis
631 2217 168 40 Reipublicae
754 2217 123 40 respectus

288 2248 142 42 Opposita
394 2248 83 42 est
442 2248 71 42 ei
477 2248 142 42 persidia
583 2248 71 42 in
619 2248 189 42 Rempublicam,
772 2248 142 42 defectio
878 2248 59 42 a
902 2248 142 42 Principe
996 2248 71 42 seu¬-

259 2277 180 45 Magistratu,
403 2277 60 45 &
427 2277 120 45 dolosa
511 2277 108 45 fidei
584 2277 72 45 in
620 2277 132 45 Rempubl
716 2277 84 45 cam
752 2277 132 45 simulatio

288 2311 143 41 Ferfidia
395 2311 71 41 in
431 2311 190 41 Rempublicam,
585 2311 83 41 est
633 2311 119 41 scelus
716 2311 95 41 quum
775 2311 95 41 quis
834 2311 119 41 prodit
918 2311 131 41 patriam
1001 2311 59 41 seu

257 2345 180 41 libertatem
398 2345 167 41 publicam,
527 2345 103 41 sive
591 2345 167 41 conspiret
719 2345 77 41 in
758 2345 167 41 legitimum
886 2345 167 41 Principem
1002 2345 64 41 aut

253 2376 194 44 Magistrarum;
411 2376 97 44 sive
472 2376 73 44 in
508 2376 97 44 vere
569 2376 109 44 fidos
642 2376 182 44 Reipublicae
788 2376 182 44 administros
933 2376 61 44 &
946 2376 109 44 conser¬-

254 2410 138 42 vatores:
357 2410 115 42 qualis
437 2410 92 42 fuit
495 2410 138 42 perfidia
598 2410 184 42 Achitophelis
748 2410 57 42 &
771 2410 126 42 illorum
863 2410 80 42 qui
909 2410 126 42 deserta
989 2410 69 42 fide

249 2445 135 41 Davidi
343 2445 108 41 Regi
410 2445 121 41 data,
491 2445 162 41 Absalomo
612 2445 202 41 adhaeserunt
774 2445 135 41 eumque
868 2445 121 41 Regem
936 2445 121 41 unxerum

247 2482 75 37 2.
284 2482 100 37 Sam.
346 2482 87 37 15.
396 2482 62 37 &
421 2482 87 37 16.
471 2482 125 37 qualis
559 2482 175 37 Ziphaeorum
696 2482 100 37 fuit
758 2482 150 37 perfidia
871 2482 137 37 Davidem
958 2482 100 37 optime

257 2509 78 46 de
296 2509 118 46 regno
375 2509 196 46 Israelitico
532 2509 144 46 meritum
636 2509 65 46 &
662 2509 170 46 merentem,
793 2509 157 46 illudque
898 2509 183 46 conservantem

249 2550 134 43 tyranno
347 2550 183 43 prodentium,
493 2550 73 43 1.
530 2550 98 43 Sam.
591 2550 86 43 23.
640 2550 86 43 19.
689 2550 61 43 &
713 2550 98 43 cap.
762 2550 61 43 26.

269 2574 153 46 Perfidia
384 2574 77 46 in
422 2574 192 46 Rempublicam
576 2574 64 46 &
601 2574 153 46 proditio
716 2574 89 46 non
767 2574 102 46 est,
831 2574 89 46 cum
882 2574 102 46 quis
933 2574 115 46 deserte

253 2611 168 42 illegitimo
385 2611 168 42 possessore
517 2611 192 42 Reipublicae,
673 2611 96 42 sese
733 2611 144 42 adjungit
841 2611 144 42 legitimo
949 2611 60 42 &
973 2611 60 42 a
985 2611 72 42 Deo.

248 2647 156 37 constituto
371 2647 145 37 Principi,
482 2647 67 37 ut
516 2647 100 37 Rahab
582 2647 89 37 Jos.
638 2647 67 37 2.
672 2647 67 37 v.
705 2647 67 37 3.
739 2647 56 37 &
761 2647 89 37 seq.
817 2647 100 37 Abner
884 2647 123 37 deserto
962 2647 89 37 Ischbo

247 2674 95 43 seto
307 2674 155 43 adjungens
426 2674 71 43 se
461 2674 119 43 Davidi
545 2674 71 43 2.
581 2674 95 43 Sam.
640 2674 71 43 3.
676 2674 71 43 v.
712 2674 71 43 9.
747 2674 60 43 &
771 2674 107 43 seqq.
843 2674 83 43 Aut
890 2674 83 43 cum
938 2674 95 43 quis
986 2674 71 43 con¬-

250 2709 96 45 scio
310 2709 145 45 legitimo
419 2709 145 45 Principe
527 2709 84 45 aut
575 2709 169 45 Magistratu
708 2709 108 45 hosti
780 2709 72 45 se
816 2709 145 45 adjungit
925 2709 84 45 aut
973 2709 84 45 cum
1009 2709 48 45 eo

247 2740 110 44 manet
320 2740 73 44 ad
356 2740 171 44 exploranda
490 2740 61 44 &
515 2740 171 44 impedienda
649 2740 97 44 ejus
710 2740 158 44 consilia,
832 2740 73 44 ut
868 2740 110 44 fecit
929 2740 134 44 Chuschai¬-

248 2776 133 43 Arcaeus
345 2776 133 43 volente
442 2776 61 43 &
466 2776 133 43 jubente
563 2776 121 43 Davide
647 2776 109 43 pulso
720 2776 73 43 ab
756 2776 157 43 Absalomo,
877 2776 73 43 2.
914 2776 97 43 Sam.
974 2776 85 43 15.
1011 2776 48 43 v.

250 2814 80 50 33
290 2814 67 50 &
303 2814 80 50 seqo

291 2842 182 42 Defectionis
436 2842 61 42 a
461 2842 146 42 Principe
570 2842 85 42 seu
618 2842 170 42 Magistratu
752 2842 109 42 causa
824 2842 109 42 saepe
897 2842 97 42 sunt
946 2842 121 42 peccata.

247 2878 161 52 Principis
370 2878 87 52 seu
420 2878 198 52 Magistratus:
581 2878 74 52 ut
618 2878 148 52 Moabitae
729 2878 173 52 defecerunt
865 2878 62 52 a
890 2878 99 52 Rege
939 2878 124 52 Israelis

249 2915 130 44 propter
344 2915 189 44 idololatriam
497 2915 94 44 eius
556 2915 71 44 2.
591 2915 94 44 Reg.
650 2915 71 44 1.
674 2915 47 44 1.

291 2940 117 41 Dorosa
373 2940 106 41 fidet
444 2940 70 41 in
479 2940 176 41 Rempublicam
620 2940 164 41 simulatio,
749 2940 82 41 est
796 2940 82 41 cum
843 2940 94 41 quis
901 2940 94 41 prae
960 2940 70 41 se
984 2940 70 41 fer¬-

255 2972 182 48 singularem
398 2972 65 48 &
424 2972 156 48 sinceram
542 2972 117 48 curam
620 2972 196 48 conservandi
776 2972 209 48 Rempublicam,
946 2972 91 48 cum
985 2972 65 48 ta¬-

255 3011 84 46 men
303 3011 109 46 longe
376 3011 109 46 aliud
448 3011 145 46 spectet:
556 3011 72 46 ut
593 3011 121 46 Ioabus
677 3011 193 46 interficiens
834 3011 133 46 Abnerum
930 3011 72 46 2.
967 3011 96 46 Sam.
1015 3011 48 46 3.

306 3042 77 40 v.
345 3042 90 40 24.
396 3042 64 40 &
421 3042 205 40 sequentibus.
588 3042 102 40 Idem
652 3042 90 40 cum
703 3042 166 40 Ebjathare
831 3042 166 40 Sacerdote
946 3042 64 40 re¬-

385 3075 100 51 gem
442 3075 215 51 constituens
614 3075 172 51 Adonijam
742 3075 86 51 1.
785 3075 129 51 Regum
857 3075 57 51 1.

594 3109 134 49 versicul.
687 3109 41 49 7.

423 3157 156 60 Hactenus
540 3157 78 60 de
579 3157 156 60 iustitia
683 3157 195 60 distributiva¬

1310 212 268 54 CAPUT
1459 212 238 54 LXIII.

1259 268 95 62 In
1307 268 111 62 quo
1370 268 95 62 de
1418 268 190 62 Iustitia
1544 268 222 62 commutativa.

1140 324 151 65 USTITIA
1250 324 220 65 commutativa,
1429 324 96 65 est
1484 324 165 65 justitia
1608 324 220 65 particularis
1786 324 96 65 per
1828 324 82 65 quam

1143 379 162 40 aequitatem
1271 379 69 40 in
1305 379 185 40 acquisitione
1456 379 116 40 rerum,
1537 379 69 40 in
1571 379 127 40 adeunda
1664 379 185 40 haereditate,
1814 379 69 40 in
1838 379 69 40 com¬-

1109 411 63 41 α
1135 411 138 41 merciis
1235 411 88 41 seu
1285 411 239 41 negotiationibus
1486 411 63 41 &
1511 411 201 41 contractibus
1674 411 151 41 servamus
1787 411 75 41 ex
1813 411 100 41 pacto,

1106 436 97 49 sic
1162 436 83 49 ut
1203 436 97 49 cum
1259 436 153 49 proximo
1370 436 83 49 in
1411 436 153 49 omnibus
1522 436 97 49 ita
1578 436 153 49 agamus,
1689 436 208 49 quemadmodum
1842 436 69 49 no¬-

1105 470 123 47 biscum
1191 470 86 47 agi
1240 470 172 47 cuperemus.
1375 470 147 47 Brevius:
1485 470 147 47 Iustitia
1596 470 196 47 commutativa,
1755 470 86 47 est
1792 470 123 47 justitia

1120 505 193 43 particularis,
1279 505 91 43 quae
1336 505 114 43 servat
1415 505 182 43 aequalitatem
1563 505 68 43 in
1597 505 193 43 contractibus,
1756 505 80 43 seu
1801 505 68 43 in
1824 505 91 43 commu¬-

1107 541 140 40 tatione
1209 541 115 40 rerum
1286 541 64 40 &
1311 541 179 40 preciorum,
1452 541 153 40 operatum
1566 541 64 40 &
1579 541 153 40 officiorum

1146 573 107 39 Hujus
1217 573 142 39 virtutis
1324 573 95 39 est,
1384 573 83 39 cum
1431 573 131 39 proximo
1526 573 107 39 bonam
1597 573 95 39 fide
1657 573 107 39 agere
1728 573 119 39 eumque
1811 573 83 39 non
1847 573 59 39 cit

1105 608 144 41 cumvenire
1216 608 66 41 in
1249 608 144 41 contractu
1359 608 88 41 ullo
1415 608 88 41 sive
1470 608 155 41 mercatorio
1591 608 77 41 qui
1636 608 166 41 tripliciter
1768 608 88 41 fit,
1824 608 77 41 aut
1857 608 55 41 res

1108 644 87 39 pro
1157 644 125 39 rebus,
1245 644 87 39 aut
1295 644 87 39 pro
1345 644 137 39 pecunia
1445 644 100 39 res,
1507 644 87 39 aut
1557 644 150 39 pecuniam
1670 644 87 39 pro
1720 644 137 39 pecunia
1807 644 100 39 commu¬-

1102 677 124 37 tando;
1188 677 62 37 e
1213 677 124 37 quibus
1300 677 173 37 contractus
1436 677 124 37 primus
1523 677 186 37 permutatio;
1671 677 149 37 secundus
1783 677 111 37 emtio
1845 677 74 37 ven¬-

1111 706 115 42 ditio;
1191 706 126 42 tertius
1283 706 126 42 Cambium
1375 706 172 42 appellatur:
1513 706 92 42 sive
1570 706 138 42 alioquin
1674 706 126 42 civili,
1766 706 69 42 ut
1800 706 103 42 sunt,
1858 706 57 42 mu¬-

1109 741 120 52 tuatio,
1197 741 164 52 commodatio,
1328 741 131 52 donatio,
1426 741 131 52 locatio,
1525 741 153 52 conductio,
1645 741 186 52 eppigneratio,
1788 741 131 52 depositum,

1113 772 132 45 societas,
1204 772 142 45 emphyteusis.

1144 805 185 44 Permutatio,
1292 805 86 44 est
1341 805 111 44 genus
1415 805 210 44 antiquissimum
1588 805 173 44 contractus
1724 805 86 44 quo
1773 805 86 44 res
1822 805 86 44 pro
1859 805 62 44 re¬-

1110 838 85 47 bus
1158 838 194 47 commutantur,
1316 838 85 47 aut
1364 838 145 47 personae
1474 838 85 47 pro
1522 838 158 47 personis:
1643 838 109 47 cujus
1716 838 121 47 mentio
1801 838 85 47 sit
1837 838 85 47 Ruth.

1110 878 74 51 4.
1147 878 74 51 7.
1184 878 161 51 Justitiae
1307 878 198 51 commutativae
1468 878 74 51 in
1505 878 136 51 emtione
1604 878 62 51 &
1629 878 173 51 venditione
1764 878 148 51 exemplum
1863 878 62 51 est

1100 904 78 46 in
1139 904 156 46 Abrahamo
1256 904 104 46 Gen.
1321 904 91 46 23.
1372 904 78 46 v.
1411 904 78 46 3.
1450 904 65 46 &
1463 904 78 46 seqe

1140 938 144 43 Venditio
1248 938 60 43 &
1272 938 108 43 emtio
1344 938 84 43 tum
1391 938 108 43 justa
1463 938 96 43 est,
1523 938 96 43 quum
1583 938 96 43 Lege
1643 938 120 43 divina
1727 938 144 43 aliisque
1822 938 96 43 justis

1113 973 129 54 legibus
1207 973 141 54 concessa
1313 973 94 54 est:
1372 973 117 54 quilis
1454 973 94 54 erat
1513 973 106 54 emtio
1583 973 59 54 &
1607 973 141 54 venditio
1712 973 94 54 agri
1771 973 153 54 Hephronis
1877 973 35 54 &

1112 1004 157 47 speluncae,
1235 1004 112 47 Genes.
1313 1004 78 47 23.
1358 1004 90 47 Quod
1414 1004 67 47 si
1448 1004 78 47 rei
1493 1004 134 47 alicujus
1593 1004 134 47 venditio
1694 1004 56 47 &
1717 1004 101 47 emtio
1784 1004 90 47 lege
1829 1004 78 47 divi¬-

1118 1048 68 41 na
1152 1048 137 41 aliisque
1254 1048 114 41 justis
1334 1048 125 41 legibus
1425 1048 182 41 prohibeatur,
1573 1048 125 41 injusta
1664 1048 137 41 censenda
1766 1048 91 41 est.
1812 1048 102 41 Exempli

1110 1079 121 37 causa:
1195 1079 109 37 Achab
1267 1079 85 37 rex
1316 1079 145 37 Israelis
1425 1079 133 37 injuste
1522 1079 109 37 emere
1594 1079 121 37 voluit
1679 1079 61 37 a
1703 1079 133 37 Nabotho
1800 1079 133 37 vineam,
1885 1079 36 37 &

1116 1106 140 51 Nabothus
1221 1106 174 51 venditionem
1361 1106 93 51 ejus
1419 1106 105 51 juste
1489 1106 163 51 recusavit,
1617 1106 70 51 1.
1651 1106 93 51 Reg.
1710 1106 81 51 21.
1756 1106 70 51 1,
1791 1106 70 51 2,
1826 1106 70 51 3.
1849 1106 70 51 quia

1114 1146 93 36 lege
1172 1146 116 36 divina
1254 1146 162 36 prohibitum
1381 1146 93 36 erat
1439 1146 162 36 Israelitis
1567 1146 186 36 haereditatem
1718 1146 139 36 paternam
1811 1146 104 36 aliena¬-

1111 1179 72 42 re
1147 1179 96 42 lege
1207 1179 155 42 mancipii,
1326 1179 120 42 Levit.
1410 1179 84 42 25.
1458 1179 84 42 23.
1506 1179 96 42 Num.
1565 1179 84 42 36.
1613 1179 72 42 7.
1649 1179 72 42 Ab
1685 1179 120 42 invito
1769 1179 108 42 emere
1828 1179 84 42 inju¬-

1108 1206 113 42 riosum
1176 1206 57 42 est

1142 1236 77 43 Ad
1181 1236 153 43 emtionem
1296 1236 64 43 &
1321 1236 192 43 venditionem
1474 1236 153 43 pertines
1590 1236 115 43 emtio
1666 1236 166 43 redituum,
1794 1236 102 43 quae
1845 1236 64 43 non

1117 1277 110 44 magis
1190 1277 85 44 est
1239 1277 122 44 usura,
1324 1277 97 44 quam
1385 1277 146 44 elocatio
1495 1277 110 44 fundi
1568 1277 85 44 pro
1616 1277 122 44 certa,
1702 1277 134 44 pecunia
1787 1277 134 44 quotanais

1099 1305 121 42 solvenda

1136 1334 170 52 MUTUATIO,
1267 1334 92 52 est
1319 1334 197 52 contractus,
1477 1334 79 52 in
1516 1334 92 52 quo
1568 1334 92 52 aut
1621 1334 157 52 pecunia,
1739 1334 92 52 aut
1778 1334 144 52 frumentum

1113 1380 83 38 aut
1161 1380 107 38 vinum
1232 1380 83 38 aut
1279 1380 71 38 si
1315 1380 95 38 quid
1374 1380 107 38 aliud
1446 1380 71 38 ad
1481 1380 95 38 usum
1541 1380 107 38 vitae
1612 1380 107 38 hujus
1683 1380 178 38 necessarium
1814 1380 95 38 consu¬-

1107 1411 113 35 mendum
1186 1411 91 35 est,
1243 1411 170 35 transfertur
1379 1411 68 35 ad
1413 1411 113 35 alium,
1492 1411 79 35 ita
1537 1411 68 35 ut
1571 1411 68 35 is
1605 1411 113 35 reddat
1673 1411 159 35 aequivalens.

1142 1444 152 39 Mutuatio
1256 1444 63 39 &
1282 1444 177 39 commodatio
1421 1444 177 39 differunt:
1560 1444 89 39 nam
1611 1444 76 39 in
1649 1444 177 39 mutuatione
1776 1444 139 39 redditur?

1107 1478 125 38 genus,
1194 1478 87 38 hoc
1244 1478 100 38 est,
1306 1478 87 38 non
1356 1478 100 38 idem
1418 1478 174 38 individuum
1555 1478 87 38 sed
1605 1478 199 38 aequivalens:
1767 1478 75 38 in
1791 1478 125 38 commoda¬-

1108 1509 108 34 tione
1180 1509 144 34 redditur
1287 1509 108 34 eadem
1359 1509 144 34 species,
1467 1509 84 34 seu
1515 1509 96 34 idem
1563 1509 155 34 individuum.

1143 1541 135 43 Mutatio
1241 1541 86 43 non
1290 1541 86 43 est
1339 1541 184 43 detrectanda
1486 1541 147 43 proximo,
1596 1541 110 43 etiam
1670 1541 147 43 inimico,
1780 1541 123 43 egenti
1854 1541 61 43 tuo

1100 1573 119 37 auxilio.

1146 1605 72 45 I.
1182 1605 95 45 Quia
1242 1605 84 45 est
1289 1605 131 45 mandata
1385 1605 60 45 a
1409 1605 95 45 Deo,
1468 1605 107 45 Deut.
1540 1605 84 45 15.
1588 1605 72 45 7.
1624 1605 72 45 8,
1659 1605 72 45 9,
1695 1605 84 45 10,
1743 1605 84 45 11.
1791 1605 119 45 Matth.
1862 1605 48 45 7.

1111 1640 78 44 42.
1156 1640 90 44 Luc.
1212 1640 67 44 6.
1234 1640 56 44 35.

1144 1676 85 45 II.
1192 1676 97 45 Quia
1253 1676 109 45 illam
1326 1676 145 45 requirit
1435 1676 157 45 charitas,
1556 1676 73 45 ne
1592 1676 85 45 per
1640 1676 73 45 te
1677 1676 145 45 quisquam
1786 1676 85 45 sit
1822 1676 97 45 egens,

1114 1705 97 45 Deut.
1179 1705 75 45 15.
1222 1705 64 45 v.
1243 1705 43 45 4.

1141 1740 96 44 III.
1201 1740 96 44 Quia
1261 1740 84 44 est
1308 1740 143 44 probatio
1416 1740 108 44 fidei
1488 1740 60 44 &
1512 1740 143 44 obsequii
1619 1740 96 44 erga
1679 1740 108 44 Deum,
1751 1740 108 44 Deut.
1822 1740 84 44 15.
1858 1740 48 44 7.

1147 1775 78 43 IV.
1192 1775 89 43 Quia
1247 1775 89 43 illi
1303 1775 134 43 promissa
1404 1775 78 43 est
1449 1775 101 43 dives
1516 1775 157 43 benedictio
1639 1775 89 43 Dei,
1695 1775 101 43 Deut,
1762 1775 78 43 15.
1806 1775 67 43 4,
1840 1775 67 43 6,
1862 1775 45 43 10

1154 1810 128 49 Gratuita
1250 1810 85 49 esse
1304 1810 107 49 debet,
1379 1810 64 49 id
1411 1810 85 49 est,
1464 1810 107 49 absque
1539 1810 128 49 alicujus
1635 1810 96 49 lucri
1699 1810 139 49 exactione
1806 1810 53 49 &
1817 1810 85 49 capta¬-

1100 1836 120 48 tione,
1184 1836 84 48 aut
1232 1836 96 48 doni
1280 1836 180 48 acceptatione.

1143 1874 75 51 I.
1181 1874 100 51 Quia
1244 1874 88 51 sic
1294 1874 100 51 fert
1356 1874 150 51 mandatum
1469 1874 100 51 Dei,
1532 1874 100 51 Luc.
1594 1874 75 51 6.
1632 1874 88 51 35.
1682 1874 125 51 Mutuum
1769 1874 113 51 date,
1832 1874 75 51 nihi

1103 1901 90 47 inde
1148 1901 135 47 sperantes.

1136 1940 92 38 II.
1188 1940 105 38 Quia
1254 1940 157 38 mercedem
1371 1940 131 38 amplam
1463 1940 118 38 habet
1541 1940 65 38 a
1568 1940 105 38 Deo.
1633 1940 105 38 Luc.
1698 1940 78 38 6.
1725 1940 65 38 35.

1137 1973 88 41 III.
1192 1973 88 41 Quia
1247 1973 77 41 est
1291 1973 110 41 signum
1369 1973 132 41 filiorum
1468 1973 88 41 Dei,
1523 1973 88 41 Luc.
1578 1973 66 41 6.
1611 1973 77 41 35.
1655 1973 66 41 Ac
1688 1973 99 41 filii
1755 1973 110 41 eritis
1821 1973 88 41 illius

1113 2006 164 43 Altissimi:
1242 2006 82 43 nam
1289 2006 141 43 benignus
1395 2006 82 43 est
1442 2006 94 43 erga
1501 2006 141 43 ingratos
1606 2006 59 43 &
1618 2006 94 43 malos.

1145 2039 78 43 IV.
1189 2039 89 43 Quia
1245 2039 144 43 discernit
1356 2039 89 43 vere
1411 2039 89 43 pios
1466 2039 67 43 ab
1500 2039 78 43 iis
1544 2039 78 43 qui
1588 2039 122 43 peccato
1677 2039 111 43 dediti
1755 2039 100 43 sunt,
1821 2039 89 43 Luc.
1866 2039 44 43 6.

1110 2072 55 43 v.
1128 2072 46 43 34.

1147 2102 70 45 in
1182 2102 164 45 mutuatione
1311 2102 105 45 sicut
1381 2102 70 45 is
1416 2102 82 45 qui
1463 2102 105 45 mutuo
1533 2102 82 45 dat
1580 2102 129 45 studere
1673 2102 152 45 justitiae
1790 2102 117 45 debet,
1860 2102 47 45 ut

1108 2140 136 40 quicquid
1210 2140 79 40 dat
1255 2140 113 40 justae
1334 2140 147 40 bonitatis
1448 2140 79 40 sit
1493 2140 57 40 &
1516 2140 113 40 absque
1595 2140 102 40 dolo:
1663 2140 79 40 ita
1708 2140 57 40 &
1731 2140 68 40 is
1765 2140 79 40 qui
1799 2140 113 40 accipit,

1103 2175 125 31 mutuum
1191 2175 113 31 dicto
1266 2175 138 31 tempore
1366 2175 138 31 reddere
1466 2175 125 31 absque
1554 2175 100 31 dolo
1616 2175 150 31 tenetur.
1729 2175 88 31 Non
1779 2175 100 31 enim
1829 2175 75 31 fru¬-

1105 2204 88 39 stra
1160 2204 120 39 dicitur
1247 2204 99 39 Psal.
1313 2204 77 39 37.
1357 2204 66 39 v.
1390 2204 77 39 21,
1433 2204 99 39 Mutuo
1499 2204 120 39 accipit
1587 2204 142 39 improbus,
1696 2204 77 39 sed
1740 2204 77 39 non
1784 2204 109 39 potest
1849 2204 55 39 red

1113 2238 105 33 dere.
1183 2238 117 33 Deinde
1265 2238 105 33 mutuo
1335 2238 93 33 dans
1393 2238 58 33 &
1416 2238 105 33 mutuo
1486 2238 163 33 accipiens,
1615 2238 70 33 si
1650 2238 128 33 injuste
1743 2238 105 33 agat,
1801 2238 105 33 poenas.

1099 2272 87 42 sibi
1153 2272 141 42 accersit.
1262 2272 98 42 Jesa.
1327 2272 76 42 24.
1370 2272 65 42 v.
1403 2272 65 42 2.
1435 2272 87 42 erit
1489 2272 119 42 perinde
1576 2272 98 42 mutuo
1641 2272 98 42 danti
1706 2272 98 42 atque
1771 2272 98 42 mutuo
1825 2272 76 42 acci¬

1079 2305 105 49 pienti

1134 2333 142 44 Donatio,
1240 2333 83 44 est
1288 2333 165 44 contractus
1417 2333 118 44 quando
1500 2333 83 44 res
1547 2333 59 44 a
1571 2333 106 44 justo
1642 2333 130 44 domino,
1736 2333 83 44 qui
1783 2333 83 44 jus
1830 2333 106 44 habet

1104 2370 104 42 illam
1174 2370 139 42 donandi,
1278 2370 174 42 transfertur
1417 2370 70 42 ad
1452 2370 104 42 alium
1522 2370 93 42 sine
1580 2370 197 42 compensatione
1742 2370 70 42 ex
1777 2370 116 42 libera
1846 2370 58 42 vo¬-

1105 2402 124 40 luntate
1195 2402 68 40 ad
1229 2402 203 40 confirmationem
1399 2402 124 40 federis
1489 2402 113 40 initi,
1568 2402 79 40 vel
1613 2402 215 40 testificationem
1783 2402 124 40 depositae

1118 2438 126 37 enitus
1207 2438 76 37 ex
1245 2438 114 37 animo
1320 2438 189 37 offensionis
1472 2438 88 37 vel
1522 2438 76 37 ad
1560 2438 114 37 alium
1636 2438 114 37 sinem
1712 2438 151 37 honestum
1825 2438 63 37 &
1838 2438 63 37 vo¬-

1107 2470 143 44 suntati
1211 2470 143 44 divinae
1315 2470 91 44 non
1367 2470 208 44 repugnantem:
1537 2470 78 44 ut
1576 2470 169 44 Abrahamus
1706 2470 143 44 donavit
1797 2470 104 44 Abimo,

1101 2502 112 39 lecho
1175 2502 124 39 greges
1262 2502 62 39 &
1287 2502 137 39 armenta
1387 2502 75 39 ad
1424 2502 224 39 confirmationem
1611 2502 137 39 federis
1710 2502 87 39 cum
1760 2502 100 39 ipso
1810 2502 100 39 initi,

1114 2537 91 37 Gen.
1170 2537 80 37 21.
1216 2537 68 37 v.
1250 2537 91 37 27.:
1307 2537 102 37 eidem
1375 2537 114 37 septem
1455 2537 102 37 agnas
1523 2537 114 37 gregis
1602 2537 125 37 seorsim
1693 2537 114 37 dedit,
1773 2537 68 37 ut
1796 2537 102 37 testare

1107 2577 84 40 tur
1155 2577 107 40 nihil
1226 2577 131 40 amalius
1322 2577 179 40 offensionis
1465 2577 107 40 animo
1537 2577 84 40 suo
1585 2577 131 40 haerere
1680 2577 72 40 ob
1716 2577 119 40 puteum
1800 2577 72 40 vi
1823 2577 84 40 occu¬-

1110 2604 108 35 patum
1182 2604 60 35 a
1206 2604 120 35 servis
1291 2604 181 35 Abimelechi.
1435 2604 72 35 v.
1471 2604 84 35 28,
1520 2604 84 35 29,
1568 2604 84 35 30.
1616 2604 84 35 Sic
1664 2604 145 35 Josephus
1760 2604 145 35 Patriarcha

1105 2634 106 37 donis
1176 2634 129 37 affecit
1270 2634 129 37 fratres
1364 2634 94 37 suos
1422 2634 70 37 in
1458 2634 141 37 AEgypto,
1563 2634 94 37 Gen.
1622 2634 82 37 45.
1669 2634 82 37 22.
1716 2634 141 37 Jonathan
1810 2634 94 37 filius

1110 2669 124 38 Saulis
1196 2669 112 38 Regis
1271 2669 136 38 donavit
1370 2669 124 38 Davidi
1457 2669 124 38 vestes
1543 2669 112 38 suas,
1618 2669 136 38 gladium
1717 2669 62 38 &
1742 2669 112 38 arcum
1816 2669 99 38 suum
1866 2669 37 38 &

1094 2704 120 40 zonam
1174 2704 120 40 suam,
1254 2704 80 40 1.
1293 2704 107 40 Sam.
1347 2704 53 40 I8

1140 2734 76 40 Ad
1178 2734 177 40 locationem
1317 2734 63 40 &
1342 2734 202 40 conductionem
1507 2734 152 40 pertinet
1620 2734 139 40 solutio
1721 2734 152 40 mercedis
1822 2734 76 40 debi

1111 2772 80 36 cae
1156 2772 80 36 pro
1202 2772 102 36 opera
1270 2772 57 36 a
1292 2772 159 36 mercenario
1417 2772 159 36 praestita:
1542 2772 114 36 veluti
1622 2772 68 36 si
1656 2772 91 36 quis
1713 2772 114 36 vineam
1792 2772 102 36 locet
1849 2772 57 36 co¬-

1103 2799 116 41 lendam
1185 2799 140 41 vinitori
1290 2799 116 41 alicui
1371 2799 82 41 pro
1418 2799 105 41 certa
1488 2799 70 41 ac
1523 2799 105 41 justa
1593 2799 140 41 mercede,
1697 2799 116 41 justum
1779 2799 82 41 est
1825 2799 70 41 ut
1849 2799 58 41 eam

1104 2833 125 41 mature
1191 2833 137 41 solvat.
1290 2833 75 41 In
1328 2833 125 41 summa,
1415 2833 87 41 pro
1465 2833 162 41 quocunque
1589 2833 125 41 labore
1677 2833 125 41 merces
1764 2833 125 41 debita
1839 2833 62 41 est

1105 2871 117 40 mature
1187 2871 152 40 solvenda.
1304 2871 105 40 Deut.
1374 2871 82 40 24.
1421 2871 82 40 14.
1456 2871 58 40 15.

1144 2896 141 44 Iustit:a
1250 2896 176 44 commutativa
1391 2896 82 44 est
1438 2896 117 44 sancte
1508 2896 141 44 exercenda:

1140 2926 70 46 I.
1175 2926 93 46 Quia
1233 2926 58 46 a
1256 2926 81 46 Deo
1303 2926 186 46 praecipitur,
1454 2926 104 46 Exod.
1524 2926 81 46 20.
1570 2926 81 46 Non
1616 2926 163 46 furaberis,
1744 2926 93 46 Lev.
1802 2926 81 46 19.
1837 2926 58 46 36.

1098 2964 112 46 Deut.
1172 2964 75 46 25
1197 2964 62 46 15.

1134 3002 86 36 II.
1183 3002 99 36 Quia
1245 3002 136 36 accepta
1344 3002 86 36 est
1393 3002 99 36 Deo.
1455 3002 111 36 Prov.
1529 3002 86 36 11.
1566 3002 37 36 1

1135 3030 99 42 III.
1197 3030 99 42 Quia
1259 3030 124 42 multas
1345 3030 174 42 utilitates
1482 3030 136 42 adfert:
1581 3030 87 42 nam
1630 3030 161 42 prolongat
1754 3030 112 42 vitam
1816 3030 87 42 Deut,

1099 3063 84 49 25.
1147 3063 84 49 15.
1195 3063 84 49 per
1243 3063 108 49 totam
1314 3063 96 49 hanc
1374 3063 108 49 vitam
1446 3063 108 49 usque
1518 3063 72 49 ad
1554 3063 239 49 tranquillissimum
1745 3063 156 49 securitatis

1108 3101 112 42 portum
1186 3101 135 42 deducit,
1287 3101 124 42 Prover.
1377 3101 79 42 11.
1422 3101 67 42 3.
1456 3101 112 42 cripit
1535 3101 56 42 a
1557 3101 112 42 morte,
1636 3101 135 42 Proverb.
1737 3101 79 42 10.
1782 3101 67 42 2.
1815 3101 56 42 &
1827 3101 67 42 cap.

1096 3138 83 37 11.
1143 3138 71 37 4.
1167 3138 59 37 &c.

1132 3147 83 56 IV.
1180 3147 95 56 Quia
1239 3147 119 56 melior
1322 3147 59 56 &
1346 3147 190 56 praestantior
1500 3147 83 56 est
1548 3147 119 56 gemmis
1631 3147 143 56 aliisque
1738 3147 143 56 mercibus
1833 3147 71 56 pre¬-

1103 3196 117 49 tiosis,
1188 3196 64 49 ut
1220 3196 53 49 &
1241 3196 85 49 auto
1294 3196 74 49 pro
1336 3196 117 49 geminis
1421 3196 127 49 aliisque
1517 3196 127 49 mercibus
1612 3196 127 49 accepto,
1707 3196 95 49 Prov.
1771 3196 74 49 20.
1813 3196 74 49 14.
1845 3196 53 49 15.
