2063 3348
210 157 71 61 ti
246 157 118 61 libros
328 157 153 61 agnoscunt
446 157 177 61 necessarios
588 157 94 61 esse
647 157 59 61 &
671 157 165 61 admittunt;
800 157 83 61 sed
848 157 106 61 Mosis
919 157 59 61 &
930 157 83 61 cate-

215 196 82 55 ras
262 196 130 55 Veteris
356 196 165 55 Testamenti
486 196 165 55 Scripturas
616 196 177 55 ratiunculis
757 196 141 55 frivolis
863 196 71 55 ex
886 196 118 55 Ecclesia

220 244 167 45 Christiana
351 244 155 45 exturbant

248 267 71 47 I.
284 267 118 47 Moses,
366 267 153 47 inquiunt,
484 267 106 47 habet
555 267 142 47 velamen,
661 267 94 47 quod
720 267 83 47 per
767 267 142 47 Christum
873 267 153 47 tollitur,

214 309 58 45 2.
243 309 78 45 Cor.
292 309 58 45 3.
321 309 58 45 v.
340 309 49 45 14.

297 322 107 56 Moses
369 322 95 56 erat
428 322 131 56 servus:
523 322 119 56 Servus
607 322 95 56 vero
666 322 83 56 non
714 322 107 56 manet
786 322 71 56 in
821 322 95 56 domo
869 322 131 56 perpetuo,

246 348 50 30 2.

226 363 110 55 Filius
303 363 99 55 manet
368 363 153 55 naeternum,
489 363 110 55 Johan.
566 363 66 55 8.
599 363 66 55 v.
631 363 77 55 35.
675 363 99 55 Filio
741 363 110 55 igitur
818 363 131 55 exhibito
905 363 99 55 servus.

232 404 158 47 ejiciendus
345 404 79 47 domo,

279 420 108 54 Moses
351 420 84 54 non
399 420 156 54 audiendus
520 420 156 54 praesenee
640 420 132 54 Domino,
736 420 96 54 quia
796 420 84 54 hoc
845 420 108 54 esset
905 420 96 54 servum

222 464 98 42 hero
283 464 135 42 aequare
382 464 86 42 vel
431 464 172 42 anteferre,
566 464 86 42 vel
616 464 62 42 a
640 464 135 42 CHRISTO
739 464 74 42 ad
775 464 111 42 Mosen
849 464 135 42 homines
935 464 62 42 re-

218 503 82 44 tro
254 503 129 44 ablegare.

259 516 76 57 4.
297 516 115 57 Moses
374 516 127 57 pugnat
463 516 89 57 cum
514 516 140 57 CHRISTO
616 516 76 57 in
654 516 153 57 doctrina
769 516 76 57 de
807 516 89 57 usu
858 516 140 57 gladii,
947 516 51 57 de

227 564 102 45 caede,
298 564 61 45 de
329 564 123 45 talione,
421 564 61 45 de
451 564 163 45 jurejurando,
584 564 61 45 ut
615 564 92 45 patet
676 564 61 45 ex
707 564 102 45 Matth.
778 564 61 45 5.
809 564 61 45 v.
839 564 71 45 22,
880 564 71 45 34,
911 564 51 45 39.

248 594 73 46 5.
284 594 109 46 Finis
357 594 109 46 Legis
430 594 85 46 est
479 594 146 46 CHRISTUS
588 594 97 46 Rom.
649 594 85 46 10.
697 594 73 46 v.
721 594 49 46 4.

250 620 73 53 6.
286 620 145 53 CHRISTUS
395 620 73 53 ex
431 620 121 53 Patris
516 620 133 53 mandato
613 620 109 53 solus
686 620 157 53 audiendus
807 620 121 53 Matth.
891 620 85 53 17.
928 620 48 53 7.

259 656 66 46 7.
292 656 98 46 Vetus
357 656 164 46 testamentum
489 656 77 46 est
532 656 109 46 litera
609 656 142 46 occidens,
718 656 66 46 2.
751 656 87 46 Cor.
806 656 66 46 3.
838 656 66 46 v.
860 656 44 46 6.

249 685 76 52 8.
287 685 114 52 Novum
363 685 190 52 Testamentum
515 685 76 52 ad
553 685 139 52 salutem
654 685 164 52 sufficit:
780 685 114 52 Vetus
856 685 126 52 igitur
932 685 63 52 non

226 721 77 49 est
270 721 175 49 necessarium,
412 721 77 49 sed
456 721 164 49 superfluum,
587 721 77 49 sed
620 721 98 49 inutile

255 748 76 50 His
299 748 54 50 &
320 748 141 50 similibus
429 748 163 50 ratiunculis
560 748 131 50 fanatici
658 748 174 50 Anabaptistae
799 748 65 50 se
832 748 54 50 &
854 748 98 50 alios
919 748 65 50 in
941 748 54 50 er-

232 789 104 41 forem
302 789 138 41 abducunt
405 789 58 41 &
428 789 69 41 in
463 789 69 41 eo
497 789 138 41 captivos
601 789 150 41 detinent,
716 789 69 41 ad
751 789 92 41 quas
808 789 138 41 breviter
900 789 104 41 respon

213 826 125 46 debimus.

269 846 72 45 Ad
305 846 131 45 primam:
400 846 83 45 Non
448 846 107 45 dicit
519 846 167 45 Apostolus;
650 846 119 45 Mosen,
734 846 83 45 sed
782 846 131 45 velamen
877 846 107 45 cordi
936 846 60 45 Ju-

231 881 130 44 daeorum
326 881 166 44 impositum,
456 881 107 44 tolli
527 881 83 44 per
575 881 154 44 CHRISTUM:
693 881 107 44 idque
764 881 83 44 non
812 881 107 44 Mosis
883 881 71 44 ex
906 881 95 44 Eccle-

225 920 88 42 sia
276 920 201 42 exturbatione
439 920 88 42 sed
489 920 163 42 Judaeorum
614 920 213 42 illuminatione
790 920 63 42 &
815 920 188 42 conversione
953 920 50 42 ad

235 949 157 41 CHRISTUM.
356 949 121 41 Quando
441 949 97 41 enim
501 949 85 41 cor
550 949 85 41 cui
598 949 133 41 velamen
695 949 157 41 impositum
816 949 97 41 est,
877 949 97 41 sese
925 949 73 41 con-

231 977 139 48 verterit
336 977 69 48 ad
370 977 139 48 Dominum,
474 977 139 48 tollitur
579 977 127 48 velamen
671 977 116 48 illud,
752 977 81 48 ait
798 977 150 48 Apostolus
914 977 69 48 2.
937 977 58 48 Co-

241 1019 85 41 rinth.
300 1019 51 41 3.
326 1019 51 41 v.
343 1019 43 41 16.

274 1037 67 53 Ad
307 1037 144 53 secundam:
418 1037 89 53 Quod
474 1037 133 53 Johannis
574 1037 111 53 octavo
652 1037 111 53 capite
729 1037 100 53 vers.
796 1037 78 53 35.
840 1037 133 53 legitur,
940 1037 67 53 id
963 1037 44 53 in

234 1078 119 38 servum
318 1078 131 38 peccati
413 1078 143 38 aCHRISTO
521 1078 84 38 est
568 1078 131 38 dictum,
664 1078 72 38 ut
700 1078 72 38 ex
735 1078 143 38 contextu
843 1078 143 38 constat:
938 1078 60 38 Re-

235 1115 124 42 spondit
325 1115 79 42 eis
370 1115 112 42 Iesus,
448 1115 101 42 Amen,
516 1115 90 42 amen
572 1115 90 42 dico
628 1115 112 42 vobis,
707 1115 135 42 quisquis
808 1115 112 42 operam
886 1115 79 42 dat
920 1115 90 42 pecca-

233 1148 77 35 to,
277 1148 110 35 servus
354 1148 77 35 est
399 1148 133 35 peccati:
498 1148 110 35 Servus
575 1148 99 35 autem
642 1148 77 35 non
686 1148 99 35 manet
752 1148 66 35 in
785 1148 88 35 domo
840 1148 144 35 perpetuo.
940 1148 66 35 Ita-

232 1174 77 49 que
276 1174 66 49 si
309 1174 77 49 vos
353 1174 110 49 Filius
430 1174 66 49 in
464 1174 154 49 libertatem
585 1174 165 49 vindicarit,
717 1174 88 49 vere
772 1174 110 49 liberi
850 1174 121 49 eritis.
927 1174 77 49 Mali-

241 1214 101 32 tiose
308 1214 112 32 igitur
386 1214 90 32 quod
442 1214 67 32 in
476 1214 112 32 servum
554 1214 123 32 peccati
644 1214 112 32 dictum
722 1214 90 32 est,
778 1214 179 32 Anabaptistae
912 1214 101 32 contor-

245 1238 98 50 quent
311 1238 66 50 in
343 1238 109 50 Mosen,
420 1238 76 50 qui
464 1238 98 50 fidus
529 1238 76 50 DEI
573 1238 109 50 servus
649 1238 87 50 fuit
704 1238 66 50 in
737 1238 87 50 tota
791 1238 87 50 domo
846 1238 87 50 DEI,
901 1238 66 50 ad
923 1238 87 50 testi-

232 1276 120 39 ficanda
319 1276 87 39 quae
374 1276 87 39 post
428 1276 98 39 erant
493 1276 131 39 dicenda,
591 1276 65 39 ut
624 1276 98 39 docet
689 1276 109 39 Paulus
766 1276 98 39 Hebr.
831 1276 65 39 3.
864 1276 65 39 v.
885 1276 44 39 5.

269 1300 80 42 Ad
309 1300 160 42 tertiam:
429 1300 120 42 Mosen
509 1300 67 42 &
535 1300 173 42 Prophetas
668 1300 80 42 de
708 1300 147 42 CHRISTO
815 1300 120 42 etiam
882 1300 133 42 exhibito

236 1335 54 39 &
258 1335 141 39 praesente
366 1335 119 39 audire,
452 1335 76 39 non
496 1335 76 39 est
539 1335 108 39 servum
615 1335 87 39 hero
669 1335 119 39 aequare
755 1335 76 39 vel
799 1335 151 39 anteferre,
917 1335 76 39 vel
950 1335 54 39 ju-

243 1366 98 40 bere
304 1366 135 40 homines
402 1366 61 40 a
426 1366 159 40 CHRISTOad
549 1366 110 40 Mosen
622 1366 110 40 pedem
695 1366 110 40 retro
769 1366 122 40 ferre:
854 1366 86 40 sed
903 1366 86 40 est
940 1366 61 40 obe

242 1403 105 37 dire
307 1403 144 37 CHRISTI
412 1403 91 37 jam
464 1403 157 37 exhibiti
582 1403 65 37 &
608 1403 183 37 praesentis
752 1403 157 37 mandato,
856 1403 157 37 Scrutamini

245 1435 171 34 Scripturas,
381 1435 91 34 quia
438 1435 80 34 vos
483 1435 136 34 videmini
586 1435 102 34 vobis
654 1435 68 34 in
688 1435 102 34 ipsis
756 1435 102 34 vitam
825 1435 136 34 aeternam
916 1435 102 34 habere:

244 1466 56 40 &
266 1466 101 40 illae
334 1466 90 40 sunt
390 1466 90 40 quae
446 1466 146 40 testantur
558 1466 67 40 de
592 1466 79 40 me.
637 1466 112 40 Johan.
716 1466 67 40 5.
749 1466 79 40 39.
794 1466 101 40 Item;
862 1466 112 40 Habent
929 1466 90 40 Mosen-

238 1497 60 41 &
262 1497 169 41 Prophetas,
395 1497 133 41 audiant
491 1497 84 41 eos
540 1497 97 41 Luc.
600 1497 84 41 16.
648 1497 84 41 29.
696 1497 97 41 Mosi
757 1497 72 41 de
793 1497 133 41 CHRISTO
877 1497 145 41 scribenti-

241 1532 145 36 credere,
350 1532 85 36 est
398 1532 133 36 CHRISIO
495 1532 145 36 credere:
604 1532 109 36 sicut
676 1532 145 36 CHRISTUS
785 1532 97 36 ipse
846 1532 157 36 exhibitus
955 1532 60 36 jam

236 1563 54 35 &
258 1563 129 35 praesens
354 1563 75 35 ait
397 1563 107 35 Johan.
472 1563 64 35 5.
504 1563 75 35 46,
547 1563 75 35 47.
590 1563 64 35 Si
622 1563 86 35 enim
676 1563 150 35 crederetis
794 1563 97 35 Mosi,
858 1563 150 35 crederetis
965 1563 54 35 mi-

240 1589 73 45 hi:
281 1589 73 45 nam
323 1589 84 45 ille
376 1589 63 45 de
407 1589 63 45 me
439 1589 136 45 scripsit.
544 1589 84 45 Quod
596 1589 63 45 si
628 1589 126 45 scriptis
722 1589 105 45 illius
796 1589 73 45 non
838 1589 136 45 creditis,
932 1589 84 45 quomo-

239 1625 67 48 do
272 1625 111 48 verbis
350 1625 89 48 meis
395 1625 122 48 credetis:

278 1654 77 40 Ad
317 1654 155 40 quartam:
433 1654 116 40 Moses
510 1654 90 40 non
562 1654 129 40 pugnat
652 1654 90 40 cum
704 1654 142 40 CHRISTO
807 1654 77 40 in
845 1654 77 40 re
884 1654 116 40 ulla,
949 1654 64 40 tum

247 1688 95 46 quia
307 1688 107 46 Moses
378 1688 72 46 in
414 1688 95 46 tota
474 1688 95 46 domo
533 1688 83 46 DEI
581 1688 107 46 fidus
652 1688 119 46 servus
736 1688 107 46 fuit,
807 1688 72 46 ut
843 1688 179 46 testimonium
974 1688 48 46 ei

250 1725 143 38 perhibet
357 1725 154 38 Apostolus
476 1725 107 38 Hebr.
547 1725 71 38 3.
583 1725 71 38 v.
618 1725 71 38 5.
654 1725 83 38 tum
701 1725 95 38 quia
761 1725 95 38 idem
820 1725 143 38 Spiritus
915 1725 107 38 CHRISTI

232 1757 69 37 in
267 1757 93 37 Mose
325 1757 58 37 &
348 1757 69 37 in
383 1757 150 37 Prophetis
498 1757 104 37 fuit,
568 1757 81 37 qui
614 1757 81 37 est
660 1757 69 37 in
695 1757 150 37 CHRISTOI.
811 1757 104 37 Petr.
880 1757 69 37 1.
915 1757 69 37 v.
950 1757 81 37 11,
984 1757 35 37 &

242 1787 66 38 2.
275 1787 99 38 Petr.
341 1787 66 38 1.
374 1787 77 38 19.
418 1787 88 38 Quod
473 1787 88 38 vero
528 1787 99 38 caput
594 1787 121 38 quintum
683 1787 132 38 Matthaei
782 1787 132 38 attinet,
881 1787 66 38 in
914 1787 66 38 eo
936 1787 77 38 Chri-

241 1816 100 40 stus
303 1816 162 40 nequaquam
428 1816 187 40 autoritatem
578 1816 62 40 &
603 1816 162 40 doctrinam
728 1816 100 40 suam
790 1816 100 40 Mosi
853 1816 150 40 opponit,
953 1816 62 40 sed

237 1849 168 38 Pharisaeis
369 1849 108 38 Legem
441 1849 84 38 DEI
488 1849 227 38 interpretatione
680 1849 84 38 sua
728 1849 203 38 depravantibus
895 1849 60 38 &
919 1849 72 38 ad
943 1849 72 38 nun-

239 1879 178 45 dinationes
379 1879 102 45 suas
443 1879 76 45 ea
481 1879 203 45 abutentibus,
646 1879 64 45 &
672 1879 127 45 contra
761 1879 102 45 ejus
824 1879 127 45 mentem
901 1879 114 45 dogmata

242 1914 99 48 impia
308 1914 55 48 &
330 1914 99 48 falsa
385 1914 166 48 invehentibus.

279 1949 72 39 Ad
315 1949 145 39 quintam:
424 1949 145 39 CHRISTUS
532 1949 84 39 est
581 1949 109 39 finis
653 1949 121 39 Legis,
738 1949 84 39 non
786 1949 97 39 quod
846 1949 109 39 Legem
906 1949 97 39 exter-

240 1980 152 38 minaverit
357 1980 82 38 aut
404 1980 175 38 aboleverit,
544 1980 82 38 sed
590 1980 93 38 quod
648 1980 82 38 tam
695 1980 175 38 impleverit.
893 1980 93 38 enim
940 1980 70 38 idem

232 2016 74 37 est
275 2016 85 37 Rom.
328 2016 74 37 10.
370 2016 64 37 v.
402 2016 64 37 4.
434 2016 85 37 quod
487 2016 148 37 ,
603 2016 127 37 ,
699 2016 64 37 id
730 2016 85 37 est,
783 2016 148 37 perfectio,
889 2016 117 37 impletio-

235 2043 70 40 Et
270 2043 93 40 quia
328 2043 116 40 Paulus
410 2043 70 40 de
445 2043 93 40 Lege
503 2043 116 40 Morali
584 2043 81 40 ibi
631 2043 151 40 loquitur,
747 2043 70 40 ut
782 2043 151 40 contextus
887 2043 116 40 ostendit

233 2075 140 39 certum
331 2075 126 39 autem
415 2075 98 39 est
471 2075 126 39 Legem
555 2075 154 39 Moralem
666 2075 70 39 a
694 2075 154 39 CHRISTO
806 2075 98 39 non
848 2075 168 39 extermina-

231 2107 98 40 tam,
292 2107 73 40 ut
329 2107 86 40 nec
377 2107 171 40 Prophetas;
512 2107 98 40 quum
573 2107 73 40 ad
610 2107 110 40 Legis
683 2107 134 40 Moralis
781 2107 183 40 obedientiam
927 2107 61 40 &
940 2107 73 40 Pro-

231 2147 140 37 phetarum
337 2147 152 37 lectionem
454 2147 94 37 ipse
512 2147 58 37 &
535 2147 140 37 Apostoli
641 2147 82 37 nos
687 2147 164 37 hortentur:
816 2147 82 37 non
863 2147 117 37 potest
933 2147 82 37 inde-

243 2178 142 33 confici,
350 2178 107 33 Vetus
421 2178 178 33 Testamentum
564 2178 178 33 Christianis
706 2178 83 33 non
753 2178 95 33 esse
801 2178 166 33 necessarium.

276 2203 73 46 Ad
312 2203 134 46 sextam:
410 2203 110 46 Solus
483 2203 146 46 CHRISTUS
592 2203 85 46 est
641 2203 158 46 audiendus
763 2203 73 46 ut
799 2203 134 46 Filius,
896 2203 73 46 ut
921 2203 85 46 Domi-

235 2239 91 40 nus;
292 2239 80 40 sed
337 2239 57 40 &
360 2239 114 40 servi,
440 2239 126 40 jubente
532 2239 126 40 Domino,
623 2239 91 40 sunt
680 2239 149 40 audiendi,
795 2239 91 40 sive
852 2239 69 40 hi
875 2239 137 40 praenuncii

235 2273 84 39 ejus
288 2273 127 39 fuerint,
383 2273 84 39 sive
436 2273 137 39 praecones
541 2273 74 39 jam
584 2273 137 39 exhibiti,
689 2273 84 39 Luc.
742 2273 74 39 16.
784 2273 74 39 29.
826 2273 53 39 &
847 2273 84 39 cap.
900 2273 74 39 10.
942 2273 63 39 v.
963 2273 53 39 16.

244 2307 142 39 Alioquin
351 2307 83 39 nec
398 2307 95 39 ipsi
457 2307 189 39 Anabaptistae
611 2307 142 39 audiendi
717 2307 118 39 erunt,
800 2307 83 39 vel
847 2307 130 39 CHRISTI
930 2307 83 39 servi

227 2335 94 42 non
280 2335 120 42 sunt.
360 2335 94 42 Nos
414 2335 161 42 utrumque
521 2335 134 42 tenemus.

281 2359 69 51 Ad
315 2359 148 51 septimam:
429 2359 114 51 Paulus
509 2359 69 51 2.
543 2359 91 51 Cor.
600 2359 69 51 3.
635 2359 137 51 adversus
737 2359 217 51 pseudoapostolos
909 2359 91 51 dispu-

242 2398 104 40 tat,
307 2398 91 40 qui
359 2398 117 40 Legem
438 2398 117 40 citra
516 2398 157 40 CHRISTUM
634 2398 222 40 commendantes,
816 2398 144 40 populum
908 2398 104 40 avoca-

231 2429 97 38 bant
291 2429 60 38 a
315 2429 97 38 Novi
376 2429 169 38 Testamenti
508 2429 169 38 beneficio,
641 2429 84 38 quo
689 2429 169 38 paciscitur
822 2429 133 38 Dominus
919 2429 72 38 se
943 2429 60 38 Le-

238 2469 85 36 gem
287 2469 98 36 suam
348 2469 73 36 in
384 2469 110 36 corda
457 2469 146 36 fidelium
567 2469 207 36 insculpturum.
738 2469 85 36 Lex
787 2469 122 36 igitur
872 2469 85 36 est
908 2469 98 36 emortu

232 2502 112 31 litera
310 2502 56 31 &
332 2502 89 31 suos
388 2502 134 31 lectores
489 2502 134 31 occidit,
589 2502 78 31 ubi
634 2502 56 31 a
656 2502 190 31 CHRISTIgratia
812 2502 167 31 divellitur,
946 2502 56 31 &
957 2502 56 31 in-

238 2531 104 40 tacto
308 2531 116 40 corde,
389 2531 128 40 autibus
482 2531 116 40 tantum
563 2531 139 40 corporis
667 2531 139 40 insonat.
772 2531 104 40 Verum
841 2531 70 40 si
876 2531 81 40 per
911 2531 104 40 Spiritu

241 2560 130 38 Sanctum
336 2560 177 38 efficaciter
477 2560 142 38 cordibus
584 2560 177 38 imprimitur,
726 2560 71 38 si
761 2560 142 38 CHRISTUM
867 2560 142 38 exhibet,
962 2560 59 38 si-

242 2598 66 36 ad
275 2598 77 36 eum
319 2598 132 36 deducit:
418 2598 110 36 verbum
495 2598 77 36 est
539 2598 110 36 vitae,
616 2598 154 36 convertens
738 2598 121 36 animas,
826 2598 154 36 sapientiam
936 2598 77 36 prae-

245 2622 103 40 stans
313 2622 149 40 parvulis.
428 2622 115 40 Deinde
508 2622 115 40 Paulum
589 2622 80 40 non
635 2622 103 40 velle
703 2622 69 40 ut
738 2622 161 40 Christiani
864 2622 103 40 Vetus
921 2622 92 40 Testa-

249 2662 115 34 nentum
330 2662 115 34 missum
411 2662 138 34 faciant,
514 2662 69 34 ex
549 2662 69 34 eo
583 2662 161 34 manifestum
710 2662 92 34 est,
768 2662 92 34 quod
825 2662 69 34 in
860 2662 81 34 hac
894 2662 127 34 epistola;

243 2689 81 37 sua
290 2689 58 37 &
313 2689 116 37 aliis,
394 2689 81 37 imo
440 2689 69 37 in
475 2689 127 37 omnibus
567 2689 173 37 concionibus
706 2689 69 37 ea
741 2689 92 37 quae
798 2689 139 37 docebat,
902 2689 69 37 ex
926 2689 92 37 Veter.

253 2719 172 38 Testamento
388 2719 222 38 confirmaverit,
573 2719 111 38 neque
647 2719 148 38 quicquam
757 2719 135 38 dixerit
856 2719 111 38 extra
930 2719 74 38 ea
954 2719 74 38 quae

252 2755 104 39 Moses
322 2755 58 39 &
345 2755 150 39 Prophetae
460 2755 115 39 futura
540 2755 196 39 praedixerunt,
701 2755 115 39 Actor.
782 2755 81 39 26.
816 2755 58 39 22.

275 2785 76 37 Ad
313 2785 152 37 octavam:
428 2785 76 37 Si
466 2785 114 37 Vetus
542 2785 191 37 Testamentum
695 2785 102 37 ideo
758 2785 89 37 non
809 2785 89 37 est
847 2785 178 37 necessarium.

256 2817 95 34 quia
315 2817 106 34 novum
386 2817 142 34 sufficit
493 2817 71 34 ad
528 2817 142 34 salutem:
635 2817 83 34 tum
682 2817 106 34 omnia
753 2817 213 34 Evangelistarum
930 2817 59 34 &
942 2817 71 34 Apo-

245 2853 135 34 stolorum
346 2853 135 34 scripta,
447 2853 124 34 excepto
538 2853 146 34 Evangelio
650 2853 146 34 Johannis,
763 2853 101 34 erunt
831 2853 169 34 rejicienda,
954 2853 68 34 quia

249 2879 104 44 Johan.
321 2879 72 44 20.
363 2879 62 44 v.
394 2879 72 44 31.
435 2879 124 44 dicitur:
528 2879 83 44 Haec
580 2879 114 44 scripta
663 2879 83 44 sunt
714 2879 62 44 ut
746 2879 135 44 credatis,
849 2879 93 44 Iesum
911 2879 83 44 esse
953 2879 72 44 Chri-

258 2910 96 38 stum
318 2910 120 38 illum,
402 2910 120 38 Filium
485 2910 108 38 illum
557 2910 96 38 Dei,
617 2910 60 38 &
641 2910 72 38 ut
677 2910 156 38 credentes
797 2910 108 38 vitam
868 2910 144 38 habeatis
964 2910 60 38 per

244 2950 109 33 nomen
316 2950 109 33 ejus.
389 2950 157 33 Quinetiam
509 2950 84 33 hoc
558 2950 109 33 pacto
630 2950 169 33 suffecerit
763 2950 109 33 unica
835 2950 133 33 CHRISTI
919 2950 109 33 senten-

259 2975 79 42 tia
304 2975 112 42 Johan.
382 2975 67 42 3.
416 2975 67 42 v.
450 2975 79 42 16.
494 2975 79 42 Sic
539 2975 90 42 Deus
595 2975 123 42 dilexit
685 2975 123 42 mundum,
775 2975 67 42 ut
809 2975 112 42 Filium
887 2975 101 42 illum
943 2975 79 42 suum,

252 3012 163 46 unigenitum
380 3012 139 46 dederit,
485 3012 70 46 ut
520 3012 139 46 quisquis
624 3012 116 46 credit
705 3012 70 46 in
740 3012 81 46 cum
787 3012 81 46 non
833 3012 128 46 pereat,
926 3012 81 46 sed
961 3012 58 46 ha-

254 3040 103 41 beat
319 3040 116 41 vitam
383 3040 129 41 aternam.

287 3070 80 41 Sed
332 3070 149 41 fanaticis
447 3070 103 41 istis
516 3070 161 41 opponendum
643 3070 80 41 est
689 3070 138 41 Apostoli
792 3070 161 41 enunciatum
919 3070 69 41 2.
942 3070 80 41 Tim.3

254 3104 76 40 16.
298 3104 87 40 Tota
352 3104 141 40 Scriptura
461 3104 141 40 diuinitus
569 3104 76 40 est
613 3104 141 40 inspirata
722 3104 54 40 &
743 3104 109 40 utilis
819 3104 65 40 ad
852 3104 152 40 doctrinii,
961 3104 54 40 &c.

1070 143 106 51 DEUS
1136 143 132 51 namque
1228 143 119 51 summa
1307 143 172 51 sapientia
1439 143 66 51 &
1466 143 158 51 bonitate
1584 143 185 51 Scripturas
1729 143 92 51 non
1769 143 66 51 so-

1045 181 79 48 lum
1090 181 68 48 ad
1124 181 193 48 sufficientiam
1283 181 136 48 salutis,
1385 181 79 48 sed
1430 181 102 48 etiam
1498 181 68 48 ad
1532 181 159 48 ,
1656 181 68 48 id
1690 181 91 48 est,
1736 181 113 48 firmita-

1036 226 84 33 tem
1084 226 84 33 non
1132 226 180 33 labascentem
1275 226 60 33 &
1299 226 192 33 psenitudinem
1455 226 108 33 fidei
1527 226 168 33 dispensare
1658 226 108 33 nobis
1730 226 132 33 voluit,

1051 251 78 48 Luc.
1100 251 59 48 1.
1130 251 59 48 v.
1159 251 59 48 4.
1188 251 108 48 Philip.
1267 251 59 48 3.
1296 251 59 48 1.
1326 251 59 48 1.
1355 251 98 48 Johan.
1414 251 39 48 4.

1183 293 187 50 Refutatus
1327 293 101 50 est
1384 293 259 50 Anabaptistarum
1586 293 101 50 error

1073 332 185 45 PAPISTARUM
1218 332 92 45 qui
1271 332 92 45 pro
1323 332 198 45 Christianis
1482 332 158 45 JESUITAS
1601 332 79 45 se
1640 332 172 45 nominant,
1759 332 79 45 qua-

1053 367 71 51 ui
1089 367 201 51 Christianorum
1255 367 107 51 nomen
1326 367 107 51 nimis
1397 367 95 51 vile
1456 367 107 51 esset
1527 367 59 51 &
1551 367 130 51 proinde
1646 367 107 51 ipsis
1717 367 154 51 sorderet,

1041 411 78 39 jam
1085 411 78 39 est
1130 411 166 39 refellendus
1262 411 111 39 error.

1091 428 92 45 illi
1148 428 126 45 dicunt,
1240 428 160 45 Scripturas
1366 428 115 45 Sacras
1446 428 92 45 sine
1503 428 195 45 traditionibus
1664 428 80 45 non
1709 428 115 45 fuisse
1778 428 69 45 sim-

1060 467 130 40 liciter
1155 467 190 40 necessarias.
1309 467 71 40 Sc
1345 467 95 40 enim
1404 467 178 40 Bellarminus
1546 467 95 40 lib.
1606 467 119 40 quarto
1689 467 71 40 de
1724 467 107 40 Verbo
1784 467 59 40 DEI

1058 501 75 37 non
1101 501 128 37 scripto,
1197 501 85 37 cap.
1251 501 117 37 quarto,
1336 501 128 37 sectione
1432 501 107 37 prima,
1507 501 64 37 in
1539 501 96 37 statu
1603 501 182 37 controversiae
1742 501 96 37 captio-

1052 537 63 35 Se
1084 537 106 35 ludit,
1158 537 95 35 quasi
1221 537 63 35 de
1253 537 137 35 simplici,
1359 537 74 35 hoc
1401 537 84 35 est,
1454 537 127 35 absoluta
1548 537 53 35 &
1570 537 63 35 de
1601 537 148 35 praeteriti
1717 537 106 35 tantum
1781 537 63 35 tem-

1057 565 112 45 poris,
1135 565 67 45 ac
1169 565 78 45 non
1213 565 112 45 potius
1291 565 67 45 de
1325 565 168 45 hypothetica
1459 565 56 45 &
1481 565 145 45 praesenti
1593 565 168 45 necessitate
1716 565 134 45 Scripturae

1043 600 70 41 sit
1073 600 110 41 quaestio-

1087 636 119 39 Tandem
1171 636 143 39 sectione
1278 636 119 39 quinta
1361 636 72 39 de
1397 636 155 39 praesenti
1516 636 179 39 necessitate
1659 636 167 39 Scripturae
1778 636 72 39 men-

1050 663 89 41 tem
1101 663 102 41 suam
1165 663 140 41 prodens
1266 663 102 41 ait,
1330 663 114 41 nobis
1406 663 190 41 necessariam
1558 663 102 41 esse
1622 663 178 41 Scripturam
1748 663 102 41 Sacram

1042 698 75 39 non
1085 698 161 39 necessitate
1214 698 140 39 simplici,
1322 698 75 39 sed
1365 698 65 39 ad
1397 698 86 39 bene
1451 698 97 39 esse,
1516 698 75 39 hoc
1559 698 86 39 est,
1612 698 65 39 ad
1645 698 151 39 utilitatem
1752 698 97 39 nostra.

1047 729 124 42 Sensus
1133 729 173 42 Bellarmini
1269 729 99 42 est,
1331 729 99 42 esse
1393 729 124 42 quidem
1479 729 173 42 Scripturam
1615 729 111 42 nobis
1677 729 173 42 necessariam,

1052 760 76 38 hoc
1096 760 87 38 est,
1150 760 119 38 utilem,
1237 760 76 38 sed
1280 760 76 38 non
1323 760 76 38 ita
1367 760 87 38 quin
1421 760 108 38 facile
1497 760 87 38 illa
1551 760 108 38 carere
1627 760 141 38 possimus,
1736 760 87 38 modo
1779 760 65 38 tra-

1048 794 135 37 ditiones
1149 794 146 37 habeamus:
1261 794 112 37 sicuti
1340 794 101 37 verbi
1408 794 112 37 causa,
1486 794 146 37 quadrigae
1599 794 90 37 sunt
1655 794 180 37 necessariae,
1790 794 56 37 hoc

1051 828 86 36 est,
1105 828 107 36 utiles
1180 828 64 36 ad
1212 828 183 36 profectionem,
1363 828 75 36 sed
1406 828 75 36 non
1449 828 86 36 ita,
1502 828 86 36 quin
1556 828 107 36 facile
1631 828 97 36 illis
1696 828 107 36 careas
1771 828 54 36 &
1782 828 64 36 pro-

1049 858 138 47 fectionem
1156 858 149 47 instituere
1273 858 117 47 possis,
1358 858 64 47 si
1390 858 96 47 bigae
1443 858 85 47 adsint

1084 895 94 40 Unde
1143 895 141 40 apparet,
1249 895 141 40 Jesuitas
1355 895 177 40 traditiones
1497 895 106 40 magis
1567 895 177 40 necessarias
1709 895 118 40 facere
1779 895 71 40 quam

1046 925 192 34 Scripturam:
1200 925 90 34 imo
1251 925 179 34 Scripturam
1392 925 115 34 nobis
1468 925 192 34 necessariam
1622 925 102 34 esse
1686 925 141 34 negare:
1775 925 77 34 quum

1047 960 173 36 necessarium
1186 960 81 36 hic
1232 960 92 36 ipsi
1290 960 81 36 sit
1336 960 92 36 idem
1394 960 92 36 quod
1452 960 115 36 utile.
1532 960 104 36 Neque
1602 960 92 36 enim
1659 960 92 36 omne
1717 960 104 36 utile
1775 960 69 36 est.

1051 989 197 41 necessarium:
1211 989 99 41 etsi
1273 989 99 41 omne
1334 989 185 41 necessarium
1482 989 99 41 quod
1544 989 111 41 bonum
1618 989 86 41 est
1667 989 86 41 suo
1717 989 111 41 modo,
1778 989 62 41 si-

1050 1028 121 39 utile.
1135 1028 97 39 Hinc
1195 1028 206 39 intelligimus,
1365 1028 145 39 Papistas
1474 1028 121 39 nihili
1558 1028 121 39 facere
1643 1028 182 39 Scripturam,
1776 1028 73 39 quum

1057 1062 80 41 eam
1102 1062 115 41 negent
1183 1062 92 41 esse
1240 1062 92 41 vere
1298 1062 172 41 necessariam
1436 1062 57 41 &
1459 1062 195 41 traditionibus
1619 1062 103 41 suis,
1688 1062 92 41 quas
1734 1062 115 41 necessa-

1047 1092 96 39 rias
1107 1092 96 39 esse
1167 1092 180 39 contendunt,
1300 1092 144 39 postponan.

1085 1114 184 42 Rationes,
1227 1114 142 42 quibus
1326 1114 170 42 erroneam
1453 1114 113 42 suam
1524 1114 71 42 &
1552 1114 198 42 blasphemam
1694 1114 156 42 opinionem

1066 1158 121 43 probare
1154 1158 143 43 conantur,
1264 1158 121 43 petitae
1352 1158 110 43 partim
1429 1158 66 43 ex
1462 1158 110 43 variis
1539 1158 143 43 aetatibus
1649 1158 154 43 Ecclesiae,
1759 1158 88 43 partim

1049 1188 124 38 aliunde
1139 1188 90 38 sunt
1195 1188 180 38 subiiciendae
1342 1188 56 38 &
1353 1188 158 38 refellendae.

1310 1221 130 45 Prima
1396 1221 87 45 ex
1425 1221 188 45 Bellarmino.

1080 1269 70 40 Si
1115 1269 94 40 sine
1174 1269 106 40 Sacra
1245 1269 153 40 Scriptura
1362 1269 141 40 Ecclesia
1468 1269 82 40 Dei
1514 1269 59 40 &
1538 1269 129 40 religio
1632 1269 70 40 ab
1667 1269 106 40 Adamo
1737 1269 106 40 usque
1796 1269 47 40 ad

1056 1301 110 43 Mosen
1129 1301 110 43 annis
1202 1301 86 43 bis
1251 1301 110 43 mille
1325 1301 171 43 conservata
1459 1301 73 43 in
1496 1301 110 43 mundo
1569 1301 98 43 fuit
1630 1301 110 43 solam
1691 1301 159 43 traditione,

1054 1335 79 42 tum
1099 1335 102 42 Saera
1167 1335 147 42 Scriptura
1279 1335 102 42 nobis
1347 1335 113 42 quoque
1426 1335 79 42 non
1471 1335 79 42 est
1516 1335 169 42 simpliciter
1640 1335 147 42 necessaria:

1092 1364 71 44 At
1128 1364 83 44 qui
1175 1364 94 44 sine
1234 1364 106 44 Saera
1304 1364 153 44 Scriptura
1422 1364 142 44 Ecclesia
1529 1364 83 44 Dei
1576 1364 59 44 &
1599 1364 130 44 religio
1694 1364 71 44 ad
1729 1364 106 44 Adamo
1788 1364 59 44 us-

1056 1404 82 38 que
1103 1404 70 38 ad
1138 1404 106 38 Mosen
1209 1404 106 38 annis
1279 1404 82 38 bis
1326 1404 106 38 mille
1397 1404 164 38 conservata
1526 1404 70 38 in
1561 1404 106 38 mundo
1632 1404 94 38 fuit
1690 1404 106 38 solam
1749 1404 94 38 tradi

1045 1436 103 38 tione.

1087 1466 90 43 Ergo
1143 1466 101 43 Sacra
1210 1466 146 43 Scriptura
1322 1466 101 43 nobis
1389 1466 78 43 non
1434 1466 78 43 est
1479 1466 168 43 simpliciter
1602 1466 146 43 necessaria.

1088 1498 117 36 RESP.
1166 1498 117 36 Primo
1244 1498 156 36 peccatur
1362 1498 196 36 ignoratione
1518 1498 156 36 elenchi,
1635 1498 104 36 quia
1688 1498 156 36 argumenta-

1067 1522 114 40 tionis
1146 1522 114 40 istius
1226 1522 148 40 conclusio
1340 1522 80 40 non
1386 1522 171 40 contradicit
1522 1522 125 40 nostrae
1613 1522 182 40 affirmationi
1761 1522 57 40 &
1773 1522 91 40 thesi.

1065 1562 101 34 Etsi
1129 1562 101 34 enim
1192 1562 177 34 asserimus,
1332 1562 127 34 Verbum
1420 1562 216 34 DEIrevelatum,
1598 1562 101 34 esse
1661 1562 139 34 omnibus
1750 1562 114 34 simpli-

1062 1592 106 37 citer
1133 1592 177 37 necessarium
1274 1592 71 37 ad
1310 1592 130 37 salutem
1404 1592 59 37 &
1428 1592 106 37 vitam
1498 1592 153 37 aeternam,
1616 1592 94 37 quum
1675 1592 106 37 illud
1746 1592 83 37 sit
1781 1592 83 37 causa

1053 1626 156 37 salutis:
1170 1626 117 37 tamen
1248 1626 169 37 nequaquam
1377 1626 143 37 dicimus
1481 1626 130 37 Verbum
1572 1626 91 37 DEI
1624 1626 156 37 scriptum
1740 1626 91 37 seu
1779 1626 65 37 Sa-

1063 1658 88 39 eram
1118 1658 142 39 Scrituram
1227 1658 88 39 esse
1282 1658 164 39 simpliciter
1414 1658 175 39 necessariam,
1556 1658 99 39 quasi
1622 1658 110 39 absque
1699 1658 88 39 illa
1753 1658 77 39 aut
1786 1658 55 39 no-

1068 1692 157 36 potuisset
1189 1692 85 36 aut
1237 1692 85 36 non
1286 1692 121 36 posset
1371 1692 97 36 DEUS
1431 1692 157 36 Ecclesiam
1552 1692 97 36 suam
1613 1692 121 36 docere
1698 1692 61 36 &
1722 1692 133 36 servare
1807 1692 48 36 si

1063 1724 128 36 vellet,
1156 1724 81 36 sed
1203 1724 128 36 dicimus
1296 1724 93 36 esse
1354 1724 105 36 nobis
1424 1724 174 36 necessariam
1563 1724 70 36 ex
1598 1724 151 36 hypothesi
1714 1724 163 36 voluntatis
1830 1724 35 36 &

1054 1756 203 32 dispositionis
1221 1756 143 32 divinae,
1328 1756 83 32 hoc
1376 1756 95 32 est,
1436 1756 95 32 quia
1495 1756 95 32 DEUS
1555 1756 155 32 Ecclesiam
1674 1756 95 32 suam
1722 1756 143 32 Scripturae

1060 1786 175 34 Propheticae
1200 1786 58 34 &
1224 1786 175 34 Apostolicae
1364 1786 105 34 tadem
1434 1786 163 34 adstrictam
1562 1786 93 34 esse
1620 1786 128 34 voluit,
1713 1786 70 34 ne
1748 1786 93 34 quid
1795 1786 70 34 ipsa

1052 1819 157 39 crederet
1170 1819 144 39 tanquam
1275 1819 79 39 ad
1314 1819 144 39 salutem
1419 1819 210 39 necessarium,
1590 1819 105 39 neve
1655 1819 105 39 quid
1721 1819 144 39 tanquam
1813 1819 52 39 ad

1057 1852 117 34 cultum
1139 1852 82 34 DEI
1186 1852 152 34 pertinens
1303 1852 141 34 faceret,
1409 1852 94 34 nisi
1468 1852 94 34 quod
1526 1852 70 34 in
1561 1852 152 34 Scriptura
1678 1852 105 34 Sacra
1749 1852 94 34 ipsi
1796 1852 70 34 man-

1062 1883 119 34 davit.
1146 1883 72 34 Ac
1181 1883 131 34 proinde
1277 1883 155 34 Scriptura
1396 1883 119 34 Sacra,
1479 1883 95 34 quae
1539 1883 119 34 verbum
1622 1883 83 34 est
1670 1883 83 34 DEI
1718 1883 155 34 revelatum

1054 1915 149 46 scriptum,
1168 1915 103 46 nobis
1237 1915 80 46 est
1282 1915 160 46 necessaria
1443 1915 149 46 ,
1557 1915 69 46 ut
1591 1915 137 46 concausa
1694 1915 80 46 vel
1740 1915 103 46 causa
1797 1915 46 46 in

1055 1950 176 37 strumentalis
1198 1950 121 37 nostrae
1286 1950 121 37 salutis
1373 1950 88 37 data
1417 1950 121 37 divinitus

1083 1974 151 45 Secundo,
1197 1974 139 45 Maioris
1298 1974 215 45 propositionis
1475 1974 202 45 consequentia
1639 1974 139 45 negatur
1740 1974 88 45 tum
1778 1974 88 45 quia,

1066 2013 70 34 ex
1101 2013 174 34 particulari
1240 2013 162 34 conficitur
1368 2013 127 34 praeter
1460 2013 174 34 disciplinam
1599 2013 139 34 Logicam;
1704 2013 81 34 tum
1750 2013 93 34 quia
1796 2013 70 34 dis-

1062 2049 85 40 par
1111 2049 85 40 est
1159 2049 171 40 exemplorum
1294 2049 122 40 ratio.
1379 2049 73 40 Et
1416 2049 183 40 particulari
1562 2049 85 40 non
1611 2049 146 40 sequitur
1721 2049 73 40 in
1757 2049 98 40 hunc
1806 2049 61 40 mo-

1060 2076 92 39 dum:
1118 2076 69 39 Si
1153 2076 92 39 tunc
1210 2076 81 39 non
1256 2076 92 39 fuit
1314 2076 150 39 Scriptura
1429 2076 173 39 necessaria;
1567 2076 92 39 Nunc
1624 2076 92 39 ergo
1682 2076 161 39 necessaria
1797 2076 46 39 no

1055 2115 94 37 est;
1114 2115 94 37 vel,
1173 2115 129 37 Nunquam
1266 2115 94 37 ergo
1325 2115 164 37 necessaria
1454 2115 82 37 est
1501 2115 70 37 ac
1536 2115 129 37 proinde
1630 2115 106 37 neque
1700 2115 106 37 nunc.
1759 2115 94 37 Dispa-

1052 2143 88 35 rem
1103 2143 100 35 esse
1165 2143 175 35 exemplorum
1303 2143 150 35 rationem
1415 2143 175 35 manifestum
1553 2143 88 35 est
1603 2143 75 35 ex
1640 2143 88 35 eo,
1690 2143 88 35 tum
1740 2143 100 35 quia
1790 2143 63 35 va-

1055 2181 88 36 riae
1110 2181 88 36 sunt
1165 2181 121 36 aetates
1253 2181 154 36 Ecclesiae,
1373 2181 88 36 alia
1428 2181 99 36 autem
1494 2181 99 36 aetas
1560 2181 99 36 aliam
1626 2181 176 36 gubernatione
1757 2181 88 36 postus

1062 2212 94 37 sat:
1121 2212 82 37 tum
1168 2212 82 37 vel
1215 2212 117 37 maxime
1297 2212 70 37 ex
1332 2212 82 37 eo,
1379 2212 94 37 quod
1437 2212 117 37 variam
1519 2212 141 37 rationem
1625 2212 152 37 instituit
1742 2212 105 37 DEUS,
1800 2212 59 37 que

1051 2238 88 38 suae
1106 2238 109 38 cuique
1182 2238 109 38 aetati
1259 2238 88 38 visa
1314 2238 77 38 est
1358 2238 164 38 necessaria.
1489 2238 109 38 Itaque
1565 2238 77 38 non
1609 2238 88 38 quid
1664 2238 131 38 potuerit
1762 2238 120 38 olimaut

1062 2272 115 32 possit
1143 2272 81 32 iam
1189 2272 115 32 fieri,
1270 2272 81 32 sed
1316 2272 92 32 quid
1374 2272 104 32 velit
1443 2272 127 32 DEUSiam
1535 2272 58 32 a
1558 2272 104 32 nobis
1627 2272 161 32 necessario
1754 2272 115 32 teneri
1823 2272 35 32 &

1053 2303 153 33 observari
1171 2303 165 33 spectandum
1301 2303 94 33 est.
1360 2303 94 33 Etsi
1419 2303 118 33 igitur
1502 2303 94 33 olim
1561 2303 71 33 ab
1596 2303 106 33 Adamo
1667 2303 106 33 usque
1738 2303 71 33 ad
1762 2303 94 33 Mosen-

1057 2335 98 34 sine
1118 2335 111 34 Verbo
1192 2335 86 34 DEI
1241 2335 135 34 scripto
1340 2335 160 34 Ecclesiam
1463 2335 61 34 &
1487 2335 172 34 religionem
1622 2335 197 34 conservavit:
1770 2335 86 34 tamen

1056 2368 163 36 Ecclesiam
1182 2368 188 36 posteriorum
1333 2368 151 36 temporum
1445 2368 63 36 a
1471 2368 113 36 verbo
1546 2368 138 36 scripto
1646 2368 100 36 vult
1709 2368 151 36 pendere,
1809 2368 38 36 u

1068 2401 93 35 locet
1130 2401 156 35 testimonium
1254 2401 83 35 Joh.
1306 2401 62 35 5.
1337 2401 73 35 39.
1379 2401 62 35 1.
1410 2401 83 35 Tim.
1462 2401 62 35 4.
1493 2401 73 35 13.
1534 2401 62 35 2.
1566 2401 83 35 Tim.
1617 2401 62 35 3.
1649 2401 73 35 14,
1690 2401 73 35 15,
1732 2401 73 35 16.
1773 2401 62 35 1.
1794 2401 62 35 Pet.

1059 2433 63 36 1.
1090 2433 73 36 25.
1132 2433 63 36 2.
1163 2433 84 36 Pet.
1215 2433 63 36 1.
1247 2433 73 36 19.
1289 2433 73 36 Ita
1330 2433 73 36 non
1372 2433 136 36 sequitur:
1477 2433 84 36 Illi
1529 2433 94 36 causa
1592 2433 146 36 necessaria
1707 2433 73 36 usi
1748 2433 84 36 sunt
1790 2433 63 36 sine

1062 2465 85 34 hac
1110 2465 157 34 concausa:
1231 2465 97 34 ergo
1291 2465 60 34 &
1316 2465 97 34 nos.
1376 2465 121 34 Contra
1460 2465 85 34 ita
1509 2465 145 34 statuere
1617 2465 133 34 oportet
1702 2465 157 34 Christianam

1062 2499 128 34 mentem:
1156 2499 93 34 Illi
1214 2499 105 34 causa
1284 2499 163 34 necessaria
1412 2499 82 34 usi
1459 2499 93 34 sunt
1517 2499 82 34 cum
1564 2499 117 34 multis
1645 2499 152 34 concausis
1762 2499 58 34 &
1773 2499 82 34 admi-

1063 2529 129 33 niculis
1157 2529 199 33 umbratilibus:
1321 2529 105 33 nobis
1391 2529 94 33 vero
1449 2529 117 33 melius
1531 2529 176 33 prospectum,
1672 2529 82 33 qui
1719 2529 59 33 &
1742 2529 105 33 causa
1800 2529 59 33 ea-

1065 2561 90 34 dem
1116 2561 179 34 necessaria
1257 2561 128 34 utimur
1347 2561 64 34 &
1373 2561 167 34 concausam
1501 2561 128 34 unicam
1591 2561 141 34 habemus
1693 2561 115 34 nempe
1757 2561 90 34 Scri-

1063 2600 125 36 pturam
1150 2600 137 36 divinam
1250 2600 100 36 quae
1312 2600 87 36 non
1362 2600 100 36 modo
1425 2600 112 36 nobis
1500 2600 87 36 est
1550 2600 125 36 instar
1637 2600 137 36 omnium,
1737 2600 87 36 sed
1775 2600 87 36 etiam

1065 2626 134 36 cunctas
1163 2626 110 36 alias
1236 2626 183 36 perfectione
1382 2626 134 36 superat
1480 2626 73 36 ad
1517 2626 232 36 communicationem
1712 2626 159 36 veritatis
1822 2626 37 36 &

1067 2667 139 34 gratiae
1169 2667 76 34 in
1207 2667 202 34 CHRISTOJESU.
1371 2667 177 34 Disparitas
1510 2667 177 34 exemplorum
1650 2667 76 34 ex
1687 2667 76 34 eo
1725 2667 114 34 etiam
1789 2667 63 34 ma-

1058 2690 140 41 nifesta
1160 2690 102 41 est,
1224 2690 102 41 quod
1288 2690 166 41 Prophetae
1415 2690 166 41 immediate
1543 2690 128 41 edocti
1632 2690 64 41 a
1658 2690 140 41 DEOolim
1747 2690 115 41 verbum;

1059 2723 83 39 Dei
1107 2723 154 39 Ecclesiae
1225 2723 213 39 annunciaverint
1402 2723 107 39 coram
1473 2723 83 39 via
1521 2723 107 39 voce,
1592 2723 83 39 nam
1639 2723 118 39 sancti
1710 2723 142 39 Patriarcha

1065 2757 105 40 erant
1135 2757 163 40 Prophetae:
1264 2757 70 40 at
1299 2757 93 40 nunc
1357 2757 152 40 Prophetae
1474 2757 105 40 tales
1544 2757 82 40 non
1591 2757 128 40 amplius
1684 2757 58 40 a
1707 2757 82 40 Deo
1742 2757 117 40 excitan-

1070 2788 78 38 tur
1114 2788 56 38 &
1137 2788 67 38 ad
1170 2788 123 38 Eccles.
1259 2788 156 38 mittuntur.
1382 2788 167 38 Patriarchis
1516 2788 67 38 se
1549 2788 89 38 DEUS
1605 2788 78 38 per
1649 2788 145 38 visiones,
1761 2788 78 38 per
1794 2788 56 38 so-

1069 2821 106 39 mnia,
1140 2821 82 39 per
1187 2821 106 39 alios
1257 2821 106 39 modos
1327 2821 164 39 patefecit,
1456 2821 59 39 &
1480 2821 129 39 assidue
1574 2821 164 39 quodammodo
1703 2821 188 39 familiariter

1067 2852 77 35 cum
1111 2852 99 35 illis
1177 2852 165 35 conversatus
1309 2852 55 35 &
1331 2852 154 35 collocutus
1452 2852 88 35 est,
1507 2852 132 35 illisque
1606 2852 99 35 coram
1672 2852 143 35 patefecit
1771 2852 88 35 volun-

1069 2885 103 42 tatem
1137 2885 103 42 suam:
1206 2885 69 42 at
1241 2885 92 42 nunc
1298 2885 103 42 modis
1367 2885 103 42 illis
1436 2885 80 42 sui
1482 2885 184 42 patefaciendi
1632 2885 80 42 non
1678 2885 126 42 amplius
1758 2885 92 42 utitur

1067 2914 68 35 Ex
1101 2914 80 35 his
1146 2914 137 35 falsitas
1249 2914 193 35 consequentiae
1408 2914 193 35 propositionis
1567 2914 125 35 maioris
1658 2914 80 35 est
1692 2914 137 35 manifesta.

1111 2943 125 50 Tertio
1198 2943 125 50 falsum
1285 2943 87 50 est
1335 2943 100 50 quod
1398 2943 75 50 in
1435 2943 125 50 minore
1523 2943 150 50 dicitur,
1635 2943 162 50 Ecclesiam
1760 2943 62 50 &
1773 2943 87 50 reli-

1067 2975 134 48 gionem
1161 2975 107 48 ante
1228 2975 121 48 Mosen
1308 2975 121 48 solam
1389 2975 188 48 traditione
1537 2975 134 48 fuisse
1631 2975 215 48 conservatam.
1792 2975 67 48 Nam

1066 3021 150 30 ruerunt
1175 3021 109 30 ante
1243 3021 122 30 Mosen
1325 3021 150 30 praeter
1434 3021 245 30 annunciationem
1637 3021 122 30 Verbi
1719 3021 95 30 DEI
1773 3021 68 30 a
1787 3021 68 30 Pa-

1036 3042 169 40 Rtriarchis
1169 3042 97 40 viva
1229 3042 97 40 voce
1290 3042 133 40 factam,
1387 3042 109 40 varia
1459 3042 157 40 rudimenta
1580 3042 169 40 Ecclesiae,
1713 3042 73 40 ut
1737 3042 121 40 sacrifi-

1068 3080 120 34 ciorum
1152 3080 144 34 accensio
1260 3080 60 34 e
1284 3080 120 34 coelo,
1368 3080 96 34 arca
1428 3080 96 34 Noe,
1487 3080 156 34 visiones,
1607 3080 108 34 typi,
1679 3080 144 34 figurae,
1775 3080 84 34 velu-

1073 3108 59 41 i
1097 3108 165 41 sacrificia
1226 3108 59 41 &
1250 3108 165 41 sacramenta
1380 3108 118 41 quorum
1462 3108 118 41 corpus
1545 3108 94 41 fuit
1604 3108 71 41 in
1639 3108 130 41 Christo
1721 3108 130 41 exhibitum
