2063 3425
194 178 135 44 Deinde
289 178 149 44 nunquam
397 178 149 44 religio
506 178 108 44 fuit
573 178 189 44 corruptior
722 178 108 44 quam
790 178 108 44 ante
857 178 162 44 diluvium
965 178 41 44 &

190 223 107 36 inde
257 223 120 36 usque
337 223 80 36 ad
377 223 174 36 Abrahamum
511 223 67 36 &
538 223 134 36 Mosen,
631 223 80 36 ut
671 223 161 36 testatur
792 223 161 36 Geneseos
912 223 120 36 caput

182 252 140 42 sextum,
284 252 153 42 septimum
398 252 64 42 &
424 252 114 42 alia,
500 252 64 42 &
526 252 114 42 caput
602 252 76 42 24
640 252 140 42 Josuae:
742 252 114 42 donec
818 252 114 42 novis
882 252 114 42 patefa-

189 290 155 34 ctionibus
308 290 95 34 vera
368 290 131 34 religio
463 290 143 34 Abrahamo
570 290 83 34 qui
618 290 60 34 &
642 290 95 34 ipse
701 290 143 34 idolorum
808 290 119 34 cultor
892 290 131 34 fuerat:

188 320 218 36 restitueretur,
370 320 158 36 tandemque
491 320 134 36 literis
588 320 61 36 a
613 320 97 36 Mose
673 320 146 36 doctrina
783 320 170 36 religionis
904 320 85 36 cons-

198 352 156 45 gnaretur.
318 352 156 45 Aliquando
437 352 72 45 in
473 352 96 45 solo
533 352 120 45 Abele,
617 352 156 45 aliquando
737 352 72 45 in
773 352 96 45 solo
832 352 132 45 Enocho,
928 352 96 45 ali¬

192 389 128 42 quando
282 389 77 42 in
320 389 102 42 sola
384 389 102 42 domo
448 389 102 42 Noe,
512 389 166 42 aliquando
639 389 77 42 in
678 389 102 42 solo
742 389 153 42 Abrahamo
856 389 128 42 fulsse
933 389 64 42 Ec-

182 418 133 34 clesiam
279 418 169 34 Augustinus
412 418 109 34 docet
484 418 73 34 in
520 418 109 34 Psal.
593 418 97 34 128.
653 418 97 34 Ideo
714 418 121 34 igitur
798 418 97 34 olim
859 418 121 34 tandem
931 418 73 34 opus

184 451 91 38 fuit
241 451 148 38 Scriptura
355 451 114 38 Sacra,
434 451 91 38 quia
491 451 160 38 religionis
617 451 125 38 puritas
708 451 57 38 &
731 451 137 38 Ecclesia
833 451 160 38 traditione
947 451 57 38 so-

195 482 72 46 la
231 482 167 46 conservari
362 482 84 46 non
410 482 131 46 potuit.
505 482 143 46 Quicquid
613 482 96 46 enim
673 482 107 46 inter
744 482 131 46 homines
840 482 119 46 absque
911 482 84 46 scri-

198 523 87 41 pta
247 523 112 41 norma
322 523 174 41 traditione
459 523 112 41 solam
534 523 187 41 propagatur,
684 523 187 41 incorruptum
833 523 87 41 diu
883 523 125 41 manere
958 523 62 41 non

198 550 129 45 potest;
292 550 94 45 quum
351 550 129 45 hominum
445 550 153 45 ingeniis,
562 550 141 45 moribus,
668 550 94 45 vita
727 550 106 45 nihil
797 550 82 45 sit
844 550 106 45 magis
903 550 94 45 lubri-

203 585 80 40 um,
248 585 103 40 nihil
317 585 172 40 instabilius
455 585 57 40 &
477 585 172 40 mutabilius.
615 585 115 40 Adhaec
695 585 137 40 traditio
798 585 92 40 illa
856 585 92 40 quam
901 585 92 40 Patri-

193 620 119 34 archae
277 620 83 34 usi
324 620 95 34 sunt
384 620 72 34 δς
420 620 83 34 δια
467 620 107 34 πασον
539 620 60 34 a
563 620 167 34 Papistarum
694 620 203 34 traditionibus
861 620 131 34 distat:
944 620 60 34 nam

189 649 196 37 Patriarcharum
351 649 139 37 traditio
455 649 92 37 vere
513 649 115 37 divina
594 649 104 37 erat,
663 649 69 37 ut
697 649 104 37 inter
767 649 104 37 omnes
836 649 127 37 fideles
917 649 69 37 con-

195 683 104 38 stat:
265 683 161 38 Papistarum
391 683 92 38 vero
449 683 173 38 traditiones
587 683 127 38 divinae
679 683 81 38 non
725 683 104 38 sunt,
794 683 81 38 sed
840 683 138 38 humanae,
943 683 81 38 sed

187 713 192 35 diabolicae,
341 713 90 35 cum
392 713 166 35 conjugium
520 713 64 35 &
545 713 115 35 cibos
622 713 64 35 a
648 713 90 35 Deo
699 713 141 35 creatos
801 713 77 35 ad
840 713 141 35 hominis
929 713 77 35 usum

195 750 185 41 prohibeant,
342 750 99 41 quae
404 750 111 41 Paulo
478 750 111 41 teste
552 750 74 41 1.
589 750 99 41 Tim.
650 750 74 41 4.
687 750 74 41 1.
724 750 160 41 doctrinae
847 750 99 41 sunt
897 750 99 41 daemo

168 782 140 44 niorum.

191 841 104 59 Sic
251 841 193 59 responsum
399 841 104 59 est
459 841 89 59 ad
503 841 149 59 primam
607 841 193 59 rationem:
756 841 178 59 sequitur
875 841 119 59 secun-

240 887 96 62 da,
295 887 138 62 petita
392 887 83 62 ex
433 887 151 62 secunda
543 887 124 62 atate
626 887 179 62 Ecclesiae
763 887 69 62 a
791 887 110 62 Mose
860 887 124 62 usque

487 935 103 60 ad
521 935 188 60 Christum.

229 993 68 48 Si
263 993 57 48 a
285 993 91 48 Mose
342 993 102 48 usque
410 993 68 48 ad
444 993 136 48 Christum
547 993 170 48 exstiterunt
683 993 114 48 quidem
762 993 170 48 Scripturae,
899 993 102 48 tamen
956 993 45 48 ea

195 1037 138 42 propriae
298 1037 103 42 erant
367 1037 161 42 Iudaeorum;
493 1037 138 42 reliquae
596 1037 103 42 autem
665 1037 126 42 Gentes,
757 1037 69 42 in
791 1037 115 42 quibus
872 1037 103 42 etiam
929 1037 69 42 era-

199 1065 84 46 apud
252 1065 116 46 aliquos
337 1065 84 46 vera
390 1065 116 46 religio
474 1065 53 46 &
495 1065 106 46 fides,
569 1065 84 46 sola
622 1065 127 46 traditio
717 1065 74 46 non
759 1065 116 46 scripta
844 1065 180 46 inveniebatur:

194 1103 78 43 tum
238 1103 144 43 Scriptura
349 1103 100 43 Sacra
416 1103 100 43 nobis
483 1103 78 43 non
527 1103 78 43 est
571 1103 167 43 simpliciter
694 1103 144 43 necessaria.

279 1126 108 44 Verum
351 1126 84 44 est
399 1126 180 44 antecedens:
543 1126 84 44 Nam
591 1126 96 44 quod
651 1126 132 44 praeter
746 1126 132 44 Iudaeos
842 1126 108 44 multi
914 1126 96 44 alii
962 1126 48 44 ad

193 1197 75 46 qui
236 1197 75 46 hoc
279 1197 149 46 constanter
396 1197 117 46 asserit
481 1197 85 46 lib.
534 1197 64 46 2.
566 1197 64 46 de
598 1197 117 46 peccato
683 1197 138 46 originali
790 1197 85 46 cap.
843 1197 128 46 vigesimo
928 1197 75 46 quar-

194 1236 67 42 to
227 1236 56 42 &
250 1236 90 42 lib.
306 1236 101 42 primo
373 1236 67 42 de
407 1236 168 42 praedestin.
541 1236 146 42 Sanctorum
653 1236 90 42 cap.
710 1236 90 42 nono
766 1236 56 42 &
788 1236 90 42 lib:
844 1236 112 42 decimo
911 1236 90 42 octavo

192 1264 67 44 de
225 1264 134 44 civitate
325 1264 89 44 Dei,
381 1264 89 44 cap.
426 1264 45 44 4.

230 1291 92 51 Ergo
287 1291 58 51 &
310 1291 161 51 consequens
437 1291 104 51 verum
494 1291 69 51 est,

190 1163 154 47 Ecclesiam
309 1163 190 47 pertinerent,
463 1163 107 47 patet
534 1163 71 47 ex
570 1163 83 47 Iob
617 1163 59 47 &
641 1163 119 47 amicis
724 1163 107 47 eius,
795 1163 95 47 Item
855 1163 71 47 ex
879 1163 142 47 Augustino,

218 1324 121 44 RESP.
298 1324 121 44 Primo
379 1324 134 44 iterum
472 1324 161 44 peccatur
593 1324 201 44 ignoratione
754 1324 148 44 elenchi
861 1324 80 44 ob
888 1324 121 44 mutatum

189 1358 129 40 statum
279 1358 232 40 controversiae.
473 1358 90 40 Nam
524 1358 180 40 Scripturam
666 1358 129 40 Sacram
756 1358 90 40 non
808 1358 103 40 esse
859 1358 142 40 simplici-

193 1401 85 34 ter
242 1401 195 34 necessariam,
400 1401 110 34 ultro
473 1401 183 34 concedimus:
619 1401 134 34 Dicimus
717 1401 110 34 autem
790 1401 97 34 esse
839 1401 158 34 necessariam

186 1432 73 35 ex
222 1432 157 35 hypothesi
343 1432 169 35 voluntatis
476 1432 61 35 &
501 1432 206 35 dispositionis
670 1432 145 35 divinae.
779 1432 133 35 Secundo
876 1432 109 35 falsa
936 1432 61 35 est

191 1465 165 33 assumtio.
318 1465 89 33 Nam
369 1465 178 33 Scripturas
509 1465 89 33 non
560 1465 127 33 fuisse
649 1465 153 33 proprias
763 1465 178 33 Judaeorum,
903 1465 89 33 sed
941 1465 51 33 et

187 1493 83 37 iam
235 1493 59 37 a
258 1493 142 37 Gentibus
365 1493 59 37 &
388 1493 118 37 maxime
471 1493 154 37 fidelibus
590 1493 107 37 inter
661 1493 107 37 illas
732 1493 118 37 lectas
815 1493 142 37 testatur
909 1493 95 37 histo-

193 1525 86 38 ria
242 1525 159 38 Ptolemaei
364 1525 196 38 Philadesphi,
523 1525 86 38 qui
572 1525 110 38 legem
646 1525 73 38 ex
683 1525 135 38 Hebraea
781 1525 122 38 lingua
866 1525 73 38 in
891 1525 110 38 Graecam

201 1564 128 32 cutavit
295 1564 175 32 transferri:
435 1564 140 32 testatur
540 1564 140 32 historia
645 1564 128 32 Eunuchi
738 1564 93 32 quae
797 1564 128 32 habetur
890 1564 117 32 Actor.
960 1564 47 32 8:

195 1592 116 37 itaque
276 1592 69 37 ex
311 1592 93 37 sola
369 1592 162 37 traditione
496 1592 81 37 non
543 1592 127 37 scripta
635 1592 104 37 veram
705 1592 162 37 religionem
832 1592 58 37 &
855 1592 104 37 fidem
913 1592 93 37 inter-

189 1626 123 38 Gentes
275 1626 123 38 fuisse
360 1626 98 38 post
422 1626 110 38 Mosen
495 1626 110 38 usque
569 1626 74 38 ad
606 1626 159 38 Christum,
728 1626 147 38 negatur.
839 1626 123 38 Tertio
912 1626 86 38 falsa

192 1664 85 34 est
240 1664 146 34 probatio
350 1664 194 34 assumtionis,
508 1664 85 34 nam
556 1664 85 34 Job
605 1664 61 34 &
629 1664 109 34 amici
702 1664 97 34 ejus
763 1664 146 34 vixerunt
872 1664 97 34 ante
921 1664 73 34 tem-

188 1691 102 45 pora
252 1691 127 45 Mosis,
341 1691 89 45 cum
392 1691 89 45 Job
443 1691 127 45 fuerit
532 1691 140 45 quintus
634 1691 76 45 ab
673 1691 153 45 Abrahamo
787 1691 76 45 ex
826 1691 153 45 posteris
928 1691 76 45 Esa-

184 1723 84 44 vi,
232 1723 72 44 ut
268 1723 133 44 scribit
365 1723 121 44 beatus
449 1723 169 44 Athanasius
582 1723 72 44 in
618 1723 133 44 Synopsi
715 1723 121 44 Sacrae
799 1723 181 44 Scripturae,
932 1723 60 44 pag

188 1756 150 37 nonagos.
301 1756 113 37 sexta
377 1756 100 37 tomi
439 1756 138 37 secundi
540 1756 113 37 Edit.
615 1756 226 37 Commelinianae.
803 1756 150 37 Vixerunt
903 1756 88 37 igitu

195 1791 86 37 Job
244 1791 62 37 &
269 1791 111 37 amici
342 1791 99 37 ejus
404 1791 99 37 ante
466 1791 111 37 Legem
539 1791 86 37 per
589 1791 111 37 Mosen
663 1791 111 37 latam
736 1791 62 37 &
761 1791 160 37 scriptam:
884 1791 99 37 etsi
933 1791 62 37 li-

202 1822 85 39 per
250 1822 97 39 Jobi
311 1822 109 39 demum
384 1822 97 39 post
445 1822 109 39 Legem
518 1822 109 39 datam
591 1822 85 39 sit
639 1822 146 39 scriptus
749 1822 61 39 a
773 1822 109 39 Mose,
846 1822 73 39 ut
882 1822 134 39 Hebraei
968 1822 36 39 &

195 1854 140 39 Origenes
300 1854 175 39 existimant,
440 1854 163 39 Augustinus
568 1854 93 39 vero
626 1854 93 39 etsi
685 1854 105 39 docet
755 1854 117 39 fuisse
836 1854 117 39 justos
906 1854 105 39 quosdam

188 1887 84 37 non
236 1887 108 37 solum
308 1887 72 37 in
343 1887 120 37 filiis
427 1887 132 37 Israel,
523 1887 84 37 sed
571 1887 108 37 etiam
642 1887 108 37 extra
714 1887 120 37 eundem
798 1887 143 37 populum,
905 1887 60 37 &
917 1887 84 37 exem-

197 1921 92 37 pli
249 1921 118 37 causa
328 1921 144 37 adducit
433 1921 131 37 Jobum:
525 1921 118 37 tamen
604 1921 171 37 nequaquam
735 1921 157 37 statuit,
853 1921 118 37 Jobum
918 1921 79 37 posi

183 1954 116 40 Legem
261 1954 116 40 latam
338 1954 65 40 &
364 1954 155 40 scriptam
481 1954 65 40 a
506 1954 103 40 Mose
571 1954 116 40 demum
649 1954 155 40 vixisse.
765 1954 103 40 Imo,
830 1954 116 40 libro
895 1954 103 40 decimo

192 1987 123 39 octavo
278 1987 74 39 de
314 1987 147 39 civitate
425 1987 86 39 Dei
474 1987 123 39 capite
560 1987 196 39 quadragesimo
719 1987 135 39 septimo
817 1987 123 39 aperte
903 1987 86 39 ait
940 1987 61 39 Au-

192 2020 140 43 gustins,
297 2020 105 43 Jobum
367 2020 116 43 tertia
448 2020 175 43 generatione
588 2020 175 43 posterigrem
728 2020 116 43 fuisse
809 2020 93 43 quam
867 2020 128 43 Israel,
960 2020 70 43 id

197 2053 103 42 est,
261 2053 141 42 Jacobum
351 2053 167 42 Patriarcham

224 2082 109 40 Instat
301 2082 175 40 Bellarminus.
443 2082 66 40 Si
476 2082 55 40 &
498 2082 66 40 in
530 2082 88 40 ipso
585 2082 109 40 populo
662 2082 77 40 Dei
706 2082 88 40 etsi
760 2082 153 40 Scripturae
870 2082 131 40 exstarent,

192 2118 105 40 tamen
262 2118 105 40 magis
332 2118 152 40 utebantur
449 2118 117 40 Iudaei
531 2118 163 40 traditione
659 2118 93 40 quam
717 2118 163 40 Scriptura:
845 2118 82 40 tum
892 2118 93 40 haec
939 2118 58 40 non

195 2157 76 32 est
239 2157 98 32 nobis
304 2157 163 32 simpliciter
434 2157 163 32 necessaria.
564 2157 98 32 Prius
629 2157 76 32 est
673 2157 109 32 verum.
749 2157 87 32 Ergo
803 2157 54 32 &
814 2157 130 32 posterius.

222 2172 141 55 Assumtum
328 2172 153 55 instituit
446 2172 129 55 probare
540 2172 177 55 testimoniis
681 2172 165 55 Scripturae
811 2172 59 55 &
834 2172 118 55 causa.
905 2172 94 55 Testi-

190 2218 98 40 monia
255 2218 87 40 sunt
310 2218 98 40 haec.
375 2218 98 40 Exodi
440 2218 76 40 13.
483 2218 130 40 Narrabis
581 2218 98 40 filio
646 2218 76 40 tuo
689 2218 65 40 in
722 2218 76 40 die
765 2218 87 40 illo
820 2218 119 40 dicens,
906 2218 76 40 hoc
939 2218 65 40 est?

192 2255 98 36 quod
253 2255 110 36 fecit
327 2255 147 36 Dominus,
437 2255 86 36 &c.
486 2255 135 36 Deuter.
584 2255 86 36 32.
633 2255 159 36 Interroga
756 2255 123 36 patrem
842 2255 110 36 tuum,
915 2255 61 36 &
928 2255 61 36 an-

187 2282 142 39 nunciahit
297 2282 99 39 tibi,
362 2282 121 39 maiores
450 2282 99 39 tuos,
516 2282 55 39 &
538 2282 110 39 dicent
614 2282 99 39 tibi.
680 2282 88 39 Job.
735 2282 55 39 8
757 2282 142 39 Interroga
866 2282 153 39 generatio¬

193 2317 86 38 nem
242 2317 172 38 pristinam,
377 2317 61 38 &
401 2317 172 38 diligenter
536 2317 160 38 investiga
659 2317 123 38 patrum
745 2317 160 38 memoriam.
868 2317 135 38 Judicum
954 2317 49 38 6-

184 2346 83 38 Ubi
231 2346 95 38 sunt
291 2346 154 38 mirabilia
409 2346 95 38 quae
468 2346 177 38 narraverunt
610 2346 106 38 nobis
681 2346 118 38 patres
763 2346 130 38 nostri?
858 2346 118 38 Psalmo
929 2346 59 38 Aa-

183 2379 97 39 Deus
243 2379 133 39 auribus
340 2379 133 39 nostris
437 2379 170 39 audivimus,
571 2379 121 39 patres
656 2379 121 39 nostri
740 2379 218 39 annunciaverunt
910 2379 85 39 nobis

185 2413 103 40 opus
250 2413 103 40 quod
314 2413 168 40 operatus,
443 2413 90 40 &c.
495 2413 129 40 Psalmo
585 2413 77 40 77
624 2413 129 40 Quanta
714 2413 155 40 mandavit
830 2413 155 40 patribus
933 2413 65 40 no-

192 2448 90 42 stris
252 2448 80 42 nota
302 2448 100 42 facere
372 2448 60 42 ea
402 2448 100 42 filiis
472 2448 90 42 suis,
532 2448 60 42 ut
562 2448 130 42 cognoscat
663 2448 130 42 generatio
763 2448 110 42 altera,
843 2448 90 42 Filii
903 2448 70 42 qui
933 2448 50 42 no-

194 2480 134 41 scentur,
294 2480 56 41 &
317 2480 157 41 exsurgent,
440 2480 56 41 &
462 2480 145 41 narrabunt
574 2480 67 41 ea
608 2480 112 41 filiis
686 2480 101 41 suis.
753 2480 190 41 Ecclesiastici
899 2480 89 41 capite

202 2509 81 37 Non
248 2509 69 37 te
282 2509 161 37 praetereat
409 2509 138 37 narratio
512 2509 150 37 seniorum,
627 2509 92 37 ipsi
685 2509 92 37 enim
742 2509 161 37 didicerunt
869 2509 58 37 a
880 2509 115 37 patribus

189 2545 105 40 suis,
260 2545 59 40 &
283 2545 105 40 tamen
353 2545 94 40 fuit
412 2545 211 40 Ecclesiasticus
588 2545 70 40 ex
623 2545 129 40 ultimis
717 2545 188 40 scriptoribus
857 2545 141 40 Testament.

190 2579 109 40 Veteris

229 2604 106 49 Causa
300 2604 106 49 autem
370 2604 82 49 cur
417 2604 153 49 uterentur
534 2604 129 49 Hebraei
628 2604 106 49 magis
699 2604 164 49 traditione
828 2604 94 49 quam
875 2604 117 49 Scriptu-

193 2644 76 36 ra,
237 2644 120 36 videtur
324 2644 120 36 fuisse,
411 2644 87 36 quia
466 2644 98 36 usque
531 2644 65 36 ad
564 2644 120 36 tempora
651 2644 109 36 Esdrae
727 2644 153 36 Scripturae
847 2644 76 36 non
891 2644 98 36 erant
945 2644 55 36 re-

202 2675 118 43 lactae
285 2675 71 43 ad
320 2675 118 43 formam
403 2675 153 43 librorum,
521 2675 71 43 ut
556 2675 118 43 facile
638 2675 59 43 &
662 2675 130 43 commode
756 2675 118 43 haberi
839 2675 141 43 possent,
945 2675 83 43 sed

193 2717 103 35 erant
261 2717 148 35 dispersae
375 2717 68 35 in
409 2717 114 35 variis
489 2717 148 35 annalibus
603 2717 57 35 &
626 2717 137 35 chartis,
728 2717 57 35 &
751 2717 137 35 interdum
854 2717 68 35 ex
877 2717 125 35 negligen-

194 2747 89 39 tiae
250 2747 156 39 sacerdotum
372 2747 89 39 ongo
428 2747 123 39 tempore
517 2747 78 39 non
562 2747 201 39 inveniebantur:
729 2747 67 39 ut
762 2747 100 39 patet
829 2747 67 39 ex
862 2747 67 39 4.
896 2747 89 39 Reg.
940 2747 56 39 22.

189 2773 83 41 ubi
236 2773 142 41 narratur
343 2773 130 41 tanquam
437 2773 106 41 novum
508 2773 106 41 quid,
579 2773 94 41 quod
638 2773 71 41 in
673 2773 118 41 diebus
756 2773 118 41 losiae
839 2773 118 41 fuerit
910 2773 94 41 inven-

189 2810 87 39 tum
238 2810 99 39 unum
300 2810 136 39 uolumen
400 2810 112 39 Legis
474 2810 124 39 Domini
561 2810 74 39 in
598 2810 136 39 templo.
697 2810 124 39 Esdras
784 2810 112 39 autem
859 2810 99 39 post
908 2810 87 39 capti

200 2840 124 34 vitatem
290 2840 101 34 omnia
357 2840 146 34 collegit,
469 2840 56 34 &
492 2840 101 34 simul
559 2840 67 34 in
593 2840 90 34 unum
649 2840 112 34 corpus
728 2840 135 34 redegit,
829 2840 112 34 addens
907 2840 67 34 in
930 2840 67 34 Deus

197 2875 110 41 teron,
274 2875 110 41 ultim.
351 2875 110 41 capit.
428 2875 66 41 de
461 2875 88 41 vita
516 2875 110 41 Mesis,
593 2875 55 41 &
615 2875 121 41 quaedam
703 2875 88 41 alia
758 2875 88 41 hinc
813 2875 88 41 inde
868 2875 66 41 ad
890 2875 110 41 historia

192 2907 243 39 continuationem.
397 2907 77 39 De
436 2907 90 39 quo
487 2907 102 39 vide
551 2907 192 39 Theodoretum
705 2907 192 39 praefatione
858 2907 77 39 in
884 2907 128 39 Psalmes;

190 2939 110 43 Bedam
263 2939 73 43 in
300 2939 110 43 caput
373 2939 73 43 9.
409 2939 110 43 libr.
483 2939 73 43 1.
519 2939 134 43 Esdrae,
617 2939 61 43 &
641 2939 122 43 Petrum
726 2939 146 43 Antonium
836 2939 134 43 Benter,
922 2939 85 43 anno-

190 2979 129 43 tatione
284 2979 94 43 nova
343 2979 71 43 de
378 2979 106 43 Sacra
437 2979 141 43 Scriptura.

221 2997 179 52 RESPONSIO:
362 2997 115 52 Primo
439 2997 128 52 rursus
528 2997 153 52 peccatur
643 2997 192 52 ignoratione
796 2997 141 52 elenchi
899 2997 77 52 in
924 2997 77 52 con-

193 3037 156 44 clusione,
313 3037 72 44 ut
349 3037 108 44 antea
421 3037 132 44 dictum.
517 3037 144 44 Secundo,
626 3037 108 44 falsa
698 3037 84 44 est
746 3037 156 44 assumtio:
866 3037 84 44 nam
902 3037 96 44 piorum

192 3076 160 39 Judaeotum
315 3076 86 39 hic
364 3076 86 39 mos
413 3076 86 39 non
463 3076 111 39 fuit,
537 3076 74 39 ut
574 3076 111 39 magis
648 3076 173 39 traditione
783 3076 86 39 non
832 3076 148 39 scripta,
931 3076 74 39 quam

202 3110 149 36 Scriptura
316 3110 160 36 uterentur.
442 3110 115 36 Tertio
522 3110 115 36 falsae
603 3110 92 36 sunt
660 3110 172 36 probationes
797 3110 183 36 assumtionis.
935 3110 57 36 Te-

185 3142 157 41 stimonia
303 3142 105 41 enim
368 3142 105 41 quae
434 3142 183 41 Bellaminus
578 3142 144 41 adducit
683 3142 79 41 de
722 3142 183 41 narratione
866 3142 131 41 operum
944 3142 79 41 Dei,

181 3181 86 45 non
230 3181 134 45 probant
327 3181 98 45 usum
389 3181 183 45 traditionis
535 3181 86 45 non
584 3181 159 45 scriptae.
706 3181 86 45 Nam
755 3181 147 45 traditio
865 3181 86 45 non
902 3181 110 45 scripta

1037 181 61 40 &
1061 181 146 40 narratio
1171 181 85 40 non
1220 181 98 40 sunt
1281 181 110 40 idem:
1354 181 98 40 quia
1415 181 98 40 quae
1476 181 146 40 parentes
1586 181 134 40 narrant
1684 181 146 40 liberis,
1781 181 98 40 eademi

1041 224 134 40 scripta
1138 224 97 40 esse
1199 224 97 40 ihil
1260 224 146 40 impedit.
1369 224 73 40 Et
1405 224 97 40 sane
1466 224 207 40 narrationibus
1636 224 121 40 operum
1721 224 85 40 Dei
1770 224 61 40 e
1782 224 97 40 Sacra:

1041 253 158 46 Scriptura
1162 253 158 46 depromtis
1284 253 85 46 usi
1332 253 97 46 sunt
1393 253 85 46 pii
1441 253 170 46 Istaelitae
1575 253 73 46 in
1611 253 121 46 terram
1696 253 158 46 promissam
1805 253 49 46 in

1045 290 133 38 troducti
1145 290 66 38 in
1178 290 133 38 docendis
1277 290 122 38 libetis
1366 290 100 38 suis,
1432 290 66 38 ut
1466 290 66 38 hi
1499 290 89 38 ipsi
1554 290 155 38 confirmant
1676 290 155 38 Scripturae
1787 290 66 38 loc-

1051 319 62 40 a
1075 319 173 40 Bellarmino
1211 319 148 40 adducti,
1322 319 136 40 excepto
1421 319 99 40 loco
1482 319 111 40 Jobi,
1556 319 86 40 cum
1605 319 111 40 Jobus
1679 319 99 40 ante
1729 319 123 40 scriptam

1048 350 103 44 Legem
1116 350 138 44 vixerit.
1220 350 149 44 Breviter,
1335 350 92 44 quae
1392 350 115 44 patres
1473 350 103 44 inter
1542 350 161 44 Israelitas
1668 350 149 44 narrabant
1783 350 57 44 &
1795 350 57 44 li-

1047 385 96 38 beri
1107 385 72 38 ex
1143 385 109 38 illis
1216 385 145 38 rogabant
1324 385 109 38 atque
1397 385 157 38 audiebant
1517 385 72 38 de
1553 385 145 38 operibus
1662 385 84 38 Dei
1710 385 109 38 erant
1771 385 84 38 eadem

1044 417 74 43 in
1081 417 173 43 Scripturis
1217 417 186 43 consignata.
1366 417 74 43 Ea
1403 417 124 43 igitur
1490 417 136 43 quomodo
1589 417 173 43 traditioni
1725 417 87 43 non
1762 417 87 43 scri-

1054 453 92 42 ptae
1112 453 173 42 tribuantur:
1250 453 207 42 Ecclesiasticus
1423 453 92 42 vero
1481 453 81 42 non
1527 453 92 42 fuit
1584 453 138 42 scriptor
1688 453 150 42 Canonicus
1791 453 58 42 Ve-

1048 479 98 54 teris
1114 479 164 54 Testamenti,
1245 479 87 54 ideo
1300 479 120 54 frustra
1387 479 77 54 hic
1420 479 131 54 allegatur.

1073 509 132 46 Deinde
1165 509 119 46 causa
1244 509 106 46 quam
1311 509 198 46 Bellarminus
1469 509 106 46 homo
1535 509 238 46 prudentissimus
1720 509 132 46 assignat

1041 550 81 44 cur
1088 550 127 44 Hebraei
1180 550 104 44 magis
1250 550 162 44 traditione
1377 550 81 44 non
1424 550 127 44 scripta
1516 550 93 44 quam
1574 550 151 44 Scriptura
1690 550 81 44 usi
1736 550 104 44 sunt,
1794 550 58 44 est

1050 582 121 41 falsa.
1134 582 84 41 Nam
1183 582 169 41 Scripturae
1315 582 96 41 ante
1376 582 121 41 Esdram
1460 582 72 41 ei
1496 582 84 41 ant
1544 582 145 41 redactae
1653 582 72 41 ad
1689 582 121 41 formam
1762 582 84 41 libro

1048 620 90 39 rum,
1104 620 79 39 nec
1149 620 147 39 dispersae
1262 620 101 39 erant
1330 620 68 39 in
1363 620 113 39 variis
1442 620 147 39 annalibus
1555 620 56 39 &
1578 620 135 39 chartis,
1679 620 68 39 ut
1713 620 101 39 satis
1769 620 68 39 man-

1045 650 110 37 festum
1122 650 77 37 est
1166 650 66 37 ex
1199 650 99 37 Deut.
1266 650 77 37 17.
1310 650 99 37 vers.
1376 650 77 37 31.
1420 650 88 37 Jos.
1475 650 66 37 1.
1508 650 55 37 &
1530 650 99 37 aliis
1596 650 99 37 locis
1663 650 165 37 Scripturae.
1784 650 66 37 Quoc

1051 681 193 46 Bellarminus:
1208 681 121 46 adfert
1292 681 72 46 de
1328 681 169 46 Scripturis
1461 681 109 46 longo
1533 681 133 46 tempore
1630 681 84 46 non
1678 681 157 46 inventis,
1799 681 60 46 &
1811 681 48 46 de

1040 716 139 39 invento
1141 716 114 39 demum
1217 716 177 39 temporibus
1356 716 126 39 Josiae
1445 716 88 39 uno
1495 716 152 39 volumine
1609 716 126 39 Legis,
1697 716 76 39 in
1735 716 76 39 eo
1761 716 88 39 impo-

1037 752 106 33 nere
1103 752 146 33 conatur
1209 752 199 33 simplicibus
1368 752 159 33 fallacia
1488 752 199 33 homonymiae.
1647 752 186 33 Temporibus
1779 752 80 33 enim

1051 784 114 40 posiae
1130 784 136 40 inventus
1232 784 91 40 suit
1289 784 170 40 authenticus
1426 784 102 40 liber
1494 784 102 40 Legis
1562 784 57 40 &
1585 784 159 40 originalis
1710 784 80 40 (ut
1755 784 114 40 vocant

1047 815 97 34 sive
1107 815 194 34 autographus,
1265 815 97 34 quem
1325 815 109 34 Moses
1398 815 133 34 Levitis
1495 815 133 34 dederat
1592 815 73 34 in
1628 815 145 34 sacrario
1725 815 133 34 asservan-

1044 848 97 37 dum,
1105 848 73 37 de
1141 848 85 37 quo
1190 848 97 37 Deut
1250 848 85 37 31.
1299 848 109 37 vers.
1372 848 85 37 25.
1421 848 85 37 26:
1469 848 85 37 hic
1518 848 97 37 enim
1579 848 158 37 neglectus
1700 848 122 37 fuerat
1773 848 73 37 gras

1041 878 112 38 sante
1115 878 150 38 Manassis
1228 878 62 38 &
1253 878 125 38 Amonis
1340 878 162 38 tytannide
1465 878 200 38 Jerosolymis.
1627 878 100 38 Hinc
1690 878 75 38 si
1715 878 137 38 Bellarmi-

1044 915 83 35 nus
1091 915 153 35 colligat,
1209 915 106 35 nulla
1280 915 94 35 alia
1339 915 165 35 exemplaria
1469 915 106 35 Legis
1540 915 106 35 inter
1611 915 118 35 piorum
1694 915 106 35 manus
1753 915 94 35 fuisse

1042 950 68 34 ex
1076 950 171 34 particulari
1213 950 171 34 concluserit
1350 950 160 34 universale
1475 950 126 34 praeter
1567 950 103 34 leges
1635 950 171 34 syllogismi.
1761 950 91 34 Esdras

1040 978 134 34 denique
1137 978 134 34 Psalmos
1235 978 61 34 &
1259 978 110 34 allos
1332 978 122 34 libros
1417 978 146 34 duntaxat
1527 978 73 34 in
1563 978 134 34 ordinem
1660 978 158 34 congessit
1782 978 61 34 &
1794 978 61 34 re-

1038 1015 122 36 degit.
1123 1015 159 36 Clausulam
1245 1015 195 36 Deuteronomii
1404 1015 85 36 vel
1453 1015 110 36 Josua
1526 1015 146 36 addidit,
1635 1015 73 36 ut
1672 1015 85 36 ait
1721 1015 122 36 Sixtus
1794 1015 61 36 Se-

1050 1045 121 53 nensis
1135 1045 109 53 libro
1207 1045 121 53 primo,
1292 1045 85 53 vel
1341 1045 97 53 ipse
1401 1045 109 53 Moses
1474 1045 133 53 adjecit
1571 1045 97 53 ante
1632 1045 133 53 mortem,
1729 1045 73 53 de
1765 1045 85 53 qua
1801 1045 61 53 jam

1053 1077 116 43 certus
1134 1077 93 43 erat
1192 1077 81 43 una
1238 1077 81 43 cum
1285 1077 81 43 iis
1331 1077 93 43 quae
1389 1077 116 43 statim
1470 1077 173 43 consecutura
1597 1077 81 43 erant

1031 1148 166 54 Sequitur
1156 1148 139 54 tertia
1253 1148 194 54 Bellarmini
1405 1148 139 54 ratio,
1502 1148 139 54 petita
1599 1148 83 54 ex
1641 1148 139 54 tertia
1724 1148 125 54 aetate.

1229 1196 191 62 Ecclesiae
1376 1196 73 62 a
1405 1196 161 62 Christi
1508 1196 147 62 adventus

1071 1269 67 53 Si
1104 1269 56 53 a
1127 1269 123 53 Christi
1216 1269 134 53 adventii
1317 1269 78 53 per
1362 1269 101 53 annos
1429 1269 112 53 multos
1508 1269 90 53 fuit
1564 1269 134 53 Ecclesia
1665 1269 90 53 sine
1709 1269 146 53 Scripturis:

1046 1311 74 36 tum
1089 1311 147 36 Scripturae
1204 1311 74 36 non
1246 1311 84 36 sunt
1299 1311 158 36 simpliciter
1415 1311 147 36 necessariae.

1082 1345 158 35 Antecedens
1206 1345 79 35 est
1251 1345 113 35 verum:
1330 1345 79 35 Nam
1375 1345 135 35 Irenaeus
1476 1345 101 35 libro
1544 1345 113 35 tertio
1623 1345 113 35 capite
1702 1345 113 35 quarto
1769 1345 79 35 scri-

1051 1370 85 48 bit,
1104 1370 96 48 adhuc
1168 1370 74 48 suo
1211 1370 117 48 tempore
1295 1370 106 48 fuisse
1370 1370 106 48 gentes
1444 1370 117 48 aliquas
1529 1370 170 48 Christianas,
1667 1370 85 48 quae
1720 1370 96 48 solis
1773 1370 85 48 tradi-

1047 1411 149 43 tionibus
1159 1411 100 43 sine
1221 1411 162 43 Scriptura
1345 1411 124 43 optime
1432 1411 162 43 viverent:
1557 1411 112 43 Verum
1631 1411 124 43 igitur
1718 1411 87 43 est
1768 1411 62 43 &
1780 1411 75 43 con

1044 1440 98 47 equens.

1070 1469 117 60 RESP.
1148 1469 117 60 Primo
1226 1469 130 60 rursus
1317 1469 156 60 peccatur
1434 1469 117 60 eadem
1511 1469 195 60 ignoratione
1667 1469 156 60 elenchi,
1771 1469 78 60 quam

1039 1510 79 44 in
1078 1510 171 44 prioribus
1210 1510 197 44 rationibus.
1368 1510 145 44 Secundo
1473 1510 145 44 negatur
1579 1510 158 44 assumrum
1684 1510 171 44 intellectum

1047 1555 166 34 universe.
1175 1555 89 34 Nam
1226 1555 153 34 Ecclesia
1341 1555 64 34 a
1367 1555 141 34 Christi
1469 1555 141 34 adventu
1571 1555 128 34 habuit
1660 1555 128 34 libros
1737 1555 115 34 Veteris

1056 1585 170 42 Testamenti
1189 1585 145 42 integros
1298 1585 73 42 ac
1334 1585 133 42 proinde
1431 1585 121 42 habuit
1516 1585 109 42 totam
1589 1585 133 42 salutis
1685 1585 157 42 doctrinam
1794 1585 61 42 de-

1041 1616 161 45 scriptam,
1165 1616 99 45 quum
1227 1616 74 45 ad
1264 1616 124 45 summam
1351 1616 161 45 doctrinae
1475 1616 112 45 nihil
1549 1616 149 45 intersit
1661 1616 112 45 inter
1735 1616 112 45 Vetus
1797 1616 62 45 ac-

1044 1648 124 41 Novum
1127 1648 220 41 Testamentum:
1305 1648 234 41 praedictiones
1498 1648 110 41 enim
1566 1648 82 41 in
1608 1648 137 41 Veteri
1690 1648 165 41 Testamento

1049 1680 211 42 describuntur
1220 1680 66 42 &
1247 1680 211 42 complementum
1418 1680 119 42 earum
1498 1680 79 42 in
1537 1680 119 42 Novo.
1616 1680 119 42 Libri
1696 1680 119 42 autem
1762 1680 92 42 Novi-

1050 1713 167 37 Testamenti
1181 1713 119 37 coepti
1265 1713 96 37 sunt
1325 1713 119 37 scribi
1408 1713 96 37 sive
1468 1713 119 37 octavo
1552 1713 96 37 anno
1611 1713 96 37 post
1671 1713 131 37 Christi
1755 1713 107 37 adscen-

1050 1747 135 38 sionem,
1148 1747 74 38 ut
1185 1747 208 38 Theophylactus
1356 1747 110 38 notat
1430 1747 74 38 in
1466 1747 123 38 primum
1552 1747 110 38 caput
1626 1747 159 38 Matthaei:
1748 1747 98 38 sive
1797 1747 49 38 an

1053 1785 71 37 no
1089 1785 189 37 decimoquinto
1242 1785 71 37 ut
1277 1785 165 37 Nicephorus
1407 1785 118 37 refert
1489 1785 94 37 lib.
1548 1785 59 37 2
1572 1785 94 37 cap.
1631 1785 71 37 4,
1666 1785 94 37 sive
1725 1785 94 37 anno
1772 1785 83 37 vige-

1039 1815 101 41 simo
1103 1815 139 41 quinto,
1204 1815 76 41 ut
1242 1815 152 41 Eusebius
1356 1815 76 41 ex
1394 1815 139 41 Irenaeo
1495 1815 139 41 memorat
1596 1815 114 41 libro
1672 1815 127 41 quinto
1748 1815 101 41 capite

1048 1852 149 40 octavo.
1157 1852 108 40 Male
1225 1852 122 40 autem
1306 1852 217 40 argumentatur
1482 1852 217 40 Bellarminus:
1659 1852 108 40 Sine
1713 1852 149 40 aliquibus

1046 1878 126 47 libris
1134 1878 100 47 Novi
1197 1878 176 47 Testamenti
1335 1878 100 47 fuit
1398 1878 75 47 ad
1436 1878 126 47 tempus
1524 1878 163 47 Ecclesia:
1649 1878 100 47 Ergo
1712 1878 100 47 sine
1762 1878 88 47 Scri-

1051 1916 106 34 pturis
1126 1916 95 34 fuit.
1189 1916 106 34 Tertio
1263 1916 64 34 in
1295 1916 159 34 allegatione
1422 1916 148 34 testimonii
1539 1916 117 34 Irenaei
1624 1916 148 34 dupliciter
1729 1916 117 34 sophisti-

1042 1946 118 35 catur
1121 1946 210 35 Bellarminus.
1291 1946 92 35 Nam
1344 1946 118 35 primo
1422 1946 157 35 Irenaeus
1540 1946 79 35 de
1580 1946 170 35 quibusdam
1711 1946 131 35 tantum
1789 1946 66 35 Ec-

1041 1978 141 38 clesiis
1143 1978 153 38 loquitur
1258 1978 102 38 apud
1322 1978 128 38 Gentes
1412 1978 192 38 barbarorum,
1565 1978 77 38 in
1603 1978 128 38 quorum
1693 1978 141 38 linguas
1782 1978 64 38 non

1050 2011 86 41 dum
1099 2011 172 41 Scripturae
1234 2011 172 41 translatae
1369 2011 123 41 erant:
1455 2011 184 41 Bellarminus
1602 2011 98 41 vero
1663 2011 98 41 inde
1712 2011 135 41 concludis

1054 2045 135 35 iniverse
1155 2045 68 35 de
1189 2045 146 35 Ecclesia.
1301 2045 101 35 Atqui
1369 2045 56 35 a
1391 2045 169 35 particulari
1527 2045 68 35 ad
1560 2045 158 35 universale
1684 2045 79 35 non
1729 2045 101 35 valet
1785 2045 68 35 con-

1047 2076 164 39 sequentia.
1176 2076 82 39 Sed
1223 2076 94 39 ista
1282 2076 152 39 sapientia
1399 2076 117 39 logita
1481 2076 176 39 Bellarminus
1621 2076 141 39 plurimum
1715 2076 129 39 abutitur?

1047 2111 121 36 Deinde
1132 2111 145 36 Irenaeus
1241 2111 121 36 nomine
1325 2111 182 36 traditionis
1471 2111 170 36 intelligit
1604 2111 157 36 doctrinam
1725 2111 73 36 in
1749 2111 97 36 libris

1043 2140 188 40 Propheticis
1193 2140 63 40 &
1218 2140 188 40 Apostolicis
1368 2140 163 40 scriptam,
1493 2140 88 40 sed
1543 2140 125 40 nendum
1630 2140 150 40 scriptam
1730 2140 125 40 sermone-

1047 2173 128 39 illarum
1141 2173 128 39 Gentium
1234 2173 117 39 quibus
1316 2173 175 39 tradebatur:
1456 2173 105 39 dicit
1526 2173 93 39 enim
1584 2173 140 39 Ireneaus
1689 2173 117 39 Gentes
1759 2173 82 39 illa-

1041 2209 95 35 viva
1101 2209 107 35 solum
1172 2209 95 35 voce
1231 2209 119 35 fuisse
1315 2209 178 35 institutas,
1457 2209 71 35 eo
1493 2209 95 35 quod
1553 2209 119 35 nondum
1636 2209 143 35 exstaret
1731 2209 119 35 Scriptu-

1044 2244 74 33 ra
1081 2244 99 33 apud
1143 2244 87 33 eos
1192 2244 124 33 lingua
1279 2244 136 33 ipsarum
1378 2244 173 33 vernacula.
1514 2244 87 33 Nam
1564 2244 87 33 per
1614 2244 136 33 veterem
1713 2244 161 33 traditio¬

1035 2281 84 37 nem
1083 2281 168 37 intelligit
1215 2281 144 37 Ireneaus
1323 2281 108 37 fidem
1395 2281 180 37 Christianam
1538 2281 72 37 in
1574 2281 144 37 scriptis
1682 2281 180 37 Propheticis
1814 2281 36 37 &

1038 2310 182 33 Apostolicis
1183 2310 194 33 consignatam,
1341 2310 73 33 ut
1377 2310 158 33 ostendunt
1498 2310 109 33 verba
1571 2310 109 33 ejus:
1644 2310 85 33 Cui
1680 2310 170 33 ordinationis

1051 2339 163 43 issentiunt
1180 2339 117 43 multae
1261 2339 117 43 gentes
1343 2339 175 43 barbarorum,
1483 2339 105 43 eorum
1553 2339 82 43 qui
1599 2339 70 43 in
1634 2339 140 43 Christum
1739 2339 140 43 credunt,

1051 2373 79 40 ine
1096 2373 158 40 charactere
1220 2373 79 40 vel
1265 2373 147 40 atramento
1378 2373 135 40 scriptam
1479 2373 135 40 habentes
1581 2373 79 40 per
1626 2373 135 40 Spiritum
1727 2373 68 40 in
1750 2373 90 40 cordi-

1042 2401 85 37 bus
1090 2401 97 37 suis
1151 2401 134 37 salutem
1248 2401 61 37 &
1273 2401 134 37 veterem
1370 2401 182 37 traditionem
1516 2401 170 37 diligenter
1649 2401 207 37 custodientes,
1807 2401 49 37 in

1047 2421 91 54 unum
1104 2421 91 54 Deum
1161 2421 160 54 credentes,
1287 2421 183 54 fabricatorem
1435 2421 103 54 coeli
1504 2421 57 54 &
1527 2421 114 54 terrae
1607 2421 57 54 &
1630 2421 114 54 omnium
1710 2421 91 54 quae
1767 2421 69 54 in
1790 2421 57 54 ei-

1042 2468 95 45 sunt
1101 2468 83 45 per
1149 2468 107 45 Iesum
1220 2468 142 45 Christum
1326 2468 83 45 Dei
1374 2468 130 45 Filium.
1468 2468 83 45 Qui
1516 2468 130 45 propter
1610 2468 213 45 eminentissimam
1776 2468 71 45 ergo

1050 2503 147 44 igmentum
1160 2503 98 44 suum
1221 2503 195 44 dilectionem,
1380 2503 86 44 eam
1428 2503 98 44 quae
1490 2503 110 44 esset
1563 2503 73 44 ex
1599 2503 134 44 Virgine
1685 2503 171 44 generationem

1044 2537 156 35 sustinuit,
1167 2537 89 35 ipse
1222 2537 78 35 per
1267 2537 67 35 se
1300 2537 123 35 hominem
1390 2537 123 35 adunans
1479 2537 89 35 Deo,
1535 2537 56 35 &
1557 2537 112 35 passus
1635 2537 78 35 sub
1680 2537 112 35 Pontio
1747 2537 100 35 Pilato.

1047 2575 56 35 &
1069 2575 147 35 resurgens
1182 2575 56 35 &
1205 2575 68 35 in
1238 2575 147 35 claritate
1351 2575 135 35 receptus
1453 2575 68 35 in
1486 2575 124 35 gloria;
1576 2575 135 35 venturus
1678 2575 135 35 Salvator
1768 2575 79 35 eorum

1049 2601 80 40 qui
1094 2601 148 40 salvantur
1208 2601 57 40 &
1231 2601 103 40 iudex
1300 2601 103 40 eorum
1368 2601 80 40 qui
1414 2601 171 40 iudicantur,
1550 2601 57 40 &
1573 2601 125 40 mittens
1665 2601 68 40 in
1699 2601 103 40 ignem
1756 2601 91 40 aeter.

1054 2635 83 40 ium
1102 2635 237 40 transfiguratores
1303 2635 154 40 veritatis
1421 2635 59 40 &
1445 2635 178 40 contemtores
1587 2635 118 40 Patris
1670 2635 83 40 sui
1717 2635 59 40 &
1729 2635 118 40 adventus

1042 2665 99 39 eius.
1108 2665 77 39 His
1152 2665 110 39 illico
1230 2665 144 39 subjicit:
1340 2665 88 39 Hanc
1395 2665 99 39 fidem
1462 2665 77 39 qui
1506 2665 88 39 sine
1561 2665 121 39 literis
1649 2665 177 39 crediderunt,
1782 2665 77 39 quan-

1046 2700 90 42 tum
1097 2700 77 42 ad
1136 2700 154 42 sermonem
1251 2700 154 42 nostrum,
1366 2700 141 42 barbari
1469 2700 115 42 sunt,
1546 2700 141 42 quantum
1648 2700 77 42 ad
1687 2700 179 42 sententiam
1815 2700 38 42 &

1041 2738 212 38 consuetudinem,
1218 2738 59 38 &
1241 2738 223 38 conservationem,
1429 2738 129 38 propter
1523 2738 106 38 fidem
1594 2738 82 38 per
1641 2738 94 38 quam
1688 2738 165 38 sapientissi-

1052 2767 68 35 mi
1086 2767 91 35 sunt
1143 2767 57 35 &
1166 2767 126 35 placent
1257 2767 91 35 Deo,
1314 2767 183 35 conversantes
1463 2767 68 35 in
1497 2767 91 35 omni
1554 2767 137 35 iustitia
1657 2767 57 35 &
1679 2767 148 35 castitate
1794 2767 57 35 &
1805 2767 57 35 sa-

1050 2799 142 36 pientia.
1157 2799 71 36 At
1192 2799 178 36 Bellarminus
1335 2799 166 36 intelligit
1465 2799 119 36 nomine
1548 2799 178 36 traditionis
1690 2799 154 36 doctrinam
1797 2799 59 36 non

1053 2830 143 43 scriptam
1160 2830 71 43 in
1196 2830 119 43 libris
1279 2830 178 43 Propheticis
1421 2830 59 43 &
1445 2830 190 43 Apostolicis.
1600 2830 95 43 Haec
1659 2830 95 43 vero
1718 2830 107 43 longe
1778 2830 83 43 late-

1056 2864 69 50 que
1096 2864 118 50 distant.

1086 2895 82 52 Qua
1133 2895 129 52 propter
1227 2895 106 52 hisce
1298 2895 165 52 rationibus
1427 2895 129 52 frustra
1521 2895 129 52 conatus
1615 2895 82 52 est
1662 2895 153 52 evincere,
1768 2895 94 52 Sacram

1049 2941 178 53 Scripturam
1189 2941 89 53 non
1240 2941 102 53 esse
1304 2941 115 53 nobis
1380 2941 204 53 necessariam:
1546 2941 89 53 Nam
1597 2941 89 53 non
1648 2941 102 53 esse
1711 2941 191 53 simpliciter

1044 2972 205 46 necessariam,
1211 2972 115 46 ultro
1274 2972 154 46 concedimus

1094 3038 142 53 Tantum
1193 3038 85 53 de
1236 3038 213 53 necessitate
1406 3038 199 53 Scripturae
1562 3038 156 53 Sacrae:
1675 3038 170 53 sequitur

1246 3084 87 63 de
1289 3084 173 63 editione
1419 3084 115 63 ejus
1476 3084 188 63 authentica.
