2063 3352
229 162 127 49 venisse
322 162 127 49 legatos
414 162 162 49 Presbyteri
541 162 150 49 Iohannis,
657 162 81 49 qui
703 162 139 49 Arabicam
807 162 127 49 linguam
899 162 92 49 suam
957 162 92 49 vul¬

225 201 97 56 garem
290 201 130 56 logebant
388 201 87 56 sine
431 201 108 56 punctis.

261 221 98 54 RESP
322 221 74 54 Ei
359 221 123 54 oppono
445 221 135 54 Theseum
544 221 172 54 Ambrosium,
679 221 86 54 qui
728 221 74 54 in
765 221 111 54 intro
839 221 148 54 ductione
937 221 74 54 suae

220 269 74 40 in
257 269 123 40 lingua
343 269 184 40 Chaldaicam,
490 269 147 40 Syriacam
601 269 111 40 atque
674 269 184 40 Armeniacam,
822 269 111 40 negat
883 269 123 40 prorsus.

218 296 134 47 linguim
315 296 134 47 illorum
413 296 158 47 legatorum
535 296 122 47 fuisse
620 296 183 47 Chaldaicam,
766 296 61 47 &
791 296 98 47 vult
839 296 171 47 AEthiopicam,

232 327 81 48 vel
279 327 139 48 Indicam,
383 327 81 48 vel
430 327 104 48 certe
499 327 151 48 Armenicam
615 327 104 48 esse,
685 327 104 48 cujus
755 327 128 48 quaedam
848 327 104 48 regio
906 327 104 48 Chaldia

222 360 143 48 dicitur.
329 360 83 48 Hoc
377 360 95 48 vero
436 360 131 48 probat,
532 360 95 48 quia
591 360 119 48 Armeni
675 360 60 48 a
698 360 143 48 sinistro
806 360 71 48 ad
841 360 131 48 dextrum
925 360 83 48 latus

232 397 158 46 Graecorum
353 397 195 46 Latinorumque
511 397 97 46 more
572 397 158 46 scribunt;
694 397 109 46 sicut
767 397 61 46 &
791 397 97 46 Indi
852 397 122 46 quorum
925 397 85 46 Psal-

219 430 119 44 terium
302 430 83 44 pro
350 430 143 44 Chaldaeo
457 430 119 44 edidit
541 430 143 44 Iohannes
636 430 107 44 Potheni

256 460 133 45 INSTANT
352 460 133 45 rUrsus;
449 460 157 45 Responsum
569 460 96 45 esse
629 460 120 45 antea,
714 460 120 45 puncta
798 460 84 45 una
846 460 84 45 cum
883 460 120 45 literis.

233 489 73 44 Dee
274 489 114 44 tradita
357 489 93 44 esse:
420 489 62 44 at
451 489 83 44 huic
503 489 156 44 responsioni
627 489 104 44 opponi
700 489 83 44 esse
752 489 135 44 historiam
856 489 83 44 quae
897 489 104 44 testatus

230 523 92 49 Ezram
291 523 92 49 aliis
352 523 112 49 literis
434 523 82 49 quas
485 523 61 49 ex
515 523 122 49 Babyione
607 523 143 49 attulerat,
719 523 102 49 sacros
791 523 112 49 codices
862 523 153 49 descripsisse.

256 556 103 40 RESP.
324 556 80 40 Ita
370 556 138 40 nonnulli
474 556 149 40 sentiunt:
588 556 80 40 sed
634 556 126 40 prorsus
726 556 80 40 non
772 556 80 40 est
818 556 172 40 verisimile,
944 556 69 40 Ezra

225 586 161 45 Prophetam
349 586 137 45 sanctum
448 586 62 45 &
473 586 174 45 religiosum
610 586 112 45 Legis
684 586 199 45 observatorem
846 586 137 45 literas
932 586 75 45 Gen-

231 620 104 51 tiles
301 620 58 51 &
324 620 128 51 humanas
417 620 174 51 praetulisse
556 620 58 51 a
579 620 81 51 Deo
626 620 139 51 traditis
730 620 58 51 &
742 620 162 51 commendatis.

255 653 133 44 INSTANT
352 653 145 44 amplius:
461 653 121 44 Beblia
545 653 194 44 particularia
702 653 157 44 caruerunt
823 653 121 44 semper
896 653 121 44 punctis:

232 692 88 46 Ergo
287 692 77 46 non
331 692 122 46 fuerunt
420 692 111 46 initio
497 692 55 46 a
519 692 88 46 Mose
575 692 55 46 &
597 692 144 46 Prophetis
696 692 133 46 adscripta.

258 708 108 53 RESP.
330 708 168 53 Antecedens
461 708 84 53 est
509 708 191 53 particulare:
665 708 84 53 non
713 708 96 53 enim
773 708 108 53 omnia
844 708 120 53 Biblia
916 708 96 53 parti-

230 750 126 44 cularia
321 750 149 44 caruerunt
435 750 137 44 punctis,
538 750 91 44 etsi
595 750 137 44 plurima:
698 750 69 44 at
732 750 80 44 non
778 750 137 44 continuo
881 750 137 44 sequitur
972 750 46 44 ex

225 780 83 47 eo,
273 780 59 47 a
296 780 95 47 Mosc
355 780 59 47 &
379 780 154 47 Prophetis
498 780 83 47 non
545 780 118 47 fuisse
628 780 166 47 adscripta.
758 780 83 47 Nam
806 780 118 47 certum
889 780 83 47 est
924 780 95 47 publi-

231 817 67 41 ca
264 817 156 41 exemplaria
387 817 100 41 atque
454 817 156 41 authentica
577 817 78 41 non
621 817 134 41 caruisse
722 817 134 41 punctis.
822 817 67 41 Ut
856 817 123 41 privata
934 817 78 41 care-

236 846 82 49 rent
287 846 123 49 punctis,
380 846 93 49 fecit
441 846 72 49 rei
483 846 165 49 difiicultas:
616 846 62 49 ut
647 846 134 49 publicaus
750 846 72 49 non
791 846 134 49 carerent,
894 846 93 49 fecit
945 846 62 49 reli

228 886 109 53 gionis
293 886 142 53 necessitas.

268 905 70 53 Ad
303 905 174 53 testimonium
442 905 128 53 Rimchii
535 905 162 53 replicant,
663 905 93 53 ejus
721 905 116 53 nullam
802 905 104 53 posse
871 905 93 53 esse
918 905 104 53 autori-

230 944 112 50 tatem,
308 944 78 50 cum
353 944 67 50 si
386 944 56 50 n
409 944 90 50 ipse
465 944 134 50 contradi
565 944 78 50 at.
610 944 78 50 Nam
655 944 67 50 in
689 944 112 50 Niphal
767 944 123 50 scribit
856 944 123 50 Rimchi,
935 944 78 50 ordi-

235 977 124 45 natores
325 977 180 45 punctationis
472 977 135 45 posuisse
573 977 135 45 discrime
675 977 102 45 inter
742 977 113 45 primam
821 977 102 45 vocem
878 977 135 45 praeterit.

240 1010 121 48 Niphal
324 1010 60 48 &
349 1010 121 48 primam
433 1010 109 48 vocem
506 1010 169 48 participii
639 1010 169 48 singularem
771 1010 133 48 ejusdem
856 1010 157 48 conjugatio-

241 1042 85 48 nis,
294 1042 170 48 adscribentes
432 1042 148 48 praeterito
549 1042 117 48 Patach,
634 1042 148 48 participio
750 1042 127 48 Rament2.
845 1042 191 48 Hinccinquiunt,

239 1075 131 48 apparet,
338 1075 77 48 qua
381 1075 88 48 sibi
436 1075 98 48 parum
502 1075 131 48 constet,
600 1075 88 48 quod
655 1075 77 48 uno
699 1075 66 48 in
731 1075 88 48 loco
786 1075 109 48 puncta
863 1075 66 48 in
896 1075 98 48 Sinam
950 1075 66 48 dat:

248 1115 149 39 confirmet,
365 1115 64 39 in
397 1115 117 39 altero,
483 1115 75 39 cum
525 1115 64 39 ea
557 1115 128 39 pluribus
653 1115 181 39 ordinatoribus
802 1115 149 39 adscribat,
919 1115 64 39 id
940 1115 75 39 neget

271 1147 104 36 RESP
336 1147 196 36 Ordinatores
493 1147 169 36 punctorum
623 1147 91 36 non
675 1147 156 36 dicuntur
792 1147 65 36 a
818 1147 143 36 Rimchio
910 1147 117 36 autores

246 1182 154 40 punctorum:
367 1182 77 40 sed
411 1182 66 40 ii
444 1182 121 40 potius,
533 1182 77 40 qui
577 1182 110 40 puncta
654 1182 66 40 in
687 1182 143 40 diuturnis
797 1182 66 40 ac
831 1182 110 40 variis
897 1182 121 40 Judaeorum

248 1207 137 41 exsiliis
350 1207 68 41 ac
384 1207 193 41 jactationibus
543 1207 171 41 negligenter
680 1207 148 41 adscripta
794 1207 57 41 &
817 1207 148 41 observata
919 1207 91 41 emenda

241 1245 120 45 verunt
325 1245 60 45 &
349 1245 72 45 ad
385 1245 144 45 aeternam
493 1245 84 45 Dei
541 1245 72 45 in
577 1245 108 45 Sinai
650 1245 192 45 ordinationem
794 1245 180 45 revocaverunt.

264 1289 187 57 Hactenas
405 1289 156 57 primum
514 1289 218 57 argumentum
685 1289 218 57 refutatum:
857 1289 187 57 sequitur

416 1318 371 51 SECVNDVM

309 1356 118 45 Textus
392 1356 154 45 corruptus
510 1356 83 45 non
557 1356 83 45 est
593 1356 165 45 authenticus:

320 1400 143 36 Hebraicus
430 1400 110 36 textus
508 1400 77 36 est
541 1400 121 36 corruptus

319 1428 65 39 He
352 1428 119 39 braicus
438 1428 108 39 igitur
514 1428 108 39 textus
590 1428 76 39 non
633 1428 76 39 est
665 1428 141 39 authenticus

271 1445 132 53 Minorem
367 1445 132 53 probant
463 1445 84 53 cum
511 1445 192 53 testimoniis,
667 1445 84 53 tum
715 1445 156 53 exemplis.
835 1445 72 53 Ac
871 1445 120 53 primum
943 1445 72 53 pro-

242 1492 102 40 ducunt
313 1492 153 40 testimontum
435 1492 92 40 Eliae
496 1492 122 40 Levitae,
588 1492 71 40 qui
628 1492 112 40 secunda
710 1492 153 40 praefatione
832 1492 132 40 testatur,
934 1492 61 40 se
954 1492 61 40 ubi-

240 1523 104 45 cunque
312 1523 177 45 intellexisset
458 1523 94 45 Ubrum
521 1523 115 45 aliquem
604 1523 115 45 exstare
687 1523 146 45 correctum,
802 1523 94 45 illuc
864 1523 104 45 fuisse
927 1523 83 45 profe-

241 1559 95 35 ctum,
305 1559 53 35 &
326 1559 147 35 Hispanicos
441 1559 63 35 se
473 1559 137 35 invenisse
578 1559 95 35 aliis
631 1559 168 35 incorruptiores

272 1581 101 46 RESP.
339 1581 101 46 Elias
406 1581 78 46 hoc
451 1581 78 46 non
496 1581 123 46 scribit
585 1581 67 46 de
619 1581 134 46 Bibliis:
720 1581 78 46 sed
764 1581 67 46 de
798 1581 157 46 Massoreth.
921 1581 78 46 Non
955 1581 67 46 enim

245 1617 148 44 Bibliorum
358 1617 125 44 gratia,
450 1617 80 44 sed
495 1617 125 44 propter
586 1617 148 44 Massoreth
700 1617 159 44 correctum,
825 1617 68 44 se
860 1617 68 44 in
894 1617 102 44 varia
951 1617 68 44 loca

244 1659 149 41 profectum
358 1659 115 41 aperte
439 1659 149 41 testatur.
553 1659 69 41 In
588 1659 149 41 Massoreth
702 1659 126 41 igitur,
794 1659 161 41 Hispanorum
909 1659 103 41 Judaeo-

244 1686 77 43 rum
288 1686 165 43 diligentiam
420 1686 121 43 propter
508 1686 121 43 codices
596 1686 88 43 prae
652 1686 99 43 aliis
718 1686 143 43 correctos
828 1686 154 43 commendat:
938 1686 77 43 scri-

240 1721 106 34 barum
311 1721 118 34 quoque
394 1721 177 34 temeritatem
536 1721 142 34 accusat,
642 1721 83 34 qui
690 1721 154 34 excerptis
808 1721 154 34 quibusdam
926 1721 71 34 ex
950 1721 59 34 Mal

235 1752 117 36 soreth
317 1752 58 36 &
340 1752 70 36 in
375 1752 151 36 Bibliorum
492 1752 117 36 margin
573 1752 82 36 bus
620 1752 151 36 ornamenti
736 1752 105 36 causa
806 1752 140 36 positis,
911 1752 93 36 quia
958 1752 58 36 ar-

232 1782 82 38 tis
279 1782 153 38 Massoreth
397 1782 106 38 rudes
468 1782 59 38 &
491 1782 141 38 imperiti
598 1782 118 38 erani,
680 1782 130 38 errores
774 1782 118 38 multos
845 1782 165 38 commiserumt.

235 1812 91 39 Huic
292 1812 80 39 rei
337 1812 80 39 non
383 1812 114 39 parvam
463 1812 160 39 occasionem
588 1812 148 39 praebuit,
702 1812 91 39 quod
759 1812 80 39 ea,
805 1812 91 39 quae
862 1812 68 39 ex
885 1812 125 39 Massoret.

232 1845 72 42 in
268 1845 169 42 marginibus
401 1845 157 42 Bibliorum
521 1845 181 42 scribebant,
666 1845 157 42 aliquando
786 1845 145 42 picturae
882 1845 133 42 includere

244 1884 161 38 voluerunt.
371 1884 69 38 Hi
406 1884 150 38 pinxerunt
521 1884 115 38 rosam,
601 1884 92 38 alii
659 1884 138 38 ramulum,
762 1884 92 38 alii
820 1884 104 38 alias
889 1884 138 38 imagines
981 1884 46 38 in

234 1910 92 47 quib
292 1910 150 47 Massoreth
408 1910 162 47 criberent,
535 1910 58 47 &
558 1910 81 47 sic
604 1910 139 47 quaedam,
708 1910 69 47 ut
743 1910 139 47 picturam
847 1910 162 47 implerent,
962 1910 58 47 in-

230 1949 128 37 terdum
320 1949 192 37 addiderunt:
473 1949 141 37 quaedam
576 1949 115 37 vero,
653 1949 90 37 cum
704 1949 128 37 omnium
794 1949 141 37 pictura
896 1949 115 37 capax
960 1949 64 37 non

239 1974 108 42 esset,
315 1974 129 42 interdum
412 1974 151 42 omiserunt.
530 1974 75 42 Jam
573 1974 86 42 quae
627 1974 75 42 est
670 1974 151 42 imperitia,
789 1974 86 42 quae
842 1974 97 42 Elias
907 1974 65 42 de
929 1974 75 42 Masso

230 2011 90 35 reth
286 2011 136 35 scribit,
388 2011 68 35 ea
422 2011 68 35 de
456 2011 102 35 textu
523 2011 147 35 Bibliorum
636 2011 147 35 accipere?
749 2011 113 35 Cualis
828 2011 113 35 quaeso
907 2011 90 35 haec
953 2011 56 35 est

230 2040 213 41 consequentia?
406 2040 163 41 Massoreth
531 2040 163 41 corruptum
657 2040 100 41 est:
720 2040 100 41 ergo
782 2040 125 41 &iblia
870 2040 100 41 sunt
920 2040 88 41 corru

225 2081 95 37 pta?
285 2081 95 37 Item
344 2081 203 37 Concordantiae
511 2081 155 37 Bibliorum
630 2081 72 37 in
666 2081 131 37 margine
762 2081 167 37 annotatae,
893 2081 95 37 sunt
940 2081 72 37 cor-

225 2106 129 37 ruptae:
319 2106 94 37 Ergo
378 2106 59 37 &
401 2106 117 37 textus
484 2106 153 37 Bibliorum
601 2106 82 37 est
648 2106 164 37 corruptus?
777 2106 94 37 Quin
836 2106 82 37 imo
883 2106 106 37 inter
941 2106 59 37 mi-

229 2140 74 36 de
266 2140 159 36 Bibliorum
388 2140 172 36 exemplaria
523 2140 86 36 vix
572 2140 98 36 unum
633 2140 159 36 reperies,
756 2140 98 36 quod
817 2140 159 36 Massoreth
927 2140 86 36 adje-

231 2172 92 42 ctum
289 2172 127 42 habeat,

265 2202 130 37 INSTANT
360 2202 59 37 &
383 2202 153 37 praeterea
501 2202 153 37 proferunt
619 2202 177 37 testimonium
761 2202 142 37 Brunonis
856 2202 153 37 Amerbachii,

231 2236 114 35 hominis
314 2236 93 35 trium
376 2236 135 35 linguarum
480 2236 114 35 peritia
563 2236 135 35 celebris,
666 2236 73 35 qui
708 2236 62 35 in
739 2236 156 35 praefatione
863 2236 62 35 in
884 2236 135 35 Psalterium,

239 2268 141 39 Hieronymi
348 2268 141 39 affirmet,
456 2268 109 39 vetera
532 2268 141 39 Psalterii
641 2268 141 39 exeplaria
749 2268 163 39 manuscripta
880 2268 54 39 a
891 2268 119 39 Psalteris

239 2299 129 34 Venetiis
336 2299 129 34 impresso
433 2299 108 34 multis
509 2299 65 34 in
541 2299 97 34 locis
606 2299 119 34 variare
692 2299 65 34 ac
725 2299 162 34 dissentire.
854 2299 97 34 Quid?
919 2299 119 34 (inquit

237 2333 110 34 Bruno
310 2333 196 34 Amerbachius)
470 2333 98 34 quod
531 2333 160 34 Hebraicam
654 2333 160 34 veritatem
777 2333 86 34 (ut
826 2333 135 34 vocant)
924 2333 74 34 in
949 2333 61 34 lu-

243 2362 115 42 daeorum
326 2362 104 42 nostri
399 2362 135 42 temporis,
503 2362 73 42 sic
545 2362 156 42 suspicamur,
669 2362 115 42 gratiam
753 2362 83 42 (nam
805 2362 115 42 illorum
888 2362 146 42 expositio¬

229 2397 145 37 tionibus
338 2397 73 37 ad
374 2397 109 37 modum
447 2397 121 37 favet)
532 2397 145 37 nonnihil
641 2397 157 37 immutatam
762 2397 170 37 comperimus
895 2397 73 37 ab
919 2397 97 37 aliquo

232 2429 141 37 Hebraice
338 2429 117 37 docto?
420 2429 141 37 Siquidem
526 2429 153 37 exemplari
643 2429 117 37 Veneto
725 2429 82 37 cum
772 2429 200 37 vetustissimis
925 2429 82 37 Hiero

240 2468 84 39 nymi
292 2468 136 39 codicibus
397 2468 105 39 muliis
470 2468 94 39 locis
533 2468 73 39 non
575 2468 168 39 convoniebat.

257 2487 114 44 RESP.
334 2487 114 44 Bruno
410 2487 191 44 Amerbathius
562 2487 152 44 loquitur
677 2487 76 44 de
715 2487 165 44 Hieronymi
829 2487 178 44 translatione

227 2527 103 34 quam
291 2527 116 34 vulgo
369 2527 167 34 Hebraicam
497 2527 167 34 veritatem
626 2527 142 34 vocant,
729 2527 64 34 &
755 2527 167 34 nequaquam
883 2527 77 34 de
909 2527 103 34 textu-

225 2560 163 38 Hebraico.
351 2560 125 38 Deind.
439 2560 138 38 Veterem
539 2560 213 38 translationem
714 2560 113 38 certo
789 2560 125 38 autore
877 2560 125 38 carere
965 2560 63 38 &
977 2560 38 38 a

230 2589 151 41 nebulone
343 2589 125 41 quodam
431 2589 163 41 corruptam
557 2589 100 41 esse
619 2589 151 41 scribit.
732 2589 88 41 Sed
783 2589 113 41 verba
858 2589 125 41 ipsius
933 2589 88 41 Amer-

231 2622 106 46 bchii
302 2622 118 46 placet
373 2622 94 46 audire

213 2661 241 45 ERPNO
374 2661 401 45 AMERBACHIVS
668 2661 347 45 BASILIENSIS

445 2701 292 39 PIOLEGTORI
675 2701 125 39 S.
717 2701 84 39 D.

255 2733 92 48 Dici
313 2733 81 48 non
359 2733 115 48 potest
440 2733 92 48 quam
497 2733 161 48 gratulemur
624 2733 81 48 rem
670 2733 127 48 Latinam
762 2733 69 48 ab
797 2733 138 48 interitu
900 2733 92 48 pene
946 2733 58 48 sui

226 2777 126 35 periori
317 2777 115 35 seculo
398 2777 149 35 revocatam
513 2777 149 35 Lautentii
628 2777 103 35 Valla
696 2777 115 35 primum
777 2777 115 35 opera,
857 2777 115 35 deinde
926 2777 92 35 proxi-

227 2805 88 45 mis
278 2805 113 45 annis
353 2805 113 45 mirum
429 2805 76 45 in
467 2805 113 45 modum
542 2805 126 45 studio
631 2805 164 45 Politiani
756 2805 189 45 Hermolaique
895 2805 126 45 Barbaris

237 2835 197 38 collustratam.
400 2835 81 38 Sed
446 2835 81 38 est
492 2835 81 38 cur
539 2835 81 38 non
585 2835 104 38 minus
654 2835 151 38 aggaudere
770 2835 151 38 debeamus,
886 2835 104 38 nempe
956 2835 93 38 quod

235 2866 75 41 hoc
278 2866 118 41 tempore
364 2866 107 41 veteri
439 2866 161 41 probataeque
568 2866 150 41 Theologiae
685 2866 118 41 purimum
771 2866 96 41 lucis
836 2866 150 41 accessurum
943 2866 64 41 spo-

237 2900 107 38 ramus
308 2900 71 38 ex
344 2900 83 38 hac
391 2900 213 38 castigatissima
569 2900 225 38 Hieronym:anorum
758 2900 118 38 operum
841 2900 154 38 editione:
948 2900 71 38 quam

238 2930 65 36 in
271 2930 109 36 primis
347 2930 120 36 Erasmo,
434 2930 130 36 nonnihil
532 2930 98 36 etiam
597 2930 98 36 nobis
662 2930 130 36 studiosi
760 2930 98 36 ferre
825 2930 109 36 debent
890 2930 120 36 acceptam,

241 2964 160 33 Emerserunt
366 2964 68 33 ab
400 2964 91 33 hinc
457 2964 137 33 pauculos
560 2964 103 33 annos
628 2964 125 33 literae
720 2964 125 33 Graecae
811 2964 57 33 &
834 2964 91 33 nunc
891 2964 91 33 quod
936 2964 80 33 animo

238 2993 138 41 gestienti
345 2993 138 41 referimus
451 2993 74 41 cum
494 2993 64 41 in
526 2993 117 41 Galliis
611 2993 74 41 tum
653 2993 64 41 in
685 2993 138 41 Germaniis
792 2993 128 41 permulti
877 2993 138 41 felicissime

244 3030 160 35 Graecantur:
372 3030 85 35 quod
425 3030 85 35 haud
478 3030 74 35 ita
521 3030 85 35 diu,
574 3030 74 35 vel
617 3030 64 35 in
648 3030 85 35 ipsa
702 3030 106 35 Italia
776 3030 96 35 rarum
840 3030 96 35 erat.
904 3030 74 35 Sed
946 3030 53 35 &
957 3030 53 35 He-

242 3056 100 37 braica
312 3056 90 37 illae
372 3056 179 37 sacratissimae,
521 3056 100 37 quibus
591 3056 80 37 bona
640 3056 80 37 pars
690 3056 110 37 arcanae
770 3056 129 37 scientia,
870 3056 70 37 hoc
909 3056 80 37 est,
949 3056 60 37 Pro-

238 3093 154 33 pheticorum
359 3093 165 33 mysteriorum
492 3093 99 33 nobis
558 3093 121 33 tradita
646 3093 77 33 est
690 3093 110 33 doceri
767 3093 143 33 ceperunt:
878 3093 77 33 Sed
922 3093 88 33 quas
966 3093 55 33 non

234 3129 127 41 perinde
327 3129 104 41 multe
397 3129 208 41 complectantur:
570 3129 127 41 nimirum
663 3129 93 41 quod
721 3129 162 41 exemplaria
848 3129 81 41 non
895 3129 93 41 sint
941 3129 81 41 ebvia

1041 147 109 54 typis
1113 147 157 54 Hebraicis
1234 147 133 54 excusa.
1331 147 169 54 Quapropter
1464 147 109 54 inrem
1537 147 181 54 studiosorum
1682 147 109 54 huius
1742 147 121 54 lingit?,

1057 196 104 34 simul
1127 196 92 34 quod
1184 196 69 34 D.
1219 196 161 34 Hieronymus
1346 196 81 34 dum
1392 196 127 34 Psalmos
1484 196 138 34 exponit,
1588 196 81 34 aut
1634 196 127 34 illorum
1726 196 115 34 utitur
1795 196 58 34 ter

1063 228 138 40 stimonio
1166 228 150 40 lectionem
1281 228 150 40 Hebraicam
1396 228 58 40 &
1419 228 138 40 Graecam,
1523 228 92 40 quae
1580 228 81 40 est
1626 228 173 40 interpretum
1753 228 104 40 septua-

1058 267 107 35 ginta,
1133 267 193 35 frequentissime
1294 267 107 35 citat:
1369 267 75 35 nos
1411 267 86 35 huic
1465 267 107 35 octavo
1540 267 86 35 tomo
1593 267 150 35 corollarii
1711 267 86 35 vice
1754 267 96 35 quadris

1056 298 98 35 plex
1117 298 172 35 Psalterium
1252 298 159 35 adiecimus
1374 298 159 35 videlicet
1497 298 159 35 Hebraicum
1619 298 61 35 &
1644 298 98 35 huic
1705 298 159 35 oppositam
1815 298 37 35 D

1051 324 158 42 Hieronymi
1172 324 158 42 versionem
1293 324 97 42 quam
1354 324 109 42 vulto
1427 324 145 42 Hebraeam
1536 324 170 42 veritatuem
1669 324 170 42 appellant:
1790 324 85 42 Grae-

1063 356 77 43 eam
1107 356 99 43 item,
1173 356 77 43 cui
1217 356 143 43 respondet
1326 356 55 43 e
1348 356 121 43 regione
1436 356 165 43 translatio,
1568 356 88 43 quae
1623 356 110 43 passim
1699 356 121 43 legitur
1776 356 99 43 αδηλος,

1058 390 77 38 hoc
1102 390 88 38 est,
1157 390 111 38 autore
1235 390 122 38 incerto
1323 390 155 38 nonnunquam
1445 390 77 38 (ut
1489 390 99 38 dicam
1555 390 66 38 id
1589 390 88 38 quod
1644 390 77 38 res
1688 390 88 38 est)
1743 390 77 38 δές
1788 390 77 38 δια
1821 390 55 38 πα-

1073 432 84 34 τοον
1126 432 63 34 ab
1158 432 137 34 exemplari
1264 432 106 34 Graeco
1337 432 148 34 dissidens:
1454 432 95 34 cuius
1517 432 74 34 rei
1559 432 95 34 culpa
1623 432 63 34 an
1654 432 63 34 in
1686 432 158 34 interpretis
1802 432 74 34 usci:

1060 456 140 40 tantiam,
1165 456 70 40 an
1200 456 70 40 in
1235 456 175 40 librariorum
1375 456 151 40 incuriam,
1491 456 82 40 aut
1538 456 93 40 quod
1596 456 186 40 verisimilius
1748 456 82 40 sit
1783 456 93 40 alicu-

1057 489 79 37 ius
1102 489 146 37 nebulonis
1214 489 123 37 audacem
1304 489 157 37 imperitiam
1427 489 112 37 reiici
1506 489 112 37 debeat
1584 489 90 37 nolo
1640 489 135 37 excutere
1741 489 67 37 in
1764 489 112 37 praesen-

1065 525 93 37 tia.
1124 525 105 37 Quid,
1194 525 93 37 quod
1252 525 152 37 Hebraicam
1369 525 152 37 veritatem
1485 525 82 37 (ut
1532 525 128 37 vocant)
1625 525 70 37 in
1660 525 152 37 Iudaeorum
1765 525 105 37 nostri-

1053 552 155 42 temporis,
1172 552 84 42 sic
1220 552 167 42 suspicamur
1352 552 143 42 gratiam,
1459 552 84 42 nam
1507 552 131 42 illorum
1602 552 96 42 expi
1662 552 167 42 sitionibus
1781 552 84 42 admo-

1052 594 91 38 dum
1104 594 131 38 favet,
1196 594 91 38 non
1248 594 118 38 nihil
1326 594 170 38 immutatam
1457 594 196 38 comperimus,
1614 594 78 38 ab
1653 594 131 38 aliquo
1731 594 131 38 Hebraica

1060 619 116 40 docto,
1142 619 139 40 siquidem
1246 619 151 40 exemplari
1362 619 116 40 Veneto
1444 619 81 40 cum
1490 619 198 40 vetustissimis
1653 619 151 40 Hieronymi
1757 619 105 40 codici.

1061 654 90 33 bus,
1117 654 112 33 multis
1195 654 101 33 locis
1262 654 78 33 non
1307 654 179 33 conveniebat.
1453 654 67 33 At
1486 654 90 33 enim
1542 654 78 33 nos
1587 654 78 33 pro
1632 654 112 33 virili
1710 654 67 33 in
1744 654 78 33 hoc
1778 654 78 33 incu-

1052 685 142 42 buimus,
1156 685 78 42 ut
1195 685 194 42 quemadmodum
1350 685 142 42 caetera
1454 685 130 42 nostra
1544 685 91 42 sic
1596 685 91 42 hac
1648 685 78 42 in
1687 685 117 42 manus
1751 685 117 42 hominum

1052 722 103 48 quam
1117 722 219 48 emendatissima
1284 722 142 48 venirent.

1083 746 100 50 Ista
1145 746 162 50 producunt
1270 746 187 50 testimonia:
1419 746 150 50 deinceps
1532 746 137 50 aliquot
1631 746 162 50 proferunt
1744 746 112 50 exempla

1067 793 148 33 locorum
1174 793 215 33 corruptorum.
1349 793 81 33 Ac
1390 793 121 33 primo
1471 793 135 33 quidem
1565 793 175 33 Hebraicum
1699 793 135 33 textum
1780 793 81 33 cor-

1062 818 113 41 ruptum
1141 818 90 41 esse
1197 818 90 41 hinc
1253 818 113 41 facise
1332 818 124 41 colligi
1422 818 101 41 posse
1490 818 113 41 aiunt,
1569 818 90 41 quod
1625 818 192 41 translationes
1772 818 90 41 multa.

1064 849 138 42 hubeant,
1167 849 92 42 quae
1224 849 115 42 textui
1305 849 138 42 Hebraico
1397 849 80 42 desum

1085 884 118 41 RESP.
1163 884 118 41 Primo
1242 884 183 41 contrarium
1386 884 131 41 potius
1477 884 144 41 inferri
1582 884 131 41 debet:
1661 884 209 41 Translationes.

1056 916 110 40 multa
1129 916 134 40 habent,
1226 916 97 40 quae
1287 916 122 40 textui
1372 916 146 40 Hebraico
1482 916 134 40 desunt:
1579 916 97 40 Ergo
1640 916 207 40 translationes
1798 916 61 40 sum

1060 951 191 50 corruptae.
1210 951 136 50 Deinde
1306 951 177 50 probandum
1442 951 109 50 est,
1510 951 123 50 multa
1592 951 163 50 Hebraico
1714 951 136 50 textui
1796 951 68 50 de

1056 981 56 38 esse.

1083 1012 134 46 Probare
1180 1012 73 46 id
1217 1012 146 46 conantur
1327 1012 122 46 Psalmo
1412 1012 85 46 13.
1461 1012 85 46 ubi
1510 1012 73 46 in
1547 1012 122 46 veteri
1632 1012 195 46 translatione
1779 1012 85 46 habe

1052 1045 57 44 tur.

1085 1076 158 45 Sepulchrum
1209 1076 113 45 patens
1288 1076 79 45 est
1333 1076 113 45 guttur
1413 1076 113 45 eorum,
1492 1076 124 45 linguis
1582 1076 90 45 suis
1639 1076 113 45 dolose
1718 1076 136 45 agebant,
1808 1076 57 45 Ve-

1055 1115 114 35 nenum
1131 1115 139 35 aspidum
1232 1115 88 35 sub
1283 1115 126 35 labiis
1371 1115 126 35 eorum:
1460 1115 126 35 Quorum
1548 1115 76 35 os
1586 1115 202 35 maledictione
1750 1115 63 35 &
1763 1115 101 35 amari-

1070 1148 112 34 tudine
1148 1148 112 34 plenum
1226 1148 90 34 est:
1282 1148 123 34 veloces
1372 1148 101 34 pedes
1439 1148 101 34 eorum
1506 1148 67 34 ad
1540 1148 168 34 effundendum
1674 1148 157 34 sanguinem.
1786 1148 67 34 Con-

1063 1181 115 40 tritio
1143 1181 57 40 &
1166 1181 172 40 infelicitas
1304 1181 69 40 in
1338 1181 92 40 viis
1396 1181 103 40 eorum
1465 1181 57 40 &
1487 1181 92 40 viam
1545 1181 103 40 pacis
1614 1181 80 40 non
1660 1181 184 40 cognoverunt.
1798 1181 57 40 Non

1064 1212 77 30 est
1108 1212 99 30 timor
1174 1212 77 30 Dei
1218 1212 88 30 ante
1273 1212 110 30 oculos
1339 1212 88 30 eorum.

1108 1237 62 44 i
1132 1237 125 44 versus
1220 1237 87 44 cum
1270 1237 75 44 in
1307 1237 150 44 Hebraeis
1419 1237 162 44 codicibus
1544 1237 87 44 non
1594 1237 175 44 habeantur,
1731 1237 62 44 &
1756 1237 112 44 tamen
1819 1237 37 44 a

1070 1279 115 43 Paulo
1147 1279 141 43 tanquam
1250 1279 103 43 pars
1314 1279 115 43 Psal.
1391 1279 90 43 13.
1442 1279 167 43 citentur;
1570 1279 128 43 magnum
1660 1279 90 43 est
1698 1279 167 43 argumentum,

1072 1306 139 45 Hebraica
1177 1306 116 45 Biblia
1258 1306 93 45 esse
1305 1306 116 45 corrupta

1097 1333 120 43 RESP.
1176 1333 159 43 Adversus
1296 1333 93 43 hoc
1349 1333 133 43 abunde
1442 1333 146 43 omnibus
1548 1333 106 43 piis
1615 1333 186 43 Hieronymus
1761 1333 93 43 pro
1801 1333 66 43 no-

1061 1369 79 50 bis
1106 1369 182 50 satisfaciet:
1254 1369 102 50 cujus
1322 1369 102 50 verba
1390 1369 68 50 in
1424 1369 113 50 decimo
1503 1369 102 50 sexto
1571 1369 102 50 libro
1639 1369 68 50 in
1673 1369 125 50 Jesaiam
1753 1369 102 50 Prophe-

1070 1404 79 39 tam
1115 1404 79 39 sic
1160 1404 113 39 habent

1073 1435 107 49 Egregia
1151 1435 155 49 disertissimi
1277 1435 116 49 Oratoris
1364 1435 126 49 sententia
1461 1435 78 49 est,
1509 1435 107 49 felices
1587 1435 78 49 esse
1635 1435 87 49 artes
1694 1435 58 49 si
1723 1435 58 49 de
1752 1435 87 49 illis
1810 1435 78 49 soli

1066 1477 155 30 artifices
1185 1477 179 30 iudicarent.
1328 1477 71 30 Ac
1364 1477 71 30 ne
1400 1477 60 30 a
1423 1477 155 30 prophanis
1542 1477 119 30 tantum
1626 1477 119 30 sumere
1709 1477 119 30 videar
1781 1477 71 30 exem

1081 1502 95 38 lum:
1140 1502 130 38 nimirum
1235 1502 83 38 hoc
1283 1502 107 38 illud
1354 1502 83 38 est
1401 1502 95 38 quod
1461 1502 107 38 aliis
1532 1502 119 38 verbis
1615 1502 142 38 Propheta
1710 1502 154 38 demonstrat:

1066 1537 120 36 Beatus,
1154 1537 77 36 qui
1197 1537 66 36 in
1230 1537 98 36 aures
1296 1537 131 36 loquitur
1394 1537 164 36 audientium.
1525 1537 77 36 Qua
1569 1537 153 36 felicitate
1689 1537 66 36 tu
1722 1537 98 36 filia
1777 1537 87 36 Eusto-

1066 1569 101 37 chium
1133 1569 67 37 me
1167 1569 135 37 compotem
1268 1569 90 37 esse
1324 1569 135 37 fecisti.
1426 1569 79 37 Nam
1471 1569 79 37 cum
1515 1569 157 37 anterioris
1639 1569 101 37 libri
1695 1569 169 37 praefatiuncu-

1065 1599 83 36 lam
1112 1599 141 36 legeres:
1218 1599 71 36 in
1254 1599 83 36 qua
1301 1599 130 36 asserui
1395 1599 153 36 Apostolos
1513 1599 59 36 &
1537 1599 200 36 Evangelistas,
1702 1599 71 36 ea
1737 1599 118 36 tantum
1808 1599 47 36 de

1070 1630 162 44 septuaginta
1200 1630 195 44 interpretibus,
1362 1630 76 44 vel
1406 1630 87 44 suis
1460 1630 76 44 vel
1503 1630 97 44 eorum
1568 1630 119 44 verbis,
1654 1630 108 44 ponere
1719 1630 130 44 testimonia

1069 1670 90 37 quae
1125 1670 78 37 cum
1170 1670 134 37 Hebraico
1270 1670 179 37 consonarent:
1416 1670 67 37 si
1450 1670 78 37 qua
1494 1670 101 37 autem
1562 1670 67 37 ab
1595 1670 101 37 aliis
1662 1670 112 37 addita
1741 1670 90 37 sunt
1786 1670 78 37 omni-

1062 1700 66 41 no
1095 1700 153 41 negligere:
1215 1700 110 41 illico
1292 1700 88 41 mihi
1347 1700 77 41 non
1391 1700 110 41 parvam
1468 1700 197 41 quaestiunculam
1632 1700 153 41 detulisti:
1752 1700 88 41 quod
1796 1700 66 41 sci-

1063 1729 100 37 licet
1130 1729 89 37 octo
1185 1729 111 37 versus
1263 1729 78 37 qui
1308 1729 134 37 leguntur
1408 1729 67 37 in
1441 1729 145 37 Ecclesiis
1553 1729 56 37 &
1575 1729 78 37 non
1619 1729 134 37 habentur
1719 1729 67 37 in
1742 1729 111 37 Hebraic.

1067 1764 78 36 13.
1112 1764 112 36 Psalmi
1190 1764 146 36 Apostolus
1302 1764 157 36 usurparit,
1425 1764 134 36 scribens
1526 1764 67 36 ad
1560 1764 134 36 Romanos:
1660 1764 157 36 Sepulchrum
1772 1764 90 36 patens

1064 1800 74 37 est
1107 1800 106 37 guttur
1181 1800 106 37 eorum.
1256 1800 117 37 linguis
1341 1800 85 37 suis
1394 1800 106 37 dolose
1469 1800 128 37 agebant:
1564 1800 117 37 Venenum
1649 1800 117 37 aspidum
1734 1800 74 37 sub
1766 1800 96 37 labiis.

1053 1834 120 31 eorum:
1137 1834 120 31 Quorum
1221 1834 72 31 os
1257 1834 192 31 maledictione
1412 1834 60 31 &
1436 1834 180 31 amaritudine
1580 1834 120 31 plenum
1664 1834 96 31 est:
1723 1834 132 31 veloces
1807 1834 60 31 pe-

1053 1861 83 40 des
1101 1861 107 40 eorum
1172 1861 71 40 ad
1208 1861 178 40 effundendum
1350 1861 166 40 sanguinem.
1481 1861 154 40 Contritio
1600 1861 59 40 &
1623 1861 178 40 infelicitas
1766 1861 71 40 in
1790 1861 71 40 viis

1053 1893 120 43 gorum,
1137 1893 60 43 &
1161 1893 96 43 viam
1222 1893 108 43 pacis
1294 1893 84 43 non
1342 1893 193 43 cognoverunt:
1499 1893 84 43 non
1547 1893 84 43 est
1595 1893 108 43 timor
1667 1893 84 43 Dei
1715 1893 96 43 ante
1764 1893 96 43 oculos

1054 1924 109 35 eorum.
1130 1924 87 35 Quod
1184 1924 76 35 cum
1228 1924 141 35 audissem,
1337 1924 98 35 quasi
1402 1924 54 35 a
1423 1924 152 35 fortissimo
1543 1924 109 35 pugili
1619 1924 141 35 percussus
1728 1924 109 35 essem,
1793 1924 65 35 coe-

1060 1959 66 36 pi
1093 1959 121 36 tacitus
1181 1959 143 36 aestuare,
1290 1959 55 36 &
1312 1959 132 36 stuporem
1411 1959 121 36 mentis,
1499 1959 110 36 vultus
1576 1959 121 36 pallore
1664 1959 132 36 signare.
1751 1959 110 36 Hebraeus

1054 1994 114 32 inquam
1133 1994 68 32 ex
1167 1994 136 32 Hebraeis
1270 1994 136 32 secundum
1372 1994 102 32 legem
1440 1994 171 32 Pharisaeus,
1577 1994 171 32 eruditusque
1713 1994 68 32 ad
1747 1994 102 32 pedes
1804 1994 57 32 Ga-

1058 2026 136 35 malielis,
1162 2026 73 35 aut
1204 2026 136 35 ignoravit
1309 2026 94 35 haec,
1372 2026 73 35 aut
1414 2026 105 35 eorum,
1488 2026 73 35 qui
1530 2026 115 35 lecturi
1614 2026 94 35 erant
1677 2026 105 35 abusus
1750 2026 73 35 est
1782 2026 73 35 igno-

1062 2060 129 31 rantia.
1156 2060 117 31 Quorum
1238 2060 129 31 alterum
1331 2060 164 31 ineruditi,
1460 2060 82 31 alt
1507 2060 94 31 erum
1565 2060 129 31 callidi
1659 2060 82 31 est
1706 2060 70 31 ad
1729 2060 129 31 malitiam?

1061 2089 74 35 nec
1104 2089 85 35 eius
1157 2089 74 35 qui
1199 2089 127 35 dixerit:
1295 2089 64 35 Et
1327 2089 64 35 si
1359 2089 138 35 imperitus
1465 2089 127 35 sermone,
1561 2089 74 35 non
1603 2089 96 35 tamen
1667 2089 138 35 scientia.
1773 2089 64 35 Et
1794 2089 64 35 ite-

1056 2121 96 34 rum,
1116 2121 72 34 In
1152 2121 193 34 simplicitate
1309 2121 60 34 &
1333 2121 181 34 synceritate
1478 2121 169 34 annunciavi
1611 2121 109 34 vobis
1683 2121 133 34 verbum.
1768 2121 96 34 Tandem

1057 2151 67 37 in
1090 2151 100 37 memet
1157 2151 134 37 reversus
1257 2151 100 37 unius
1324 2151 89 37 diei
1380 2151 123 37 spacium
1469 2151 156 37 postulavi,
1592 2151 67 37 ut
1625 2151 145 37 responsio
1736 2151 78 37 mea
1770 2151 89 37 nequa-

1064 2187 81 41 quam
1115 2187 142 41 argumentum
1226 2187 101 41 humani
1297 2187 91 41 esset
1358 2187 122 41 ingenit,
1449 2187 71 41 sed
1490 2187 112 41 fructus
1571 2187 122 41 assiduae
1662 2187 142 41 lectionis.
1774 2187 101 41 Itaque

1062 2225 105 34 omnem
1132 2225 163 34 scripturam
1261 2225 105 34 mente
1331 2225 175 34 perlustrans
1471 2225 187 34 animadverti,
1623 2225 105 34 sicut
1693 2225 105 34 omnis
1763 2225 93 34 tene
1809 2225 47 34 ad

1054 2252 125 38 Romanos
1144 2252 136 38 epistola
1246 2252 68 38 de
1280 2252 113 38 vetere
1360 2252 125 38 structa
1450 2252 79 38 est
1496 2252 181 38 instrumento:
1643 2252 79 38 Sic
1688 2252 57 38 &
1711 2252 79 38 hoc
1745 2252 102 38 testimo

1053 2283 96 36 nium
1113 2283 72 36 de
1149 2283 132 36 Psalmis
1245 2283 60 36 &
1268 2283 120 36 Iesaia
1352 2283 96 36 esse
1412 2283 168 36 contextum.
1544 2283 84 36 Nam
1592 2283 84 36 duo
1640 2283 108 36 primi
1711 2283 132 36 versus;
1795 2283 60 36 Se-

1058 2316 128 37 pulchrum
1154 2316 107 37 patens
1229 2316 75 37 est
1272 2316 107 37 guttur
1347 2316 107 37 eorum:
1422 2316 107 37 lnguis
1496 2316 85 37 suis
1550 2316 107 37 dolose
1625 2316 128 37 agebant,
1721 2316 107 37 quinti
1785 2316 64 37 Psal

1065 2349 68 44 ni
1099 2349 102 44 sunt.
1167 2349 102 44 Illud
1235 2349 102 44 autem
1304 2349 91 44 quod
1361 2349 148 44 sequitur:
1474 2349 125 44 Venenum
1565 2349 125 44 aspidum
1657 2349 148 44 sublabiis
1759 2349 91 44 eorum;

1058 2378 145 36 centesimi
1170 2378 145 36 tricesimi
1282 2378 89 36 noni
1337 2378 112 36 Psalmi
1416 2378 89 36 est.
1472 2378 145 36 Rursumque
1584 2378 89 36 quod
1639 2378 134 36 dicitur;
1740 2378 112 36 Quorum
1807 2378 45 36 os

1050 2413 191 42 maledictione
1205 2413 60 42 &
1229 2413 179 42 amaritudine
1372 2413 119 42 plenum
1456 2413 96 42 est:
1516 2413 72 42 de
1552 2413 96 42 nono
1611 2413 119 42 Psalmo
1695 2413 131 42 sumptum
1778 2413 72 42 est,

1057 2445 90 46 Tres
1113 2445 102 46 autem
1181 2445 147 46 versiculi
1294 2445 79 46 qui
1339 2445 158 46 sequuntur:
1464 2445 124 46 veloces
1554 2445 102 46 pedes
1622 2445 102 46 eorum
1690 2445 68 46 ad
1712 2445 147 46 effundendum

1061 2478 157 43 sanguinem.
1184 2478 146 43 Contritio
1297 2478 56 43 &
1319 2478 169 43 infelicitas
1454 2478 67 43 in
1488 2478 90 43 viis
1544 2478 112 43 eorum:
1623 2478 56 43 &
1645 2478 90 43 viam
1702 2478 90 43 pacu
1758 2478 79 43 non
1792 2478 67 43 cog-

1064 2512 144 38 noverunt,
1175 2512 67 38 In
1208 2512 100 38 Esaia
1275 2512 133 38 Propheta
1375 2512 111 38 reperi
1453 2512 89 38 quos
1508 2512 67 38 in
1542 2512 111 38 decimo
1620 2512 100 38 sexto
1675 2512 178 38 explanationis,

1055 2546 91 34 cius
1111 2546 102 34 libro
1180 2546 91 34 quem
1237 2546 91 34 nunc
1293 2546 125 34 dictare
1384 2546 102 34 cupio
1453 2546 171 34 expositurus
1589 2546 91 34 sum.
1646 2546 125 34 Ultimus
1737 2546 102 34 autem
1794 2546 68 34 ver-

1062 2575 81 47 sus,
1112 2575 61 47 id
1143 2575 81 47 est,
1193 2575 121 47 octavus;
1284 2575 71 47 Non
1325 2575 71 47 est
1365 2575 91 47 timor
1426 2575 71 47 Dei
1466 2575 81 47 ante
1517 2575 101 47 oculos
1587 2575 101 47 eorum,
1658 2575 61 47 in
1688 2575 131 47 tricesimi
1779 2575 71 47 quint

1058 2611 109 34 Psalm:
1134 2611 142 34 principio
1243 2611 87 34 est.
1298 2611 76 34 Nec
1341 2611 65 34 in
1374 2611 76 34 hoc
1417 2611 120 34 cuiquam
1505 2611 131 34 videatur
1603 2611 87 34 esse
1657 2611 142 34 diversum,
1766 2611 65 34 si
1788 2611 65 34 quod

1061 2642 60 44 in
1091 2642 90 44 locis
1151 2642 80 44 suis
1202 2642 101 44 numero
1272 2642 111 44 dicitur
1352 2642 141 44 singulari,
1463 2642 60 44 ab
1493 2642 121 44 Apostolo
1584 2642 111 44 plurali
1664 2642 121 44 dicatur,
1754 2642 70 44 qui
1785 2642 70 44 scri-

1056 2672 108 39 bebat
1128 2672 72 39 ad
1164 2672 144 39 plurimos
1271 2672 60 39 &
1295 2672 72 39 in
1331 2672 96 39 unum
1391 2672 120 39 sensum
1475 2672 108 39 multa
1547 2672 132 39 cogebat
1643 2672 144 39 exempla.
1738 2672 120 39 Arbitros

1065 2702 129 36 solutam
1159 2702 176 36 quaestionem
1299 2702 94 36 tuam
1358 2702 59 36 &
1381 2702 129 36 nostram
1475 2702 129 36 regulam
1568 2702 105 36 super
1639 2702 187 36 translatione
1779 2702 82 36 vete-

1056 2737 81 34 ris
1103 2737 174 34 instrumenti
1242 2737 151 34 concussam
1358 2737 105 34 magis
1428 2737 105 34 esse,
1498 2737 93 34 quam
1556 2737 116 34 motam.
1637 2737 70 34 Et
1672 2737 81 34 non
1719 2737 81 34 tam
1753 2737 105 34 Aposto-

1053 2767 78 50 lum
1098 2767 67 50 de
1131 2767 101 50 Psal.
1198 2767 78 50 13.
1243 2767 134 50 sumsisse
1344 2767 90 50 quod
1400 2767 67 50 in
1434 2767 123 50 Hebraeo
1523 2767 78 50 non
1568 2767 134 50 habetur:
1669 2767 90 50 quam
1725 2767 78 50 eos
1769 2767 78 50 qui
1803 2767 56 50 ar-

1059 2805 78 44 tem
1104 2805 190 44 contexennarum
1260 2805 101 44 inter
1327 2805 67 44 se
1361 2805 179 44 scripturarum
1506 2805 134 44 Apostoli
1607 2805 168 44 nesciebant,
1730 2805 123 44 quaesisse

1062 2836 106 37 aptum
1133 2836 106 37 locum
1203 2836 82 37 ubi
1250 2836 141 37 assumtum
1356 2836 70 37 ab
1391 2836 70 37 eo
1426 2836 141 37 ponerent
1532 2836 176 37 testimonium
1673 2836 94 37 quod
1732 2836 117 37 absque
1802 2836 59 37 au-

1054 2872 133 34 toritate
1154 2872 67 34 in
1187 2872 155 34 scripturam
1309 2872 122 34 positum
1398 2872 78 34 non
1442 2872 144 34 putabant.
1553 2872 122 34 Denique
1641 2872 100 34 omnes
1708 2872 133 34 Graeciae
1797 2872 67 34 tra-

1060 2900 130 38 ctatores
1157 2900 76 38 qui
1201 2900 97 38 nebis
1266 2900 162 38 cruditionis
1395 2900 86 38 suae
1449 2900 65 38 in
1482 2900 119 38 Psalmos
1568 2900 173 38 commentarios
1698 2900 151 38 reliquerunt.

1060 2930 75 41 hes
1103 2930 149 41 versiculos
1220 2930 85 41 veru
1274 2930 128 41 annotant
1370 2930 96 41 atque
1434 2930 171 41 praetereunt:
1572 2930 117 41 liquido
1657 2930 160 41 confitentes
1785 2930 64 41 in
1807 2930 53 41 He-

1055 2963 98 39 braeo
1120 2963 76 39 non
1164 2963 119 39 haberi,
1250 2963 76 39 nec
1294 2963 87 39 esse
1348 2963 65 39 in
1381 2963 163 39 septuaginta
1511 2963 195 39 interpretibus,
1674 2963 76 39 sed
1717 2963 65 39 in
1739 2963 119 39 editione.

1061 2997 115 37 vulgata
1144 2997 84 37 quae
1196 2997 157 37 Graeceusiva
1322 2997 115 37 dicitur
1406 2997 52 37 &
1427 2997 63 37 in
1458 2997 84 37 toto
1510 2997 84 37 orbe
1563 2997 115 37 diversa
1636 2997 52 37 est

1089 3029 143 41 Hactenus
1196 3029 155 41 Hieronymi
1316 3029 167 41 responsio,
1447 3029 107 41 cujus
1519 3029 107 41 summa
1590 3029 95 41 est:
1650 3029 119 41 Versus
1734 3029 107 41 illos
1793 3029 60 41 non

1062 3053 118 48 adduci
1145 3053 59 48 a
1169 3053 107 48 Paulo
1240 3053 71 48 ut
1275 3053 118 48 partem
1358 3053 118 48 Psalmi
1441 3053 201 48 decimitertii,
1607 3053 83 48 sed
1654 3053 71 48 ut
1689 3053 166 48 testimonia
1808 3053 47 48 ad

1063 3093 125 43 eandem
1150 3093 88 43 tem
1200 3093 200 43 confirmandam
1363 3093 175 43 coacervata
1500 3093 188 43 contextaque
1650 3093 75 43 ex
1688 3093 150 43 pluribus
1788 3093 63 43 lo-

1058 3121 73 50 cis
1089 3121 125 50 Scripturae
