2063 3419
208 255 105 35 Audet
278 255 93 35 vero
337 255 163 35 affirmare,
465 255 93 35 esse
523 255 128 35 alicubi
617 255 163 35 corruptam,
745 255 117 35 saltem
826 255 175 35 negligentia
955 255 58 35 li-

221 299 158 34 pratiorum,
345 299 79 34 sic
390 299 68 34 ut
424 299 102 34 neque
492 299 79 34 sit
537 299 181 34 necessarium,
684 299 102 34 neque
752 299 102 34 tutum
820 299 158 34 corrigere,
933 299 68 34 quio

226 324 92 38 quid
283 324 69 38 ab
317 324 69 38 ea
351 324 69 38 in
386 324 137 38 versione
489 324 114 38 Latina
569 324 160 38 dissentit.
695 324 195 38 Affirmationem
855 324 92 38 suam
901 324 103 38 conatur

214 354 130 45 aliquot
309 354 142 45 exemplis
415 354 118 45 planam
486 354 95 45 facere

235 375 108 47 Primo
307 375 84 47 ait
355 375 72 47 1.
391 375 96 47 Cor.
450 375 84 47 15.
498 375 72 47 v.
534 375 84 47 47.
582 375 144 47 legendum
690 375 108 47 esse:
762 375 120 47 Primus
845 375 96 47 homo
905 375 72 47 de
929 375 84 47 terra

221 421 134 39 errenus,
322 421 134 39 secundus
422 421 90 39 homo
478 421 67 39 de
512 421 101 39 coelo
579 421 157 39 coelestis:
702 421 67 39 ut
736 421 78 39 non
781 421 101 39 solum
848 421 112 39 Latina
915 421 101 39 versio.

202 456 126 30 habeat,
293 456 80 30 sed
339 456 103 30 etiam
408 456 137 30 Galvinus
511 456 114 30 probet
591 456 92 30 cap.
648 456 69 30 7.
682 456 92 30 Inst
740 456 69 30 5.
774 456 80 30 12.
820 456 69 30 At
854 456 126 30 Graecos
934 456 69 30 con-

204 483 129 38 stanter
298 483 129 38 legure,
392 483 140 38 secundus
497 483 94 38 homo
555 483 129 38 Dominus
649 483 70 38 de
684 483 117 38 coelo,
766 483 59 38 σ
789 483 140 38 δδυτερος
883 483 117 38 αυορωπος

202 518 112 43 νρνος
276 518 74 43 εζ
313 518 62 43 α
338 518 99 43 2νο.
400 518 99 43 Quam
462 518 211 43 depravationem
635 518 87 43 ait
685 518 149 43 mansisse
796 518 112 43 vitio
858 518 149 43 scriptorum

208 549 70 37 ex
243 549 209 37 corruptionibus
418 549 163 37 Marcionis,
546 549 70 37 ut
581 549 116 37 pateat
662 549 70 37 ex
697 549 175 37 Tertullian.
837 549 105 37 libr.
907 549 116 37 quinto
976 549 47 37 in

198 582 152 36 Marcionem

229 616 128 41 RESP.
314 616 142 41 Primo.
413 616 156 41 Negatur
527 616 114 41 esse
598 616 184 41 corruptum
740 616 156 41 Graecum
853 616 128 41 hujus
924 616 71 41 loc

204 652 136 39 textum.
303 652 124 39 Optime
390 652 99 39 enim
452 652 174 39 respondent
588 652 136 39 membra,
687 652 74 39 si
725 652 186 39 substantiae
874 652 62 39 &
886 652 124 39 qualita-

214 679 87 36 tum
263 679 174 36 antithesin
400 679 136 36 dicamus
499 679 112 36 fieri
573 679 74 36 in
611 679 99 36 hunc
673 679 124 36 modum.
759 679 62 36 o
784 679 124 36 πξῶτος
871 679 112 36 αυδζω
933 679 62 36 πος

218 714 103 38 nempe
286 714 80 38 καν
332 714 126 38 ἔσίανι,
424 714 69 38 εκ
458 714 92 38 γῆς,
516 714 115 38 χρικος
596 714 138 38 (nimirum
699 714 172 38 κγποιθτηζαδ
837 714 149 38 ὀδδυτερος
940 714 57 38 αυ-

205 742 186 44 Sποςπνρν&
347 742 143 44 videl.
447 742 100 44 καῖ
504 742 157 44 ἐσιανι,
619 742 86 44 ἔκ
661 742 200 44 αανοIscil.
818 742 71 44 κ
847 742 114 44 ποιο
918 742 71 44 ]
933 742 71 44 Nam

203 779 142 41 κνριος,
306 779 155 41 DOMINUS,
422 779 90 41 hic
474 779 90 41 est
526 779 129 41 Jehova
616 779 77 41 ex
655 779 168 41 Graecorum
784 779 103 41 usu,
848 779 142 41 idemque
938 779 65 41 Dei

205 809 134 38 Filius.
302 809 85 38 Non
351 809 85 38 abs
400 809 110 38 reita
473 809 146 38 scripsit
583 809 134 38 Paulus;
680 809 85 38 sed
729 809 183 38 Bellarminus
863 809 146 38 Scripturam

207 844 161 38 flagellat
331 844 87 38 abs
380 844 87 38 re:
430 844 99 38 quam
492 844 149 38 Calvinus
604 844 87 38 non
653 844 137 38 putavit
753 844 124 38 temere
840 844 161 38 mutandam,
951 844 50 38 ut

206 875 83 37 iste
258 875 104 37 facit,
330 875 73 37 sed
372 875 93 37 recte
434 875 156 37 exponendam.
559 875 83 37 Loci
611 875 83 37 sunt
663 875 135 37 Institut.
766 875 83 37 lib.
818 875 62 37 2.
850 875 83 37 cap.
902 875 73 37 12.
943 875 52 37 &
953 875 42 37 I3

205 906 55 41 &
227 906 89 41 lib.
283 906 67 41 4.
316 906 89 41 cap.
371 906 78 41 17.
416 906 78 41 Sed
460 906 122 41 nusquam
549 906 89 41 haec
604 906 100 41 Pauli
671 906 100 41 verba
738 906 89 41 nisi
793 906 144 41 religiose
904 906 55 41 a
915 906 89 41 Calvi-

202 947 71 31 no
238 947 177 31 adducuntur.
379 947 118 31 Deinde
462 947 165 31 depravatum
592 947 95 31 esse
651 947 95 31 hunc
710 947 106 31 locum
781 947 71 31 in
817 947 106 31 Greca
888 947 130 31 editio¬

202 973 70 34 ne
237 973 58 34 a
261 973 140 34 Marcione
366 973 70 34 in
401 973 105 34 nulla
471 973 140 34 editione
576 973 175 34 Tertulliani
715 973 163 34 reperitur,
844 973 105 34 licet
902 973 105 34 exstent

213 1003 128 40 plures,
306 1003 140 40 Rhenani,
411 1003 140 40 Gelenii,
516 1003 151 40 Pammelii,
632 1003 81 40 &c.
678 1003 128 40 Tertio,
771 1003 128 40 Vulgata
864 1003 116 40 potius
934 1003 70 40 ver-

207 1035 85 34 sio
256 1035 122 34 Latina
341 1035 110 34 hujus
414 1035 98 34 loci
475 1035 85 34 est
524 1035 159 34 corrupta,
646 1035 98 34 quia
707 1035 73 34 in
744 1035 73 34 ea
780 1035 134 34 evanuit
878 1035 122 34 DOMINU
951 1035 37 34 S

198 1072 89 36 quo
249 1072 128 36 nomine
339 1072 128 36 Paulus
428 1072 153 36 secundum
543 1072 141 36 hominem
645 1072 89 36 non
696 1072 128 36 temere
786 1072 192 36 insignivit,
939 1072 89 36 sed

195 1101 74 40 ut
232 1101 184 40 ostenderet,
379 1101 86 40 eum
428 1101 86 40 non
477 1101 98 40 esse
538 1101 86 40 quo
587 1101 74 40 ad
624 1101 184 40 substantiam
771 1101 110 40 merum
845 1101 147 40 hominem,
943 1101 49 40 ut

195 1132 105 34 fuit
260 1132 131 34 primus
352 1132 118 34 homo;
431 1132 92 34 sed
483 1132 118 34 etiam
562 1132 157 34 DOMINUM,
680 1132 92 34 sed
733 1132 157 34 Jehovam,
851 1132 92 34 qui
903 1132 66 34 e
916 1132 79 34 coe-

201 1167 98 35 lis,
262 1167 86 35 hoc
311 1167 98 35 est,
372 1167 159 35 coelestis
495 1167 86 35 est
544 1167 110 35 quoad
618 1167 184 35 qualitatem,
765 1167 98 35 quum
826 1167 110 35 quoad
888 1167 110 35 humanam

196 1201 131 40 naturam
291 1201 83 40 sit
339 1201 83 40 ita
386 1201 202 40 sanctificatus
553 1201 83 40 per
600 1201 143 40 Spiritum
707 1201 143 40 sanctum,
814 1201 71 40 ut
850 1201 119 40 absque
921 1201 83 40 omni-

196 1231 126 44 peccato
287 1231 80 44 sit
333 1231 149 44 conceptus
448 1231 57 44 &
471 1231 103 44 natus
539 1231 57 44 &
562 1231 69 44 in
597 1231 115 44 terris
677 1231 183 44 conversatus,
826 1231 115 44 plenus
895 1231 103 44 gratia,

195 1259 152 50 veritate,
312 1259 152 50 justitia,
429 1259 175 50 sanctitate.
569 1259 82 50 Sic
615 1259 163 50 vindicatum
743 1259 82 50 est
790 1259 117 50 primum
872 1259 140 50 exemplum
965 1259 35 50 a

202 1297 166 33 Bellarmini
321 1297 154 33 accusatione

198 1325 69 39 1.
233 1325 127 39 Socundo
325 1325 81 39 ait
371 1325 69 39 1.
406 1325 92 39 Cor.
463 1325 69 39 7.
498 1325 81 39 33,
544 1325 81 39 34.
590 1325 127 39 Latinam
682 1325 138 39 vulgatam
785 1325 127 39 habere:
877 1325 81 39 Qui
923 1325 81 39 cum
958 1325 46 39 u-

209 1365 84 37 core
262 1365 84 37 est,
315 1365 137 37 solicitus
420 1365 84 37 est,
472 1365 84 37 quae
525 1365 84 37 sunt
577 1365 105 37 mundi,
651 1365 116 37 quomodo
735 1365 116 37 placeat
819 1365 105 37 uxore,
893 1365 53 37 &
903 1365 95 37 divisus

206 1393 91 37 est.
263 1393 69 37 Et
297 1393 114 37 mulier
377 1393 126 37 innupta
468 1393 57 37 &
491 1393 103 37 virgo
560 1393 126 37 cogitat
651 1393 91 37 quae
708 1393 114 37 Domini
788 1393 103 37 sunt,
857 1393 80 37 &c.
891 1393 103 37 Graecos

196 1429 92 40 vero
254 1429 127 40 codices
346 1429 104 40 longe
416 1429 115 40 aliter
496 1429 127 40 habere,
589 1429 81 40 nam
635 1429 104 40 illud
704 1429 69 40 di
739 1429 104 40 visus
808 1429 92 40 est,
866 1429 162 40 conjungunt

200 1461 77 38 cum
244 1461 177 38 sequentibus,
388 1461 88 38 sic,
443 1461 144 38 μιμιρισαι
553 1461 55 38 η
575 1461 88 38 γυνη
631 1461 66 38 κι
664 1461 55 38 η
686 1461 144 38 παρθενος,
796 1461 110 38 divisa
874 1461 77 38 est
918 1461 88 38 uxor
962 1461 33 38 &

196 1493 120 37 virgo.
280 1493 96 37 Quam
340 1493 156 37 lectionem
460 1493 72 37 B.
496 1493 168 37 Hieronymus
628 1493 72 37 in
664 1493 108 37 libr.
736 1493 72 37 1.
772 1493 120 37 contra
844 1493 144 37 Iovinianum

193 1523 128 39 affirmat
289 1523 74 39 non
332 1523 85 39 esse
385 1523 160 39 Apostolicae
502 1523 117 39 veritatis

230 1556 119 46 RESP.
309 1556 119 46 Primo
389 1556 146 46 negatur
495 1556 172 46 editionem
627 1556 146 46 Graecam
733 1556 106 46 esse
799 1556 185 46 corruptam.
932 1556 66 46 Se-

194 1588 113 38 cundo
270 1588 188 38 testimonium
421 1588 163 38 Hieronymi
546 1588 88 38 non
597 1588 88 38 est
647 1588 88 38 hoc
697 1588 101 38 loco
760 1588 151 38 idoneum:
873 1588 88 38 nam
911 1588 75 38 set-

192 1622 120 31 viebat
276 1622 84 31 tum
324 1622 168 31 Hieronymus
456 1622 120 31 causae
540 1622 96 31 suae
601 1622 96 31 quam
661 1622 84 31 per
709 1622 192 31 contentionis
865 1622 120 31 aestum
937 1622 60 31 de-

204 1652 157 37 fendebat.
325 1652 73 37 At
361 1652 97 37 idem
422 1652 109 37 alibi
495 1652 109 37 extra
567 1652 194 37 contentionis
725 1652 121 37 aestum
809 1652 97 37 hanc
858 1652 133 37 lectionem

199 1686 135 33 Graecam
297 1686 160 33 agnoscit,
420 1686 148 33 scribens
531 1686 74 33 in
568 1686 172 33 Helvidium,
703 1686 61 33 &
727 1686 74 33 ad
764 1686 172 33 Eustochium
900 1686 74 33 de
924 1686 74 33 ser-

189 1722 109 38 vanda
262 1722 194 38 virginitate.
419 1722 158 38 Agnoscunt
540 1722 97 38 item
601 1722 97 38 alii
662 1722 109 38 omnes
734 1722 121 38 Patres
819 1722 61 38 &
844 1722 109 38 sensu
904 1722 85 38 mani-

193 1752 172 34 festissimo.
330 1752 115 34 Tertio
411 1752 126 34 vulgata
503 1752 115 34 Latina
583 1752 80 34 hic
629 1752 126 34 vitiosa
721 1752 80 34 est
767 1752 57 34 &
790 1752 80 34 quo
836 1752 69 34 ad
859 1752 126 34 Grammati-

183 1785 88 39 cam
234 1785 63 39 &
259 1785 88 39 quo
309 1785 75 39 ad
346 1785 188 39 sententiam.
497 1785 100 39 Quae
559 1785 100 39 enim
622 1785 175 39 Grammatica
760 1785 113 39 docet
835 1785 113 39 recte
897 1785 88 39 Lati-

188 1825 64 32 ne
220 1825 96 32 dici,
284 1825 138 32 solicitus
390 1825 74 32 est
433 1825 85 32 quae
486 1825 85 32 sunt
539 1825 106 32 mundi,
614 1825 85 32 pro,
667 1825 138 32 solicitus
773 1825 74 32 est
816 1825 64 32 de
848 1825 74 32 iis
890 1825 85 32 quae
933 1825 53 32 sun

191 1849 111 42 mundi?
269 1849 67 42 Si
302 1849 89 42 vero
357 1849 155 42 sententiam
479 1849 133 42 spectes,
579 1849 89 42 quid
634 1849 89 42 sibi
690 1849 89 42 vult
745 1849 111 42 illud,
823 1849 55 42 &
845 1849 122 42 divisus
922 1849 67 42 esti

195 1880 82 36 num
242 1880 70 36 is
277 1880 82 36 qui
324 1880 82 36 cum
371 1880 105 36 uxore
441 1880 94 36 est,
500 1880 129 36 divisus
594 1880 94 36 est?
652 1880 82 36 Tum
699 1880 70 36 in
734 1880 117 36 Graeco
816 1880 82 36 non
863 1880 94 36 est,
922 1880 59 36 &
933 1880 59 36 us-

197 1915 148 33 μιρισται,
310 1915 80 33 sed
356 1915 114 33 absque
435 1915 159 33 copulativa
560 1915 148 33 particula
674 1915 80 33 iS,
719 1915 80 33 Er:
765 1915 91 33 quae
822 1915 136 33 praefixa
912 1915 80 33 verbo

186 1948 81 37 hic
233 1948 104 37 mutat
302 1948 173 37 sententiam.
440 1948 115 37 Adhaec
521 1948 69 37 in
556 1948 139 37 sequenti
660 1948 104 37 versu
729 1948 127 37 Latinae
821 1948 150 37 editionis
925 1948 58 37 se-

198 1979 129 42 quitur,
292 1979 59 42 &
316 1979 118 42 mulier
398 1979 129 42 innupta
492 1979 59 42 &
516 1979 118 42 virgo,
598 1979 82 42 &c.
645 1979 106 42 Illud
716 1979 129 42 innupta
810 1979 153 42 infarctum
915 1979 71 42 est,

184 2010 78 40 cum
228 2010 78 40 nec
273 2010 67 40 in
306 2010 100 40 textu
373 2010 111 40 Graeco
451 2010 89 40 sit,
507 2010 78 40 nec
551 2010 67 40 ei
584 2010 145 40 congruat.
696 2010 78 40 Sic
740 2010 156 40 vindicatum
863 2010 78 40 est
896 2010 89 40 secun-

186 2045 106 42 dum
231 2045 166 42 exemplum.

225 2079 119 35 Tertio
308 2079 83 35 ait
356 2079 179 35 Bellarminus
499 2079 95 35 Rom.
558 2079 83 35 12.
606 2079 71 35 v.
642 2079 83 35 11.
689 2079 143 35 vulgatam
797 2079 131 35 Latinam
880 2079 107 35 habere,

190 2103 121 41 Domino
275 2103 181 41 servientes,
420 2103 133 41 Graecos
516 2103 109 41 autem
589 2103 85 41 non
637 2103 121 41 habere
722 2103 121 41 xυριῳ,
807 2103 85 41 sed
855 2103 97 41 κιρο
903 2103 73 41 olu-

188 2144 139 37 λobosles,
295 2144 64 37 id
327 2144 86 37 est,
381 2144 118 37 tempori
466 2144 160 37 servientes.
595 2144 118 37 Latinam
680 2144 96 37 autem
745 2144 139 37 lectionem
852 2144 86 37 esse
894 2144 86 37 veris-

190 2172 105 42 simam
261 2172 105 42 patet
331 2172 82 42 tum
378 2172 70 42 ex
413 2172 152 42 Hieronymo
530 2172 117 42 epist,
612 2172 70 42 ad
647 2172 164 42 Marcellam,
775 2172 94 42 quae
834 2172 129 42 incipit
916 2172 70 42 Post

193 2203 121 34 priorem
281 2203 154 34 epistolam,
402 2203 77 34 ubi
446 2203 110 34 dicit,
523 2203 66 34 in
556 2203 143 34 emendatis
667 2203 121 34 Graecis
755 2203 143 34 codicibus
865 2203 110 34 haberi
931 2203 55 34 non

191 2241 116 40 κἄιργ
269 2241 90 40 sed
320 2241 129 40 κωριῳ:
411 2241 90 40 tum
462 2241 78 40 ex
501 2241 155 40 Origene,
617 2241 207 40 Chrysostomo,
785 2241 207 40 Theophylacto
940 2241 39 40 &

189 2271 101 37 aliis
256 2271 124 37 Graecis
346 2271 146 37 Patribus,
459 2271 79 37 qui
504 2271 79 37 sic
549 2271 135 37 legerunt
650 2271 56 37 &
673 2271 191 37 explicaverunt
831 2271 68 37 in
864 2271 90 37 suis
909 2271 68 37 com

178 2305 136 41 mentariis,

222 2325 115 47 RESP.
299 2325 102 47 Quod
363 2325 154 47 paucorum
478 2325 102 47 fuit
542 2325 90 47 aut
593 2325 90 47 est
644 2325 205 47 exemplarium,
811 2325 102 47 male
862 2325 115 47 omnibus

185 2366 181 43 exemplaribus
332 2366 159 43 tribuitur:
457 2366 57 43 &
479 2366 113 43 ἀλόγος
559 2366 68 43 ex
593 2366 170 43 particulari
728 2366 159 43 adstruitur
842 2366 147 43 universale.

180 2405 83 37 Sic
228 2405 131 37 probari
323 2405 190 37 corruptionem
477 2405 95 37 Novi
537 2405 167 37 Testamenti
668 2405 119 37 Graeci
751 2405 143 37 oportuit
846 2405 131 37 scilicet.

189 2433 137 41 Hoccine
288 2433 162 41 Catholici
413 2433 137 41 hominis
512 2433 149 41 officium
624 2433 87 41 aut
661 2433 100 41 factum

232 2458 107 49 Quarto
307 2458 75 49 ait
350 2458 161 49 Bellarminus
479 2458 139 49 constare,
586 2458 64 49 in
618 2458 129 49 plurimis
714 2458 118 49 Graecis
800 2458 139 49 codicibus
896 2458 86 49 deesse

184 2489 106 50 multas
259 2489 96 50 verae
323 2489 149 50 Scripturae
440 2489 117 50 partes,
525 2489 64 50 ut
556 2489 138 50 historiam
663 2489 138 50 adulterae
769 2489 85 50 Ioh.
822 2489 64 50 8.
854 2489 106 50 ultim,
929 2489 96 50 caput

187 2527 110 36 Marci,
264 2527 166 36 testimonium
397 2527 177 36 pulcherrimum
540 2527 66 36 de
573 2527 66 36 S.
607 2527 121 36 Trinit.
695 2527 66 36 1.
728 2527 88 36 Ioh.
783 2527 66 36 5.
816 2527 66 36 v.
850 2527 66 36 7.
883 2527 55 36 &
894 2527 77 36 alia.

213 2561 113 35 RESP.
289 2561 75 35 Ex
326 2561 188 35 particulari
476 2561 200 35 argumentatur
639 2561 188 35 Bellarminus
777 2561 200 35 universaliter:

180 2593 119 45 Desunt
263 2593 107 45 multa
335 2593 71 45 in
370 2593 143 45 plurimis
477 2593 131 45 Graeiis
572 2593 166 45 codicibus:
703 2593 95 45 Ergo
762 2593 71 45 in
798 2593 143 45 omnibus.
893 2593 71 45 Nege

180 2627 81 34 mus
227 2627 139 34 defuisse
331 2627 93 34 ista
390 2627 70 34 in
424 2627 186 34 orthodoxorum
575 2627 163 34 peritiorum
703 2627 128 34 libris:
796 2627 93 34 etsi
854 2627 151 34 defuerint

177 2660 72 34 in
213 2660 193 34 haereticorum
370 2660 84 34 vel
418 2660 193 34 imperitiorum
575 2660 157 34 codicibus
696 2660 96 34 quos
756 2660 72 34 ab
792 2660 169 34 haereticis
913 2660 60 34 ha-

177 2693 143 36 buerunt.
284 2693 154 36 Historiam
403 2693 71 36 de
438 2693 143 36 adultera
545 2693 95 36 Joh.
605 2693 71 36 8.
640 2693 154 36 Novatiani
759 2693 107 36 atque
830 2693 131 36 Cathari
914 2693 59 36 ex-

190 2726 171 36 punxerant:
324 2726 135 36 ultimum
422 2726 110 36 caput
496 2726 110 36 Marci
569 2726 147 36 imperiti
679 2726 184 36 omittebant,
826 2726 86 36 qui
875 2726 61 36 a
887 2726 86 36 Mani-

186 2760 144 34 chaeorum
294 2760 156 34 impietate
413 2760 72 34 in
449 2760 108 34 caput
521 2760 108 34 illud
593 2760 156 34 scelerate
713 2760 144 34 infarcta
820 2760 180 34 abhorrebant

186 2789 116 38 Versum
268 2789 139 38 septimum
372 2789 70 38 I.
407 2789 93 38 Joh.
465 2789 70 38 5.
500 2789 116 38 Ariani
581 2789 186 38 expunxerunt.
732 2789 81 38 Per
778 2789 104 38 istos
848 2789 104 38 saepe
906 2789 58 38 cor

187 2825 105 35 rupti
257 2825 105 35 libri
327 2825 186 35 illabebantur
478 2825 70 35 in
513 2825 105 35 manus
583 2825 198 35 imperitiorum,
746 2825 70 35 ut
781 2825 116 35 factum
851 2825 128 35 superiore

184 2857 119 36 seculo
267 2857 83 36 per
315 2857 154 36 Papistas,
434 2857 83 36 qui
481 2857 107 36 Vetus
552 2857 178 36 Testamentum
695 2857 95 36 Gen.
754 2857 71 36 3.
790 2857 71 36 v.
826 2857 83 36 15.
861 2857 119 36 corrupe-

180 2889 113 39 runt,
255 2889 125 39 mutato
342 2889 63 39 N
367 2889 113 39 IrThu
442 2889 75 39 in
480 2889 100 39 PPrT
542 2889 100 39 hith
605 2889 150 39 imposito
717 2889 138 39 circulo
817 2889 113 39 notae
880 2889 88 39 Masse

182 2923 136 36 reticae,
283 2923 68 36 ac
317 2923 68 36 si
351 2923 102 36 esset
419 2923 147 36 αυπσοιχια
532 2923 79 36 vaν
577 2923 79 36 pro
623 2923 79 36 jod
668 2923 57 36 &
690 2923 136 36 legendum
792 2923 102 36 esset
860 2923 113 36 PoysI,
928 2923 45 36 hi

190 2956 109 38 IPSA:
263 2956 73 38 in
299 2956 109 38 opere
372 2956 109 38 regio
445 2956 158 38 Bibliorum
567 2956 219 38 interlinearium
749 2956 73 38 ex
786 2956 109 38 prima
846 2956 122 38 editione

216 2987 117 41 Quinto
298 2987 82 41 ait
345 2987 176 41 Bcellarmius
486 2987 152 41 constare,
603 2987 117 41 quadam
685 2987 70 41 in
721 2987 129 41 omnibus
815 2987 129 41 Graecis
897 2987 70 41 codi

181 3021 96 38 cibus
245 3021 138 38 inveniri,
352 3021 85 38 quae
405 3021 74 38 non
447 3021 85 38 sunt
500 3021 106 38 partes
575 3021 117 38 divinae
660 3021 160 38 Scripturae,
788 3021 64 38 ut
819 3021 106 38 Matth.
894 3021 64 38 6.
915 3021 64 38 Ora-

177 3054 109 37 tioni
249 3054 157 37 Dominicae
370 3054 145 37 additur:
479 3054 97 37 Quia
539 3054 97 37 tuum
600 3054 85 37 est
648 3054 121 37 regnum
732 3054 60 37 &
757 3054 145 37 potentia
865 3054 60 37 &
877 3054 97 37 glori-

180 3085 62 39 in
211 3085 114 39 secula,
294 3085 83 39 quae
345 3085 93 39 verba
407 3085 72 39 non
449 3085 83 39 esse
501 3085 62 39 de
532 3085 104 39 textu,
604 3085 72 39 sed
646 3085 104 39 addita
718 3085 52 39 a
739 3085 124 39 Graecis,
832 3085 62 39 ex
863 3085 104 39 duobus
925 3085 52 39 in-

183 3119 128 39 telligi
277 3119 128 39 possit:
370 3119 105 39 Primo
440 3119 70 39 ex
475 3119 70 39 eo
510 3119 93 39 quod
568 3119 198 39 Tertullianus,
732 3119 163 39 Cyprianus,
849 3119 128 39 Ambrosius

180 3148 200 43 Hieronymus,
340 3148 200 43 Augustinus,
499 3148 173 43 orationem
633 3148 173 43 Dominicam
766 3148 173 43 exponunt,
899 3148 67 43 &
912 3148 67 43 ta-

174 3193 86 41 men
223 3193 123 41 nullam
309 3193 110 41 horum
382 3193 147 41 verborum
493 3193 159 41 mentionem
615 3193 147 41 faciant,
726 3193 86 41 cum
775 3193 110 41 omnes
848 3193 98 41 isti
897 3193 86 41 Grae

1059 256 81 43 dem
1106 256 93 43 haec
1164 256 116 43 verba,
1245 256 81 43 sed
1292 256 81 43 non
1338 256 163 43 continuant
1466 256 81 43 cum
1512 256 139 43 oratione
1605 256 128 43 Dominica.

1089 290 111 35 RESP.
1163 290 111 35 Primo
1237 290 124 35 falsum
1323 290 87 35 est
1373 290 111 35 verba
1447 290 111 35 illa;
1521 290 99 35 Quia
1583 290 99 35 tuum
1645 290 87 35 est
1694 290 124 35 regnum
1781 290 62 35 &
1793 290 62 35 po-

1048 325 112 37 tentia
1126 325 56 37 &
1149 325 112 37 gloria
1227 325 67 37 in
1261 325 123 37 secula;
1351 325 79 37 non
1396 325 90 37 esse
1452 325 123 37 parttem
1542 325 123 37 divinae
1631 325 168 37 scripturae.
1755 325 101 37 Secunde

1054 361 129 37 rationes
1151 361 151 37 Bellarmini
1269 361 108 37 nullae
1345 361 97 37 sunt:

1083 389 104 40 Prima
1153 389 81 40 est
1199 389 69 40 ex
1234 389 104 40 puris
1303 389 220 40 particularibus:
1488 389 116 40 Aliqui
1569 389 116 40 Patres
1650 389 116 40 Latini
1731 389 104 40 verba
1789 389 69 40 illa

1053 421 83 38 non
1100 421 130 38 habent,
1195 421 59 38 &
1218 421 153 38 exponunt:
1336 421 94 38 Ergo
1395 421 83 38 non
1442 421 83 38 sut
1489 421 94 38 pars
1548 421 177 38 Scripturae.
1690 421 71 38 Hi
1725 421 118 38 Patres
1796 421 59 38 La-

1054 453 95 44 tini
1114 453 83 44 non
1161 453 190 44 exposuerunt:
1315 453 95 44 quia
1375 453 83 44 non
1422 453 143 44 habebant
1529 453 71 44 in
1565 453 143 44 versione
1672 453 83 44 sua
1719 453 119 44 Latina
1791 453 59 44 ve-

1062 498 129 32 communi
1156 498 94 32 usu,
1215 498 82 32 nec
1262 498 106 32 visum
1333 498 82 32 est
1380 498 106 32 illis
1450 498 106 32 utile
1521 498 153 32 commoveri
1639 498 71 32 de
1674 498 71 32 ea
1709 498 71 32 re
1733 498 129 32 ecclesiam

1052 523 119 39 suam,
1131 523 158 39 postquam
1249 523 92 39 diu
1302 523 158 39 fuissent
1421 523 145 39 omissa,
1526 523 198 39 quemadmodum
1684 523 66 39 &
1697 523 158 39 Hieronymus

1059 551 139 44 dicebat
1160 551 101 44 olim
1224 551 76 44 in
1261 551 114 44 causa
1337 551 139 44 simili,
1438 551 139 44 nimirum
1539 551 88 44 cum
1590 551 152 44 ageretur
1703 551 76 44 de
1729 551 126 44 versione

1046 586 161 40 LXX:Quod
1167 586 108 40 enim
1234 586 121 40 semel
1314 586 121 40 aures
1395 586 148 40 hominum
1503 586 215 40 occupaverat,
1677 586 67 40 &
1691 586 161 40 nascentis.

1055 621 140 39 Ecclesiae
1163 621 161 39 roboraverat
1292 621 108 39 fidem,
1367 621 108 39 justum
1442 621 86 39 erat
1496 621 97 39 etiam
1561 621 108 39 nestro
1636 621 129 39 silentio
1722 621 118 39 comproba-

1053 653 84 37 ri.
1101 653 72 37 At
1137 653 108 37 verba
1209 653 96 37 illa
1269 653 108 37 habet
1341 653 120 37 Graeca
1425 653 120 37 editio
1508 653 96 37 Novi
1568 653 168 37 Testamenti
1688 653 156 37 communiter.

1041 683 107 42 habet
1113 683 119 42 versio
1196 683 107 42 Syra:
1268 683 107 42 habet
1339 683 191 42 Chrysostomus
1494 683 60 42 &
1518 683 131 42 copiose
1613 683 131 42 exponit
1709 683 119 42 homil.
1780 683 60 42 vi.

1057 721 120 40 gesima
1141 721 72 40 in
1177 721 168 40 Matthaeum,
1309 721 108 40 habet
1381 721 120 40 author
1466 721 120 40 operis
1550 721 168 40 imperfecti
1682 721 72 40 in
1706 721 144 40 Matthaeum,

1041 755 109 39 habet
1114 755 206 39 Theophylactus
1284 755 61 39 &
1308 755 121 39 Graeci
1393 755 109 39 alij,
1466 755 121 39 quorum
1551 755 85 39 non
1599 755 109 39 minor
1672 755 85 39 est
1721 755 73 39 in
1757 755 85 39 hac
1793 755 61 39 re-

1050 787 96 44 quam
1110 787 155 44 Latinorum
1229 787 167 44 autoritas.
1360 787 131 44 Secunda
1456 787 107 44 ratio
1528 787 107 44 petit
1599 787 179 44 principium,
1743 787 84 44 est
1778 787 72 44 gla-

1043 819 102 38 dius
1107 819 166 38 plumbeus.
1234 819 89 38 Nam
1285 819 127 38 quanta
1375 819 89 38 est
1426 819 115 38 hujus
1502 819 166 38 liturgiae
1629 819 89 38 vel
1680 819 102 38 apud
1731 819 115 38 Romanos

1046 846 110 45 ipsos
1119 846 171 45 autoritas?
1253 846 98 45 quam
1314 846 85 45 non
1363 846 98 45 adeo
1424 846 158 45 antiquam,
1546 846 195 45 particularem
1704 846 61 45 &
1728 846 98 45 sibi
1777 846 61 45 im-

1047 885 146 44 probatam
1156 885 134 44 sciunt.
1254 885 85 44 Hoc
1302 885 158 44 argumento
1424 885 97 44 sane
1485 885 97 44 apud
1546 885 134 44 Graecos
1643 885 146 44 probent,
1741 885 97 44 eosque

1048 917 77 36 suo
1092 917 121 36 gladio,
1180 917 66 36 si
1213 917 132 36 possunt,
1312 917 143 36 jugulent:
1422 917 66 36 at
1455 917 110 36 contra
1531 917 88 36 nos,
1586 917 77 36 qui
1630 917 143 36 liturgiam
1740 917 99 36 illam
1795 917 55 36 non

1044 948 186 36 acceptamus,
1192 948 149 36 infirmum
1304 948 87 36 est
1354 948 149 36 admodum.
1465 948 74 36 Si
1502 948 99 36 enim
1564 948 99 36 haec
1626 948 112 36 ratio
1701 948 74 36 in
1738 948 87 36 hoc
1775 948 62 36 ar-

1042 981 125 45 gumento
1133 981 114 45 valet,
1212 981 80 45 cur
1258 981 80 45 non
1303 981 68 45 in
1337 981 148 45 caeteris?
1451 981 80 45 sin
1497 981 102 45 autem
1565 981 68 45 in
1599 981 137 45 caeteris
1701 981 80 45 non
1747 981 114 45 valet,

1042 1011 87 47 (non
1096 1011 97 47 valet
1161 1011 119 47 autem),
1248 1011 65 47 ex
1280 1011 162 47 particulari
1410 1011 97 47 nihil
1475 1011 162 47 conficitur.

1077 1038 137 43 INSTANT
1176 1038 112 43 alii:
1250 1038 112 43 Lacas
1325 1038 124 43 capit.
1412 1038 99 43 und.
1474 1038 112 43 verba
1548 1038 99 43 illa
1610 1038 87 43 non
1660 1038 124 43 habet:
1747 1038 99 43 Ergo
1796 1038 50 43 in

1048 1069 148 47 Matthaeo
1159 1069 74 47 ab
1196 1069 99 47 alio
1257 1069 99 47 sunt
1319 1069 160 47 infarcta.
1442 1069 111 47 RESP.
1516 1069 136 47 Negatur
1615 1069 210 47 consequentia,
1775 1069 74 47 quae

1041 1114 84 34 non
1089 1114 108 34 valet
1161 1114 60 34 a
1185 1114 168 34 testimonio
1318 1114 180 34 particulari
1462 1114 144 34 negante.
1570 1114 108 34 Lucas
1643 1114 96 34 alia
1703 1114 120 34 quoque
1775 1114 60 34 mul

1051 1146 68 42 ia
1085 1146 80 42 non
1130 1146 103 42 habet
1199 1146 91 42 quae
1256 1146 160 42 Matthaeus,
1381 1146 91 42 quae
1438 1146 137 42 Johannes
1541 1146 114 42 habet:
1620 1146 80 42 num
1666 1146 114 42 igitur
1746 1146 91 42 illa
1791 1146 46 42 in

1043 1174 142 36 Matthaeo
1150 1174 59 36 &
1173 1174 130 36 Johanne
1268 1174 71 36 ab
1304 1174 95 36 alio
1363 1174 107 36 erunt
1422 1174 130 36 infarcta:

1076 1203 256 39 INSTANTamplius:
1291 1203 81 39 Si
1331 1203 135 39 oratio
1426 1203 162 39 Dominica
1547 1203 108 39 apud
1614 1203 121 39 Lucam
1695 1203 94 39 est
1735 1203 108 39 perfe-

1048 1237 90 53 cta,
1104 1237 79 53 tum
1149 1237 90 53 apud
1206 1237 147 53 Matthaeum
1319 1237 79 53 est
1364 1237 147 53 superflua
1477 1237 90 53 illa
1533 1237 147 53 appendix,
1646 1237 90 53 quam
1703 1237 102 53 Lucas
1759 1237 79 53 omit.

1042 1271 92 38 tit.
1099 1271 160 38 Antecedens
1225 1271 80 38 est
1270 1271 114 38 verum:
1351 1271 92 38 Ergo
1408 1271 57 38 &
1419 1271 149 38 consequens.

1074 1302 112 40 RESP.
1148 1302 137 40 Negatur
1248 1302 112 40 sumti
1323 1302 212 40 consequentia:
1497 1302 87 40 nam
1547 1302 100 40 etsi
1610 1302 87 40 sit
1659 1302 150 40 perfecta
1759 1302 75 40 ora-

1034 1333 90 47 tio
1086 1333 154 47 Dominica
1201 1333 103 47 apud
1265 1333 128 47 Lucam,
1355 1333 116 47 quoad
1432 1333 193 47 petitiones;
1586 1333 116 47 tamen
1663 1333 90 47 non
1715 1333 154 47 impedit,

1049 1377 85 41 quo
1097 1377 109 41 minus
1170 1377 121 41 addere
1255 1377 146 41 potuerit
1364 1377 158 41 Matthaeus
1485 1377 218 41 confirmationem
1667 1377 61 41 &
1692 1377 170 41 conclusio¬

1018 1401 84 36 nem.

1217 1452 296 54 CAPUT
1382 1452 263 54 XXXIX.

1081 1500 84 62 In
1123 1500 97 62 quo
1179 1500 209 62 disceptatur
1346 1500 111 62 haec
1415 1500 181 62 quaestio,
1554 1500 84 62 An
1596 1500 84 62 S.
1624 1500 167 62 Scriptura.

1183 1547 85 60 in
1225 1547 155 60 linguas
1338 1547 169 60 vulgares
1465 1547 99 60 seu
1507 1547 183 60 vernaculas.

1278 1592 93 58 sit
1331 1592 185 58 necessario
1463 1592 132 58 transfe

1353 1641 143 46 renda.

1064 1684 159 51 TACTENUS
1183 1684 133 51 dictum
1276 1684 93 51 est
1329 1684 80 51 de
1369 1684 159 51 editione
1489 1684 186 51 authentica
1635 1684 80 51 S.
1661 1684 173 51 Scripturae:

1048 1729 168 41 TIsequitur
1180 1729 72 41 de
1216 1729 192 41 translatione
1372 1729 96 41 ejus
1432 1729 72 41 in
1467 1729 132 41 linguas
1563 1729 144 41 vulgares
1671 1729 84 41 seu
1707 1729 132 41 vernacua.

1113 1758 96 35 las.
1173 1758 72 35 De
1209 1758 72 35 ea
1245 1758 143 35 moventur
1352 1758 131 35 aliquet
1436 1758 167 35 quaestiones:

1097 1791 70 49 An
1132 1791 117 49 sacram
1214 1791 163 49 Scripturam
1342 1791 70 49 in
1377 1791 128 49 linguas
1471 1791 140 49 vulgares
1575 1791 82 49 seu
1622 1791 163 49 vernaculas
1739 1791 93 49 trans-

1028 1817 111 48 ferre
1102 1817 186 48 necessarium
1238 1817 62 48 sit

1060 1841 76 49 II.
1104 1841 87 49 Quae
1158 1841 185 49 translationes
1311 1841 87 49 sint
1354 1841 142 49 praecipuae?

1071 1879 96 47 III.
1131 1879 96 47 Quid
1191 1879 72 47 de
1227 1879 156 47 quibuidam
1348 1879 229 47 translationibus
1540 1879 84 47 sit
1577 1879 156 47 sentiendum?

1054 1916 71 42 Ad
1090 1916 119 42 primam
1173 1916 179 42 quaestionem
1316 1916 119 42 aliter
1399 1916 83 42 nos
1447 1916 191 42 respondemus,
1602 1916 119 42 aliter
1685 1916 131 42 Papani.
1768 1916 60 42 No-

1027 1951 91 41 stra
1083 1951 147 41 sententia
1197 1951 91 41 est:
1253 1951 113 41 Sacram
1333 1951 159 41 Scripturam
1457 1951 68 41 in
1491 1951 125 41 linguas
1582 1951 136 41 vulgares
1684 1951 79 41 seu
1718 1951 113 41 vernacu-

1038 1981 72 34 ias
1079 1981 123 34 cujusque
1171 1981 123 34 nationis
1263 1981 51 34 &
1283 1981 102 34 populi
1355 1981 92 34 trans
1416 1981 92 34 ferri
1477 1981 82 34 esse
1518 1981 143 34 necessarium.

1056 2017 108 39 Hujus
1128 2017 168 39 sententiae
1260 2017 132 39 nostrae
1356 2017 156 39 argumenta
1475 2017 96 39 sunt
1523 2017 144 39 firmissima

1074 2043 97 47 quia
1134 2043 72 47 S.
1171 2043 157 47 Scriptura
1291 2043 85 47 est
1340 2043 181 47 testamentum
1485 2043 97 47 Dei,
1545 2043 60 47 &
1569 2043 193 47 instrumentum
1714 2043 109 47 federis

1029 2082 87 40 Dei
1078 2082 87 40 cum
1128 2082 162 40 hominibus
1253 2082 125 40 initi,
1341 2082 100 40 quod
1403 2082 137 40 omnibus
1503 2082 175 40 nationibus
1641 2082 62 40 &
1666 2082 137 40 populis
1753 2082 75 40 com-

1029 2110 143 36 municari
1136 2110 60 36 &
1160 2110 107 36 notum
1232 2110 107 36 fieri
1292 2110 95 36 debete

1026 2148 71 40 2.
1062 2148 94 40 quia
1121 2148 94 40 legi
1179 2148 106 40 debet
1250 2148 71 40 ab
1286 2148 141 40 omnibus,
1392 2148 106 40 etiam
1462 2148 130 40 laicis,
1557 2148 71 40 ut
1592 2148 118 40 contra
1675 2148 118 40 varias
1745 2148 83 40 sedu-

1026 2181 121 41 ctorum
1111 2181 182 41 deceptiones
1256 2181 218 41 praemuniantur,
1438 2181 109 41 utque
1510 2181 73 41 ex
1547 2181 85 41 iis
1595 2181 97 41 arma
1655 2181 121 41 petant
1728 2181 97 41 quibus

1032 2215 118 39 contra
1115 2215 130 39 Satanam
1210 2215 130 39 pugnare
1304 2215 59 39 &
1328 2215 130 39 fructum
1423 2215 213 39 aedificationis
1600 2215 118 39 capere
1683 2215 142 39 possint.
1778 2215 47 39 1.

1029 2241 98 57 Cor.
1090 2241 85 57 14.
1139 2241 110 57 Sicut
1212 2241 122 57 posito
1297 2241 73 57 in
1334 2241 122 57 oculis
1419 2241 171 57 cohaeredum
1553 2241 122 57 omnium
1638 2241 171 57 testamento
1760 2241 61 57 pa-

1022 2272 92 50 tris,
1083 2272 71 50 non
1124 2272 71 50 est
1164 2272 71 50 tam
1205 2272 102 50 facile
1276 2272 92 50 falli
1337 2272 51 50 &
1347 2272 92 50 fallere

1027 2309 70 42 3.
1062 2309 94 42 quia
1121 2309 117 42 initio
1203 2309 117 42 lingua
1286 2309 153 42 vernacula
1403 2309 141 42 singulis
1509 2309 129 42 populis
1603 2309 164 42 praedicata
1732 2309 106 42 fuit;
1791 2309 35 42 &

1024 2346 91 40 nunc
1081 2346 171 40 praedicanda
1217 2346 91 40 est:
1275 2346 160 40 necessario
1400 2346 114 40 igitur
1480 2346 68 40 in
1514 2346 160 40 vernaculas
1640 2346 125 40 linguas
1719 2346 103 40 verten

998 2370 64 36 da

1085 2397 91 45 quia
1142 2397 91 45 post
1199 2397 148 45 Apostolos
1313 2397 68 45 in
1347 2397 103 45 omnes
1415 2397 125 45 linguas
1506 2397 137 45 conversa
1609 2397 103 45 fuit,
1677 2397 68 45 ut
1700 2397 114 45 testatur

1016 2442 193 38 Theodoretus
1171 2442 142 38 Sermone
1274 2442 129 38 quinto
1364 2442 77 38 de
1402 2442 167 38 curatione
1531 2442 167 38 Graecarum
1647 2442 180 38 affectionum.

1026 2473 97 38 pag.
1086 2473 85 38 81.
1135 2473 157 38 editionis
1256 2473 218 38 Commelinianae,
1438 2473 170 38 Augustinus
1571 2473 109 38 libro
1643 2473 133 38 secundo
1740 2473 73 38 de
1764 2473 61 38 do-

1023 2500 118 44 ctrina
1106 2500 177 44 Christiana,
1247 2500 94 44 cap.
1294 2500 94 44 quinto

1033 2534 61 39 .
1057 2534 98 39 quia
1118 2534 73 39 id
1155 2534 73 39 ad
1191 2534 183 39 ostendendam
1338 2534 73 39 S.
1375 2534 171 39 Scripturae
1509 2534 195 39 praestantiam
1668 2534 122 39 facit:
1741 2534 73 39 quem

1025 2572 149 35 admodum
1134 2572 122 35 eodem
1215 2572 149 35 sermone
1324 2572 122 35 docet
1405 2572 203 35 Theodoretus
1568 2572 217 35 comparatione
1730 2572 95 35 scri-

1022 2596 135 55 ptorum
1116 2596 175 55 divinorum
1251 2596 67 55 &
1264 2596 229 55 Philosophicorum

1059 2632 153 43 Papanorum
1177 2632 118 43 contra
1260 2632 82 43 est
1307 2632 130 43 opinio,
1401 2632 71 43 S.
1436 2632 165 43 Scripturae
1566 2632 200 43 translationes
1731 2632 71 43 in
1754 2632 71 43 lin-

1030 2671 86 39 guas
1084 2671 128 39 vulgares
1180 2671 75 39 seu
1223 2671 150 39 vernaculas
1341 2671 75 39 non
1383 2671 86 39 esse
1426 2671 150 39 necessarias.

1060 2699 96 39 Ideo
1120 2699 120 39 contra
1204 2699 120 39 Thesim
1287 2699 132 39 nostram
1383 2699 156 39 sequentes
1503 2699 179 39 objectiones
1646 2699 132 39 faciunt
1730 2699 36 39 .

1175 2739 389 48 OBIECTIO
1434 2739 227 48 PRIMA

1060 2795 67 43 Si
1093 2795 56 43 a
1116 2795 122 43 tempore
1205 2795 156 43 Ezzaeusque
1327 2795 67 43 ad
1360 2795 134 43 Christum
1461 2795 145 43 Scriptura
1572 2795 67 43 in
1605 2795 134 43 Ecclesia
1706 2795 78 43 non
1739 2795 78 43 fuit.

1033 2830 98 44 lecta
1099 2830 142 44 vernacula
1208 2830 120 44 lingua,
1295 2830 76 44 sed
1339 2830 142 44 Hebraica:
1448 2830 76 44 tum
1491 2830 98 44 neque
1557 2830 76 44 jam
1601 2830 142 44 vernacula
1699 2830 109 44 versione

1019 2861 83 45 sunt
1071 2861 167 45 necessariae.
1206 2861 73 45 Sed
1248 2861 94 45 prius
1310 2861 83 45 est:
1362 2861 83 45 Ergo
1415 2861 52 45 &
1425 2861 125 45 posterius.

1295 2895 174 64 Probatio
1411 2895 131 64 assumti

1070 2949 89 45 Quia
1126 2949 145 45 Scriptura
1237 2949 123 45 Veteris
1326 2949 156 45 Testamenti
1449 2949 78 45 non
1493 2949 89 45 fuit
1549 2949 100 45 lecta
1616 2949 111 45 lingua
1694 2949 145 45 Chaldait.

1034 2985 79 41 vel
1079 2985 135 41 Syriaca,
1180 2985 90 41 quae
1237 2985 124 41 linguae
1327 2985 113 41 Iudais
1406 2985 90 41 post
1462 2985 180 41 captivitatem
1609 2985 169 41 Babylonicam
1733 2985 90 41 verna-

1027 3024 103 36 culae
1095 3024 114 36 erant:
1175 3024 80 36 sed
1221 3024 149 36 Hebraita,
1336 3024 92 36 quam
1393 3024 103 36 tamen
1462 3024 80 36 non
1496 3024 183 36 intelligebant.

1050 3046 112 45 RESP.
1124 3046 124 45 Primo,
1211 3046 112 45 falsa
1286 3046 87 45 est
1335 3046 174 45 propositio
1472 3046 149 45 connexa:
1584 3046 99 45 quia
1646 3046 99 45 usus
1695 3046 137 45 Ecclesiae

1036 3085 129 38 Veteris
1130 3085 164 38 Testamenti
1259 3085 82 38 non
1306 3085 82 38 est
1353 3085 176 38 arcessendus
1494 3085 59 38 a
1517 3085 164 38 temporibus
1646 3085 117 38 Ezrae,
1728 3085 82 38 sed
1764 3085 70 38 inde

1026 3116 61 40 a
1050 3116 135 40 conditu
1148 3116 123 40 mundi,
1234 3116 86 40 Jam
1283 3116 110 40 autem
1357 3116 61 40 a
1381 3116 110 40 mundi
1455 3116 135 40 exordio
1553 3116 123 40 semper
1639 3116 74 40 in
1676 3116 147 40 Ecclesia
1774 3116 49 40 ob

1018 3153 122 36 tinuit
1103 3153 122 36 lingua
1189 3153 171 36 vernacula.
1324 3153 135 36 Setundo
1422 3153 122 36 falsum
1508 3153 86 36 est
1557 3153 147 36 assumtum
1667 3153 122 36 duobus
1740 3153 86 36 modis

1028 3185 91 48 tum
1080 3185 104 48 quod
1145 3185 78 48 in
1185 3185 78 48 eo
1224 3185 157 48 negatur,
1341 3185 183 48 Scripturam
1485 3185 130 48 lingua
1576 3185 183 48 vernaculam
1720 3185 130 48 lectam
1798 3185 39 48 a
