2063 3397
215 156 79 52 tum
260 156 91 52 quod
317 156 125 52 Hebraea
407 156 113 52 lingua
486 156 125 52 negatur
577 156 113 52 fuisse
656 156 125 52 Judaeis
747 156 158 52 vernacula.
871 156 113 52 Tertio
939 156 68 52 fal-

221 202 67 40 sa
254 202 100 40 etiam
321 202 78 40 est
366 202 123 40 assumti
455 202 145 40 propnatio
566 202 167 40 dupliciter:
700 202 100 40 nempe
767 202 89 40 quod
823 202 67 40 in
856 202 67 40 ea
878 202 134 40 asseritur;

223 234 156 38 Chaldaica
343 234 84 38 vel
391 234 144 38 Syriacam
498 234 132 38 linguam
594 234 168 38 vernaculam
726 234 120 38 fuisse
810 234 132 38 Judaeis
905 234 96 38 post
953 234 60 38 Ba-

232 265 159 44 bysonicam
354 265 208 44 captivitatem.
526 265 86 44 Nos
575 265 98 44 vero
636 265 98 44 jure
697 265 147 44 negamus,
808 265 147 44 potuisse
906 265 110 44 Judaeos

233 301 78 42 tam
278 301 101 42 brevi
345 301 123 42 tempore
434 301 112 42 patrii
513 301 134 42 sermonis
614 301 101 42 obliv
681 301 90 42 sci,
737 301 78 42 aut
782 301 123 42 materna
872 301 112 42 lingua
939 301 67 42 ejus

222 330 92 43 rata
280 330 69 43 in
315 330 104 43 aliam
384 330 81 43 tam
430 330 116 43 subito
511 330 150 43 transire:
627 330 69 43 id
661 330 81 43 nec
708 330 104 43 verum
777 330 92 43 est,
835 330 81 43 nec
869 330 139 43 verisimile

230 363 95 43 Quis
290 363 107 43 totam
361 363 119 43 gentem
445 363 119 43 spacio
528 363 83 43 non
576 363 95 43 dico
635 363 191 43 septuaginta,
790 363 83 43 sed
838 363 119 43 potius
922 363 83 43 59,
957 363 60 43 aut

232 397 108 46 etiam
304 397 72 46 si
340 397 72 46 ad
377 397 157 46 postremam
497 397 205 46 deportationem
666 397 181 46 respexeris,
810 397 84 46 15,
858 397 133 46 annorum
943 397 60 46 ver

231 428 58 44 n
255 428 105 44 iculi
325 428 140 44 sermonis
430 428 128 44 oblitam
523 428 117 44 putet?
605 428 105 44 Certe
675 428 140 44 Propheta
780 428 140 44 Ezechiel
885 428 93 44 anno
931 428 82 44 adhuc

234 456 205 51 deportationis
403 456 193 51 quadragesimo
560 456 145 51 Hebraice
669 456 145 51 docebat,
777 456 193 51 scribebatque
922 456 85 51 Ezech

234 491 70 47 AO
269 491 94 47 Dani
328 491 140 47 eritidem
433 491 117 47 finito
515 491 82 47 jam
562 491 199 47 depottationis
726 491 140 47 tempore.
831 491 152 47 Similiter
937 491 70 47 Ezro

232 531 134 41 Augeus,
329 531 171 41 Zacharias,
464 531 171 41 Malachias,
598 531 146 41 Hebraice
708 531 220 41 concionabantur
891 531 61 41 &
903 531 110 41 prophe-

226 552 118 55 tabant,
312 552 65 55 ut
345 552 140 55 Scriptura
452 552 86 55 ipsa
506 552 108 55 testis
581 552 86 55 est,
635 552 65 55 id
667 552 86 55 est,
721 552 118 55 illorum
807 552 108 55 libri.
882 552 108 55 Deinde
947 552 75 55 falso

230 587 192 47 confunduntur
386 587 156 47 Chaldaica
506 587 60 47 &
530 587 132 47 Syriaca
627 587 120 47 lingua
711 587 84 47 cum
759 587 96 47 sint
819 587 156 47 diversae.
927 587 84 47 Quar-

232 624 120 44 falsum
316 624 84 44 est
364 624 132 44 Judaeos
460 624 96 44 post
520 624 192 44 captivitatem
676 624 180 44 Babylonicam
820 624 84 44 non
856 624 168 44 intellexisse

227 664 190 45 Hebraicam
359 664 132 45 linguam

263 685 177 54 REPLICANT.
402 685 63 54 I
427 685 63 54 o
453 685 88 54 non
503 685 227 54 intellexerunt.
692 685 113 54 Idque
768 685 113 54 patet
843 685 126 54 primo,
932 685 76 54 ex
957 685 63 54 Ne-

235 721 95 43 hem.
295 721 72 43 8.
330 721 83 43 ubi
378 721 155 43 scribitur
497 721 143 43 Nehemiam
605 721 60 43 &
629 721 107 43 Ezzam
700 721 60 43 &
724 721 131 43 Levitas
819 721 119 43 librum
903 721 107 43 Legis
962 721 60 43 po-

246 758 82 39 pulo
297 758 112 39 legisse
379 758 51 39 &
399 758 174 39 interpretatos
542 758 92 39 esse,
603 758 82 39 quia
654 758 92 39 nthil
716 758 102 39 eorum,
787 758 82 39 quae
838 758 153 39 legebantur:
951 758 71 39 popu-

238 787 76 51 lus
281 787 184 51 intelligebat:
433 787 87 51 Ezra
487 787 87 51 vero
541 787 195 51 interpretante,
703 787 119 51 populum
790 787 97 51 magna
855 787 119 51 letitia
930 787 76 51 affo-

245 826 81 43 ctum
295 826 91 43 esse,
356 826 81 43 quia
406 826 91 43 verba
467 826 91 43 Legis
517 826 151 43 intelligeret.

271 848 110 52 RESP.
344 848 183 52 Committitur
491 848 147 52 elenchus
601 848 147 52 allegati
711 848 208 52 impertinentis
869 848 147 52 testimonii

238 885 80 45 Nam
283 885 69 45 in
318 885 91 45 loco
375 885 137 45 Nehemiae
478 885 80 45 non
523 885 137 45 dicitur,
626 885 126 45 reduces
718 885 126 45 Judaeos
809 885 80 45 non
844 885 171 45 intellexissi-

232 922 128 38 linguam
326 922 163 38 Hebraicam:
454 922 58 38 &
477 922 70 38 ex
512 922 82 38 hoc
559 922 93 38 ipso
617 922 93 38 loco
675 922 117 38 evinci
757 922 128 38 potest,
850 922 82 38 eos
896 922 105 38 verba
955 922 58 38 le-

237 957 81 37 cta
284 957 196 37 intellexisse.
445 957 104 37 Idque
515 957 150 37 ostendunt
630 957 127 37 quatuor
711 957 139 37 argumenta-

238 981 71 49 1.
274 981 94 49 quia
332 981 94 49 Ezra
391 981 153 49 attulisse
509 981 129 49 dicitur
603 981 118 49 librum
685 981 106 49 Legis
756 981 59 49 &
780 981 129 49 legisse
874 981 106 49 coram
933 981 82 49 multi

248 1016 113 50 udine
324 1016 138 50 virorum
424 1016 63 50 &
449 1016 150 50 mulierum
561 1016 63 50 &
586 1016 150 50 quotquot
699 1016 113 50 erant
774 1016 100 50 apti
836 1016 88 50 per
886 1016 138 50 aetatem
974 1016 50 50 ad

234 1051 191 42 intelligenter
391 1051 158 42 audiendum.
515 1051 79 42 Non
560 1051 90 42 modo
617 1051 113 42 igitur
695 1051 158 42 audiebant,
819 1051 79 42 sed
853 1051 169 42 intelligentes

235 1084 150 40 audiebant,
353 1084 75 40 hoc
396 1084 86 40 est,
449 1084 182 40 intelligebant
599 1084 75 40 ea,
642 1084 86 40 quae
696 1084 150 40 audiebant,

244 1116 74 45 2.
281 1116 98 45 quia
342 1116 135 45 populus
440 1116 110 45 autes
513 1116 123 45 habuit
599 1116 74 45 ad
636 1116 123 45 librum
722 1116 110 45 legis
795 1116 159 45 attentas:
906 1116 110 45 quorsum

257 1155 84 37 vero
310 1155 74 37 h.e
352 1155 105 37 c.nisi
426 1155 95 37 lecta
489 1155 189 37 intellexisset?
647 1155 74 37 Cui
689 1155 147 37 verisimile
804 1155 84 37 esse
857 1155 116 37 potest,
930 1155 95 37 populum

244 1181 75 40 tot
287 1181 85 40 dies
340 1181 53 40 &
362 1181 75 40 tot
404 1181 128 40 quotidie
500 1181 96 40 horas
564 1181 139 40 patienter
671 1181 128 40 attentas
767 1181 160 40 praebiturum
895 1181 107 40 fuisse
959 1181 53 40 le-

242 1216 107 41 ctioni
317 1216 107 41 autes,
393 1216 86 41 nisi
446 1216 97 41 lecta
511 1216 193 41 intellexisset?
672 1216 97 41 nonne
736 1216 107 41 potius
811 1216 97 41 summo
875 1216 129 41 affectus
961 1216 54 41 fu-

254 1247 90 42 isset
314 1247 111 42 taedio,
395 1247 111 42 audiens
475 1247 80 42 quae
525 1247 70 42 non
555 1247 151 42 intelligeret.

252 1275 67 50 I.
285 1275 90 50 quia
342 1275 90 50 Ezra
398 1275 56 50 a
420 1275 90 50 mane
476 1275 101 50 usque
544 1275 67 50 ad
578 1275 135 50 meridiem
679 1275 56 50 e
701 1275 101 50 libro
769 1275 124 50 legisse
858 1275 112 50 fertur
937 1275 79 50 per
971 1275 56 50 se-

244 1314 96 47 ptem
304 1314 84 47 des
352 1314 72 47 At
388 1314 96 47 quis
448 1314 132 47 credet,
543 1314 215 47 sapientissimum
723 1314 156 47 Prophetam
842 1314 120 47 tantum
914 1314 108 47 sabori-

247 1349 86 36 sibi
301 1349 107 36 sumere
376 1349 129 36 voluisse
472 1349 75 36 vel
515 1349 96 36 etiam
579 1349 129 36 debuisse
676 1349 64 36 in
708 1349 129 36 legendo,
804 1349 86 36 nisi
858 1349 150 36 auditores,
965 1349 64 36 quae

248 1383 159 40 legebantur
372 1383 170 40 intelligere
508 1383 170 40 potuissent?
644 1383 68 40 Et
678 1383 102 40 certe
746 1383 102 40 longe
814 1383 113 40 abfuit
893 1383 57 40 a
904 1383 125 40 sapientia

253 1410 170 40 Prophetae,
387 1410 134 40 hominum
484 1410 195 40 multitudinem
642 1410 182 40 congregare,
788 1410 85 40 tum
837 1410 134 40 prodite
934 1410 73 40 in
958 1410 61 40 me-

248 1443 102 41 dium,
316 1443 113 41 librum
395 1443 136 41 aperire,
496 1443 113 41 legere
576 1443 102 41 tanto
643 1443 113 41 studio
723 1443 147 41 spacioque
836 1443 79 41 tam
881 1443 136 41 multatum
971 1443 57 41 ho-

256 1483 107 32 zarum
327 1483 83 32 ea,
375 1483 95 32 quae
434 1483 131 32 populus
530 1483 119 32 minime
613 1483 202 32 intelligebat:
779 1483 59 32 &
803 1483 131 32 proinde
898 1483 71 32 se
934 1483 59 32 &
946 1483 83 32 alios

251 1515 124 39 frustra
341 1515 147 39 fatigare.
454 1515 79 39 Sed
499 1515 90 39 quis
555 1515 79 39 non
600 1515 113 39 videt,
679 1515 180 39 adversarios,
826 1515 79 39 dum
871 1515 113 39 contra
939 1515 90 39 verna-

248 1550 101 34 culas
315 1550 156 34 Scripturae
438 1550 145 34 versiones
550 1550 156 34 disputant,
672 1550 89 34 haec
728 1550 78 34 duo
773 1550 112 34 agere?
851 1550 134 34 alterum,
952 1550 67 34 ut
974 1550 56 34 po-

243 1583 107 37 pulum
314 1583 118 37 semper
397 1583 71 37 in
433 1583 166 37 ignorantia
563 1583 166 37 detineant;
693 1583 142 37 alterum,
800 1583 71 37 ut
835 1583 130 37 errores
930 1583 95 37 suos
978 1583 47 37 oc

253 1609 130 41 cultent,
351 1609 65 41 ne
383 1609 108 41 videl,
459 1609 119 41 populus
545 1609 76 41 eos
589 1609 184 41 animadvertat.

252 1629 67 55 4.
285 1629 90 55 quia
341 1629 134 55 dicitur,
442 1629 90 55 quod
498 1629 90 55 Ezra
554 1629 145 55 explanate
666 1629 56 55 &
688 1629 145 55 distincte
800 1629 134 55 legerit,
901 1629 78 55 vid
946 1629 67 55 ut
968 1629 56 55 po-

254 1676 101 42 pulus
321 1676 68 42 ex
355 1676 146 42 distincta
468 1676 135 42 lectione
569 1676 113 42 melius
648 1676 101 42 omnia
715 1676 191 42 intelligeret,
873 1676 90 42 quae
918 1676 113 42 legeban-

257 1706 81 38 tur.
307 1706 121 38 Alioquin
398 1706 111 38 perinde
479 1706 81 38 est,
530 1706 81 38 sive
580 1706 101 38 recte,
651 1706 81 38 sive
702 1706 111 38 vitiose
782 1706 91 38 legas
843 1706 81 38 apud
894 1706 81 38 eos,
944 1706 71 38 qui
974 1706 51 38 ni-

250 1737 78 43 hil
294 1737 145 43 eorumquae
406 1737 145 43 leguntur,
517 1737 178 43 intelligunt.
661 1737 100 43 Atque
728 1737 111 43 utinam
806 1737 111 43 saltem
883 1737 133 43 Papistae
972 1737 56 43 di-

250 1773 120 45 stincte
337 1773 55 45 &
359 1773 98 45 recte
425 1773 109 45 Latina
501 1773 65 45 in
534 1773 120 45 templis
621 1773 142 45 legerent,
730 1773 131 45 siquidem
828 1773 76 45 ita
871 1773 109 45 Latina
937 1773 87 45 lingu-

252 1806 61 44 in
282 1806 102 44 sacris
354 1806 163 44 delectantur:

548 1828 204 64 Triplicant.

294 1874 62 42 At
325 1874 72 42 qui
366 1874 92 42 facta
427 1874 72 42 est
468 1874 123 42 laetitia
560 1874 92 42 magna
622 1874 62 42 in
653 1874 113 42 populo,
735 1874 82 42 quia
786 1874 164 42 intellexerat
919 1874 92 42 verba
971 1874 51 42 Le-

250 1915 89 44 gis,
305 1915 133 44 Nehemia,
405 1915 100 44 Ezra,
471 1915 55 44 &
494 1915 122 44 Levitus
582 1915 144 44 vernacula
693 1915 111 44 lingua
770 1915 66 44 ea
793 1915 210 44 interpretantibus.

279 1946 106 38 RESP.
350 1946 118 38 Primo,
432 1946 141 38 Elenchus
539 1946 94 38 est,
633 1946 130 38 :
727 1946 141 38 Fingitur
833 1946 94 38 enim
892 1946 106 38 causa
951 1946 71 38 lae-

249 1975 118 38 titiae
332 1975 118 38 fuisse
415 1975 95 38 quod
474 1975 106 38 lecta
545 1975 118 38 primum
628 1975 106 38 verba
699 1975 83 38 non
746 1975 166 38 intellecta
876 1975 130 38 populo,
959 1975 71 38 post

255 2012 104 34 trans
325 2012 93 34 lata
383 2012 128 34 fuerint
476 2012 104 34 eadem
545 2012 70 34 in
580 2012 104 34 aliam
650 2012 128 34 linguam
743 2012 93 34 quam
801 2012 128 34 populus
882 2012 139 34 intellige-

243 2044 94 35 bat,
302 2044 94 35 quod
361 2044 106 35 plane
431 2044 141 35 insulsum
537 2044 94 35 est.
596 2044 82 35 Nam
643 2044 106 35 verba
714 2044 106 35 Legis
784 2044 106 35 palam
855 2044 59 35 &
878 2044 118 35 aperte
949 2044 82 35 lecta

247 2077 119 37 fuerunt
334 2077 65 37 in
366 2077 140 37 suggesto,
474 2077 97 37 eaque
539 2077 108 37 lectio
614 2077 65 37 ad
646 2077 97 37 horas
711 2077 119 37 aliquot
797 2077 151 37 protracta:
916 2077 76 37 tum
948 2077 76 37 scri-

240 2110 104 42 ptura
310 2110 104 42 lecta
379 2110 139 42 exposita
484 2110 93 42 fuit
541 2110 150 42 aperiendo
657 2110 116 42 sensum
738 2110 58 42 &
761 2110 208 42 intelligentiam
923 2110 93 42 verbo-

238 2143 84 34 rum
286 2143 167 34 concionali
417 2143 191 34 explicatione
573 2143 60 34 &
597 2143 215 34 accommodatione
776 2143 155 34 populari:
895 2143 108 34 idque
955 2143 60 34 He-

242 2175 113 35 Braice.
324 2175 93 35 Atque
386 2175 82 35 hinc
438 2175 82 35 illa
489 2175 82 35 nata
541 2175 124 35 laetitia
633 2175 82 35 est,
685 2175 82 35 quam
736 2175 113 35 populum
819 2175 124 35 perfusum
912 2175 82 35 esse
953 2175 72 35 scri-

246 2209 109 36 ptura
319 2209 158 36 testatur,
440 2209 122 36 quando
525 2209 158 36 expositam
647 2209 61 36 &
671 2209 170 36 declaratam
805 2209 97 36 (non
866 2209 158 36 conversam
975 2209 49 36 ex

234 2239 123 36 lingua
320 2239 135 36 Hebraea
418 2239 74 36 in
455 2239 184 36 Chaldaicam)
602 2239 110 36 Legem
675 2239 147 36 audivit.
786 2239 147 36 Secundo,
896 2239 98 36 quod
945 2239 74 36 Bel-

239 2275 155 36 larminus
355 2275 155 36 Nehemiam
472 2275 116 36 intet
549 2275 155 36 docentes
666 2275 65 36 &
692 2275 116 36 Legem
769 2275 91 36 cum
821 2275 103 36 Ezra
873 2275 142 36 interpre-

233 2313 120 32 tantes
317 2313 145 32 numerat,
426 2313 181 32 dormitantis
570 2313 108 32 sermo
643 2313 96 32 est,
703 2313 84 32 aut
751 2313 108 32 aliud
823 2313 145 32 agentis:
932 2313 84 32 Nam
968 2313 60 32 Ne-

238 2338 117 39 hemias
320 2338 82 39 cum
367 2338 93 39 Ezra
425 2338 70 39 in
460 2338 128 39 patriam
553 2338 82 39 non
600 2338 128 39 rediit,
693 2338 105 39 neque
763 2338 151 39 Sacerdos,
879 2338 82 39 aut
914 2338 105 39 Levita.

239 2366 100 44 fuit,
306 2366 78 44 aut
350 2366 145 44 concionem
451 2366 100 44 habuit.

271 2406 167 43 Iostantia,
403 2406 84 43 qua
450 2406 108 43 aliud
522 2406 167 43 argumentum
653 2406 155 43 profertur
773 2406 72 43 ad
809 2406 167 43 probandum,
928 2406 84 43 Judae

240 2435 74 55 os
277 2435 98 55 post
338 2435 196 55 captivitatem
497 2435 184 55 Babylonicam
644 2435 135 55 liuguam
742 2435 147 55 Hebraeam
853 2435 86 55 non
889 2435 123 55 intelle

220 2467 89 42 xisse.

268 2501 74 41 Ex
305 2501 99 41 Novo
366 2501 172 41 Testamento
502 2501 148 41 constat,
613 2501 135 41 populum
711 2501 148 41 Iudaicum
822 2501 135 41 tempere
908 2501 111 41 Christ.

232 2528 99 47 Syro
293 2528 136 47 sermone
392 2528 99 47 usum
454 2528 111 47 esse.
528 2528 86 47 Nam
577 2528 123 47 illud,
663 2528 136 47 Talitha
762 2528 99 47 Rumi
824 2528 111 47 Marti
898 2528 74 47 5,
935 2528 62 47 &
947 2528 74 47 Abba

238 2566 106 39 Marci
309 2566 83 39 14.
356 2566 59 39 &
380 2566 166 39 Hacheldema
510 2566 95 39 Act.
569 2566 71 39 1.
605 2566 142 39 Golgotha
711 2566 95 39 item
771 2566 59 39 &
794 2566 130 39 Pascha,
889 2566 83 39 nec
924 2566 95 39 Graeco

236 2600 78 42 nec
280 2600 122 42 Hebraea
369 2600 100 42 voces
435 2600 100 42 sunt:
502 2600 89 42 Ergo
557 2600 111 42 Iudaei
635 2600 122 42 tempore
723 2600 122 42 Christi
812 2600 78 42 non
845 2600 177 42 intellexerunt.

240 2627 165 43 Hebraicam
355 2627 127 43 linguam.

269 2653 113 51 RESP.
345 2653 113 51 Primo
420 2653 138 51 tempora
521 2653 201 51 confunduntur
685 2653 189 51 :
836 2653 138 51 diversi
924 2653 88 51 auter

234 2699 144 42 temporis
342 2699 132 42 diversa
438 2699 108 42 plane
510 2699 120 42 ratio.
594 2699 108 42 Vsque
665 2699 72 42 ad
701 2699 132 42 tempora
797 2699 144 42 Nehemiae
905 2699 60 42 &
917 2699 108 42 Alexan-

232 2733 82 32 dri
279 2733 105 32 Magni
349 2733 129 32 duravit
443 2733 129 32 linguae
536 2733 140 32 Hebraeae
642 2733 94 32 usus
700 2733 70 32 in
735 2733 105 32 vulgo
805 2733 164 32 Judaeorum,
922 2733 94 32 deindi

231 2765 108 35 demum
303 2765 144 35 invaluit
411 2765 156 35 corruptio
532 2765 132 35 illius,
628 2765 96 35 quum
688 2765 108 35 Reges
760 2765 120 35 Syriae
845 2765 108 35 omnia
905 2765 108 35 contur.

234 2792 161 39 bavissent
358 2792 99 39 diu;
420 2792 62 39 &
444 2792 161 39 commercio
568 2792 174 39 Praesidum,
705 2792 136 39 militum
804 2792 174 39 exterorum,
928 2792 87 39 Genti

231 2826 98 35 lium
292 2826 134 35 denique
389 2826 134 35 omnium,
487 2826 134 35 Judaeam
585 2826 134 35 gentem,
682 2826 122 35 legem,
768 2826 134 35 linguam
866 2826 134 35 pariter
951 2826 61 35 con

231 2864 174 33 fudissent.
368 2864 87 33 Quo
417 2864 137 33 tempore
517 2864 125 33 Judaei
604 2864 87 33 non
654 2864 112 33 Syram
729 2864 199 33 simpliciter,
891 2864 87 33 sed
928 2864 100 33 mistam

238 2894 124 32 quandam
328 2894 124 32 linguam
418 2894 90 32 quae
474 2894 203 32 Ietosolymitana
643 2894 135 32 dicitur,
745 2894 169 32 usurparunt,
880 2894 68 32 id
914 2894 90 32 est,
959 2894 56 32 Su-

232 2927 83 34 tae
280 2927 154 34 dialectum
398 2927 143 34 quandam:
505 2927 83 34 nam
553 2927 143 34 alioquin
660 2927 131 34 Judaeis
755 2927 95 34 Syri
814 2927 59 34 &
838 2927 166 34 Samaritani
957 2927 59 34 i1t

241 2959 95 35 odio
300 2959 107 35 etant
372 2959 107 35 adeo,
443 2959 71 35 ut
478 2959 83 35 vel
526 2959 59 35 a
549 2959 119 35 lingua
633 2959 130 35 ipsorum
727 2959 178 35 contentione
870 2959 107 35 summa
929 2959 83 35 abhor

237 2992 133 36 rerent:
333 2992 133 36 Tempore
430 2992 97 36 ergo
490 2992 133 36 Christi
587 2992 121 36 Judaei
671 2992 72 36 in
707 2992 157 36 famitiati
828 2992 133 36 sermone
912 2992 109 36 linguam

230 3021 105 39 suam
296 3021 79 39 ad
335 3021 171 39 vicinorum
467 3021 145 39 Syrorum
572 3021 158 39 sermonem
691 3021 224 39 inflectebant.
875 3021 105 39 Unde
928 3021 92 39 etiam

233 3055 126 46 necesse
324 3055 92 46 fuit
382 3055 126 46 propter
474 3055 92 46 rude
531 3055 126 46 vulgus,
623 3055 115 46 sacros
704 3055 115 46 libros
784 3055 149 46 Chaldaica
888 3055 126 46 paraphrat

241 3091 70 34 in
276 3091 153 34 Synagogis
394 3091 164 34 explicate.
523 3091 94 34 Hinc
582 3091 141 34 Thargum,
687 3091 70 34 id
723 3091 94 34 est,
781 3091 176 34 paraphrasi:
910 3091 106 34 Heroso-

231 3115 152 41 lymitana
345 3115 63 41 &
371 3115 177 41 Babylonica
510 3115 127 41 autore
598 3115 127 41 Onfelo
687 3115 63 41 &
712 3115 266 41 sonathan,originem
927 3115 89 41 duxe-

228 3149 109 45 runt.
300 3149 109 45 Sermo
373 3149 145 45 vulgatis
482 3149 133 45 Christi
578 3149 133 45 tempore
675 3149 97 45 fuit
735 3149 97 45 fere
796 3149 145 45 Chaldaeo
892 3149 133 45 Syriacus.

1045 155 171 46 Concedimus
1179 155 135 46 igitur,
1277 155 208 46 posterioribus
1448 155 183 46 temporibus,
1595 155 110 46 nempe
1668 155 135 46 Christo
1766 155 73 46 in
1791 155 73 46 car-

1056 192 76 36 ne
1094 192 152 36 exhibito
1208 192 139 36 Judaeos
1309 192 101 36 ulos
1372 192 101 36 Syro
1436 192 152 36 sermone,
1550 192 152 36 quanquam
1663 192 89 36 non
1714 192 101 36 pure
1764 192 89 36 Syro-

1053 227 82 35 sed
1100 227 106 35 misto
1171 227 82 35 cum
1218 227 141 35 Hebraeo,
1324 227 71 35 id
1359 227 94 35 est,
1418 227 94 35 Syro
1476 227 212 35 Jerosolymitano
1653 227 94 35 Unde
1711 227 71 35 in
1735 227 129 35 negotiis.

1057 260 59 38 &
1081 260 187 38 contractibus
1233 260 152 38 civilibus
1350 260 70 38 in
1385 260 105 38 vulgo
1455 260 140 38 obtinuit
1560 260 94 38 Syra
1619 260 211 38 Jerosolymitana
1783 260 70 38 uni-

1053 294 124 36 verse,
1140 294 75 36 in
1177 294 124 36 divino
1264 294 112 36 cultu
1339 294 112 36 autem
1413 294 137 36 Hebraea
1513 294 187 36 communiter:
1662 294 87 36 Ita
1712 294 100 36 haec
1762 294 100 36 commu-

1054 325 88 37 nis,
1109 325 88 37 illa
1164 325 132 37 vulgaris
1263 325 99 37 fuit:
1328 325 99 37 magna
1394 325 99 37 autem
1460 325 99 37 inter
1526 325 132 37 utrasque
1625 325 154 37 affinitas.
1745 325 99 37 Itaq.
1800 325 55 37 He-

1059 358 110 39 braea
1132 358 123 39 quidem
1218 358 123 39 lingua
1304 358 172 39 Scripturae
1439 358 184 39 legebantur,
1586 358 86 39 sed
1635 358 159 39 conciones
1745 358 110 39 habebam

1056 393 81 37 tur
1103 393 93 37 Syre
1161 393 69 37 in
1195 393 150 37 Synagogis
1311 393 116 37 aetato
1392 393 139 37 Christi,
1496 393 139 37 postquam
1600 393 116 37 textus
1681 393 162 37 Scripturae
1797 393 58 37 le-

1067 425 90 37 ctus
1123 425 124 37 fuisset
1213 425 147 37 Hebraice.
1326 425 124 37 Secundo
1416 425 90 37 plus
1473 425 180 37 concluditur,
1619 425 90 37 quam
1676 425 124 37 patitur
1755 425 101 37 antece-

1056 456 107 40 dens.
1128 456 83 40 Hoc
1175 456 95 40 enim
1235 456 119 40 tantum
1318 456 155 40 sequitur:
1438 456 95 40 Ergo
1497 456 131 40 praeter
1593 456 155 40 Hebraicam
1712 456 131 40 linguam
1795 456 60 40 te-

1060 491 130 39 nuerunt
1155 491 118 39 Iudaei
1238 491 107 39 etiam
1309 491 154 39 Syriacam:
1427 491 95 39 Vel:
1486 491 95 39 Ergo
1545 491 107 39 vulgi
1616 491 118 39 lingua
1699 491 83 39 non
1747 491 95 39 fuit
1794 491 71 39 pure

1069 526 140 37 Hebraioa,
1177 526 75 37 sed
1220 526 108 37 multis
1295 526 129 37 externis
1392 526 65 37 ac
1424 526 151 37 peregrinis
1543 526 118 37 vocibus
1629 526 108 37 mista.
1704 526 108 37 Terto,
1780 526 65 37 ut
1801 526 54 37 fit

1059 561 72 39 ma
1095 561 85 39 sit
1143 561 181 39 consecutio,
1288 561 133 39 necesse
1385 561 85 39 est
1433 561 97 39 hanc
1494 561 205 39 propositionem
1663 561 109 39 veram
1735 561 109 39 esse:
1808 561 85 39 Qui

1067 593 89 39 Syro
1123 593 78 39 vel
1167 593 145 39 Chaldateo
1279 593 123 39 sermone
1369 593 123 39 utitur,
1458 593 67 39 is
1492 593 134 39 Hebraeum
1593 593 78 39 non
1637 593 112 39 intell
1716 593 89 39 git.
1772 593 67 39 At
1794 593 67 39 quio

1068 629 126 33 mpedit
1157 629 88 33 quo
1207 629 113 33 minus
1283 629 139 33 utraque
1383 629 126 33 lingua
1472 629 126 33 Judeis
1560 629 101 33 nota
1623 629 126 33 esset,
1698 629 164 33 quemadmodum

1063 660 98 40 nunc
1124 660 122 40 multis
1209 660 134 40 populis
1307 660 171 40 praesertim
1441 660 73 40 in
1478 660 134 40 finibus
1575 660 146 40 regnorum
1685 660 61 40 &
1709 660 146 40 regionum
1807 660 61 40 ha-

1065 689 181 37 bitantibus,
1210 689 84 37 non
1258 689 109 37 solum
1330 689 145 37 materna,
1439 689 84 37 sed
1487 689 109 37 etiam
1559 689 121 37 vicini
1644 689 121 37 populi
1728 689 121 37 lingua
1801 689 60 37 not

1068 722 170 40 communiter
1202 722 158 40 exsistit?
1323 722 110 40 Certe
1396 722 134 40 Judaeis
1494 722 134 40 tempore
1591 722 146 40 exhibiti
1701 722 134 40 Christi
1786 722 73 40 lin-

1064 754 101 46 guam
1127 754 151 46 Hebraeam
1241 754 176 46 communiter
1379 754 113 46 notai
1455 754 138 46 fuisse,
1555 754 113 46 licet
1631 754 101 46 Syra
1681 754 189 46 Jerosolymita-

1063 796 64 37 na
1095 796 140 37 vernacula
1203 796 75 37 tum
1246 796 107 37 esset,
1321 796 97 37 satis
1385 796 107 37 liquet
1450 796 75 37 inde-

1057 828 84 39 I.
1099 828 112 39 quia
1169 828 84 39 in
1211 828 182 39 Synagogis
1351 828 126 39 Mosen
1435 828 70 39 &
1463 828 182 39 Prophetas
1604 828 168 39 Hebraice
1716 828 154 39 legebant:

1066 853 90 42 quod
1122 853 101 42 certe
1190 853 79 42 non
1235 853 158 42 fecissent,
1358 853 68 42 si
1392 853 113 42 lingua
1471 853 90 42 haec
1527 853 113 42 populo
1606 853 124 42 penitus
1696 853 113 42 ignota
1764 853 101 42 fuisset

1067 887 73 37 2.
1103 887 97 37 quia
1164 887 133 37 populus
1260 887 97 37 ipse
1321 887 60 37 &
1345 887 109 37 legit
1418 887 60 37 &
1442 887 133 37 locutus
1539 887 85 37 est
1587 887 157 37 Hebraice,
1708 887 97 37 eisi
1768 887 85 37 non
1805 887 60 37 om-

1065 925 98 33 nino
1126 925 98 33 pure
1187 925 159 33 Hebraice,
1310 925 86 33 sed
1359 925 110 33 mista
1433 925 123 33 quadam
1518 925 159 33 Dialecto.
1641 925 86 33 Nam
1690 925 135 33 titulus
1776 925 98 33 crucis

1069 956 120 39 Christi
1157 956 131 39 Hebraice
1255 956 131 39 scriptus
1354 956 55 39 a
1376 956 109 39 multis
1452 956 88 39 fuit
1507 956 109 39 lectus
1583 956 55 39 &
1605 956 175 39 intellectus.
1748 956 77 39 Jol
1791 956 77 39 19.
1824 956 44 39 v.

1070 990 80 36 19,
1115 990 80 36 20.
1161 990 68 36 Et
1195 990 114 36 Paulus
1275 990 125 36 locutus
1366 990 80 36 est
1651 990 91 36 Act.
1708 990 80 36 21.
1753 990 68 36 40
1787 990 57 36 &
1799 990 68 36 cap.

1062 1025 85 35 12.
1111 1025 85 35 cum
1159 1025 122 35 Judaei
1245 1025 122 35 initio
1330 1025 146 35 audirent
1440 1025 110 35 ipsum
1513 1025 159 35 loquentem
1672 1025 134 35 g

1071 1048 69 42 eo
1106 1048 104 42 magis
1175 1048 196 42 conquieverunt
1337 1048 58 42 &
1360 1048 185 42 attenderunt.
1510 1048 139 42 Intellex
1614 1048 81 42 sse
1660 1048 104 42 autem
1729 1048 104 42 ipsos
1787 1048 81 42 quae-

1065 1085 61 37 a
1089 1085 111 37 Paulo
1163 1085 184 37 dicebantur,
1311 1085 111 37 satis
1384 1085 98 37 inde
1446 1085 135 37 liquet,
1544 1085 98 37 quod
1606 1085 135 37 attenti
1704 1085 111 37 ipsum
1766 1085 98 37 audiet

1067 1119 101 35 rint,
1134 1119 101 35 denec
1202 1119 67 35 de
1235 1119 79 35 sua
1280 1119 135 35 missione
1382 1119 67 35 ad
1415 1119 112 35 gentes
1494 1119 101 35 verba
1561 1119 135 35 faceret:
1663 1119 79 35 tum
1708 1119 90 35 enim
1764 1119 79 35 lli
1798 1119 67 35 coe-

1065 1154 124 42 perunt
1151 1154 148 42 clamare,
1262 1154 111 42 Tolle
1337 1154 62 42 e
1361 1154 111 42 terra
1435 1154 136 42 hominem
1534 1154 161 42 ejusmodi,
1658 1154 87 42 &c.
1707 1154 99 42 Quod
1769 1154 74 42 si
1794 1154 74 42 quis

1065 1189 151 38 replicet.
1182 1189 140 38 Syriatam
1286 1189 128 38 ingnam,
1379 1189 93 38 quae
1438 1189 128 38 Judaeis
1531 1189 81 38 tum
1577 1189 151 38 vernacula
1694 1189 105 38 erat,
1752 1189 116 38 appellar

1077 1220 74 36 in
1114 1220 86 36 his
1163 1220 98 36 Novi
1224 1220 172 36 Testamenti
1360 1220 111 36 locit
1433 1220 172 36 Hebraicam:
1569 1220 74 36 is
1606 1220 111 36 tamen
1679 1220 172 36 meminerit,
1802 1220 62 36 eam

1072 1256 83 34 non
1119 1256 118 34 fuisse
1202 1256 95 34 pure
1261 1256 118 34 Syram,
1344 1256 83 34 sed
1391 1256 118 34 potius
1474 1256 154 34 dialectum
1592 1256 142 34 Hebraeae
1699 1256 118 34 mistam
1781 1256 71 34 ex
1805 1256 59 34 ve-

1074 1284 96 45 tere
1134 1284 131 45 Hebraea
1229 1284 60 45 &
1241 1284 72 45 Syra

1105 1309 251 45 INSTANTRURSUS.
1314 1309 111 45 Joh.
1384 1309 84 45 7.
1425 1309 97 45 49.
1481 1309 139 45 dicunt
1579 1309 181 45 Pharisai:
1718 1309 125 45 Turba
1787 1309 84 45 haec

1084 1350 85 36 quae
1138 1350 75 36 non
1180 1350 96 36 novit
1245 1350 107 36 Legem,
1319 1350 171 36 exsecrabilis
1458 1350 85 36 est.
1512 1350 85 36 Ergo
1565 1350 118 36 Iudaeis
1651 1350 75 36 non
1693 1350 85 36 fuit
1747 1350 85 36 nota
1790 1350 85 36 lingua

1065 1381 119 40 Hebraica.

1106 1414 121 41 RESP.
1186 1414 94 41 Est
1240 1414 175 41 homonymia
1375 1414 81 41 in
1415 1414 121 41 verbo
1496 1414 121 41 novit
1577 1414 94 41 Non
1631 1414 108 41 enim
1698 1414 81 41 de
1738 1414 148 41 lingua,
1833 1414 40 41 &

1081 1450 110 34 verbis
1158 1450 55 34 &
1180 1450 132 34 literis,
1279 1450 77 34 sed
1323 1450 66 34 de
1356 1450 143 34 sententia
1466 1450 132 34 sensuque
1566 1450 99 34 Legis
1632 1450 187 34 intelligendum
1786 1450 77 34 est
1819 1450 55 34 di-

1077 1479 95 41 ctum
1136 1479 201 41 Pharisaeorum.
1302 1479 118 41 Summam
1385 1479 95 41 enim
1444 1479 95 41 sibi
1504 1479 107 41 legis
1575 1479 154 41 scientiam
1693 1479 142 41 Pharisei
1788 1479 71 41 atre

1077 1515 128 47 gabant,
1171 1515 105 47 cujus
1241 1515 140 47 opinione
1345 1515 105 47 elati
1415 1515 128 47 populum
1509 1515 82 47 tam
1555 1515 163 47 fastidiore
1683 1515 117 47 conten
1765 1515 128 47 nebant.

1105 1547 271 39 INSTANTULTERIUS:
1336 1547 149 39 Christo
1444 1547 163 39 clamante
1566 1547 81 39 in
1607 1547 135 39 cruce,
1701 1547 95 39 Eli
1756 1547 95 39 Eli
1796 1547 68 39 ia-

1080 1577 72 41 ma
1116 1577 181 41 sabacheani,
1261 1577 121 41 quidam
1346 1577 157 41 dixerunt,
1466 1577 109 41 Eliam
1539 1577 121 41 vocat:
1623 1577 97 41 Ergo
1684 1577 133 41 linguam
1768 1577 97 41 Hebrae

1079 1610 82 44 am
1107 1610 163 44 ignorabant

1106 1636 119 51 RESP.
1185 1636 93 51 Imo
1238 1636 93 51 hoc
1291 1636 93 51 non
1344 1636 172 51 dixerunt,
1477 1636 106 51 quod
1543 1636 146 51 linguam
1649 1636 199 51 ignorarent,
1808 1636 93 51 sed

1078 1681 89 38 quia
1133 1681 156 38 sarcastice
1256 1681 122 38 Christo
1345 1681 133 38 illudere
1445 1681 144 38 volebant,
1556 1681 100 38 quasi
1622 1681 100 38 Eliae
1689 1681 133 38 auxilium
1778 1681 89 38 implo-

1081 1714 123 40 rasset,
1170 1714 78 40 cum
1215 1714 67 40 se
1249 1714 134 40 liberate
1349 1714 78 40 non
1394 1714 123 40 posset,
1484 1714 67 40 ut
1517 1714 101 40 impii
1584 1714 90 40 illi
1640 1714 145 40 putabant.
1752 1714 78 40 Non
1786 1714 78 40 ergio

1082 1747 100 38 ninc
1145 1747 125 38 evinci
1233 1747 138 38 potest,
1333 1747 138 38 populum
1434 1747 151 38 Judaicum
1547 1747 138 38 linguam
1647 1747 163 38 Hebraitam
1773 1747 88 38 non
1810 1747 63 38 in

1056 1775 134 43 tellexisse.

1174 1805 387 61 OBIECTIO
1432 1805 322 61 SECVROA.

1104 1853 145 54 Apostoli
1213 1853 85 54 non
1261 1853 182 54 scripserunt
1407 1853 73 54 in
1443 1853 121 54 quavis
1528 1853 133 54 lingua,
1625 1853 85 54 sed
1673 1853 109 54 tamum
1746 1853 133 54 Graeca,
1831 1853 48 54 ad

1098 1897 137 30 pascunque
1203 1897 105 30 gentes
1276 1897 158 30 scriberent;
1402 1897 74 30 vel
1444 1897 126 30 Hebraea,
1539 1897 74 30 vel
1570 1897 84 30 Latina

1103 1916 86 42 Ergo
1157 1916 150 42 vernatulae
1275 1916 139 42 versiones
1382 1916 150 42 Scripturae
1499 1916 75 42 non
1542 1916 86 42 sunt
1585 1916 150 42 necessariae.

1110 1948 117 46 RESP.
1188 1948 129 46 Primo,
1278 1948 142 46 committ
1382 1948 91 46 tur
1434 1948 155 46 elenehus
1745 1948 78 46 in
1770 1948 104 46 omissa

1080 1993 199 33 propositione
1241 1993 137 33 connexa
1340 1993 124 33 videl.
1427 1993 74 33 Si
1464 1993 74 33 Aj
1502 1993 124 33 ostoli
1589 1993 74 33 ad
1626 1993 112 33 omnes
1700 1993 124 33 gente.
1787 1993 74 33 so
1812 1993 62 33 um-

1065 2022 95 35 modo
1124 2022 130 35 Graece.
1219 2022 83 35 vel
1267 2022 142 35 Hebraice
1373 2022 83 35 vel
1421 2022 118 35 Latine
1504 2022 190 35 scripserunt,
1658 2022 142 35 sequitur
1752 2022 107 35 vernacu

1072 2052 80 38 las
1117 2052 149 38 versiones
1232 2052 80 38 non
1278 2052 92 38 esse
1335 2052 183 38 necessarias.
1484 2052 80 38 Nam
1530 2052 137 38 perperam
1633 2052 149 38 confertur
1747 2052 92 38 haec
1793 2052 69 38 prae

1075 2085 95 41 sens
1135 2085 119 41 aetas,
1218 2085 83 41 cum
1266 2085 119 41 aetate
1349 2085 179 41 Apostolotum
1492 2085 71 41 si
1528 2085 131 41 linguas
1623 2085 143 41 spectes.
1730 2085 83 41 Nam
1766 2085 107 41 Graeca-

1067 2114 128 44 lingua
1157 2114 192 44 Apostolorum
1311 2114 141 44 tempore
1413 2114 205 44 communissima
1580 2114 103 44 fuit
1644 2114 64 44 &
1670 2114 64 44 a
1695 2114 154 44 plurimis
1798 2114 64 44 po-

1083 2153 93 36 ulis
1142 2153 222 36 intelligebatur:
1328 2153 70 36 at
1363 2153 93 36 nunc
1422 2153 82 36 non
1468 2153 82 36 est
1515 2153 82 36 ita
1562 2153 140 36 coimunis
1667 2153 140 36 amplius,
1772 2153 82 36 nec
1807 2153 58 36 in-

1067 2184 157 37 telligitur
1190 2184 90 37 nisi
1246 2184 67 37 ab
1280 2184 112 37 illis,
1358 2184 78 37 qui
1403 2184 67 37 in
1437 2184 123 37 Scholis
1526 2184 56 37 a
1549 2184 146 37 magistris
1661 2184 168 37 didicerunt.
1796 2184 56 37 D
1807 2184 67 37 irde

1069 2214 148 44 assumtio
1180 2214 74 44 ex
1217 2214 111 44 parte
1291 2214 148 44 negatur:
1402 2214 86 44 nam
1451 2214 148 44 Apostoli
1562 2214 148 44 Hebraica
1674 2214 86 44 vel
1723 2214 123 44 Latina
1797 2214 74 44 lin-

1066 2248 76 52 gua
1110 2248 65 52 ud
1142 2248 141 52 Ecclesias
1251 2248 76 52 non
1295 2248 174 52 scripserunt,

1219 2277 385 69 CAPTI

1157 2347 83 51 De
1199 2347 193 51 praecipuis
1350 2347 262 51 translationibus
1571 2347 83 51 S.
1599 2347 179 51 Scripturae.

1140 2400 87 42 UUM
1189 2400 162 42 Ecclesiis
1314 2400 87 42 per
1364 2400 112 42 totum
1438 2400 149 42 terrarum
1550 2400 112 42 orbem
1625 2400 137 42 sparsis
1725 2400 62 42 &
1737 2400 137 42 diversis.

1147 2444 103 38 plane
1215 2444 126 38 linguis
1306 2444 148 38 utentibus
1420 2444 171 38 necessariae
1557 2444 126 38 fuerint
1649 2444 103 38 atque
1717 2444 137 38 etiamnum
1809 2444 68 38 sint

1125 2470 163 52 aversiones
1253 2470 70 52 S.
1288 2470 175 52 Scripturae:
1428 2470 163 52 explicanda
1556 2470 81 52 est
1602 2470 140 52 deinceps
1707 2470 105 52 carum
1765 2470 105 52 distin-

1059 2501 94 43 ctio
1118 2501 58 43 &
1129 2501 129 43 autoritas

1112 2533 193 45 Translationes
1270 2533 79 45 seu
1316 2533 147 45 versiones
1429 2533 159 45 Scripturae
1554 2533 68 45 S.
1588 2533 68 45 in
1622 2533 125 45 linguas
1712 2533 136 45 vulgares
1803 2533 68 45 sunt

1059 2574 136 34 muliae:
1157 2574 111 34 dist,
1232 2574 148 34 nguuntur
1343 2574 111 34 tamen
1417 2574 136 34 commode
1516 2574 74 34 in
1553 2574 148 34 antiquas
1664 2574 62 34 &
1676 2574 136 34 recentes.

1095 2601 145 41 Antiquae
1204 2601 157 41 versiones
1325 2601 133 41 Veteris
1422 2601 170 41 Testamenti
1555 2601 109 41 aliae
1628 2601 97 41 aute
1688 2601 145 41 Christum
1785 2601 85 41 natum

1072 2634 102 40 aliae
1140 2634 91 40 pest
1197 2634 137 40 Christum
1299 2634 102 40 natum
1356 2634 148 40 prodierunt.

1087 2657 108 55 Ante
1155 2657 163 55 Christum
1277 2657 122 55 natum
1359 2657 149 55 prodiit
1467 2657 136 55 versio
1562 2657 136 55 Graeca
1657 2657 122 55 LXXII
1725 2657 149 55 interpre-

1075 2708 96 46 lum.
1135 2708 132 46 Thargum
1231 2708 96 46 vero
1291 2708 168 46 Jonathanis
1423 2708 108 46 filii
1494 2708 132 46 Uzielis
1590 2708 84 46 non
1638 2708 84 46 tam
1686 2708 120 46 versio
1770 2708 84 46 est
1806 2708 72 46 quam

1060 2732 184 46 Paraphrasis
1195 2732 135 46 Chaldaica

1098 2765 94 39 Post
1157 2765 141 39 Christum
1263 2765 106 39 natum
1334 2765 165 39 prodierunt
1464 2765 130 39 Graecae
1558 2765 59 39 &
1581 2765 130 39 Latinae
1676 2765 153 39 plurimae,
1794 2765 71 39 ut
1817 2765 59 39 et-

1060 2796 71 49 iam
1100 2796 61 49 in
1131 2796 91 49 aliis
1182 2796 101 49 linguis.

1102 2829 131 41 Graecae
1197 2829 95 41 quae
1256 2829 95 41 post
1316 2829 142 41 Christum
1423 2829 107 41 natum
1494 2829 178 41 prodierunt,
1636 2829 107 41 sunt;
1708 2829 131 41 Aquile,
1791 2829 71 41 Symi

1064 2861 111 45 machi,
1141 2861 188 45 Theodotionis,
1296 2861 88 45 duae
1351 2861 66 45 ab
1385 2861 122 45 Origene
1473 2861 66 45 ex
1506 2861 111 45 terrae
1584 2861 155 45 recessibus
1705 2861 144 45 prolatae,
1805 2861 66 45 quae

1074 2897 113 41 quinta
1153 2897 57 41 &
1176 2897 102 41 sexta
1244 2897 113 41 editio
1323 2897 147 41 vocantur.

1103 2925 75 60 Ex
1141 2925 88 60 his
1191 2925 188 60 editionibus
1342 2925 150 60 Origenes
1454 2925 163 60 Tetrapla,
1580 2925 150 60 Hexapla,
1693 2925 63 60 &
1718 2925 138 60 Octapla
1805 2925 63 60 sua

1059 2960 122 43 confecit.

1102 2996 123 38 Praeter
1192 2996 79 38 has
1236 2996 123 38 fuerunt
1326 2996 101 38 aliae
1394 2996 146 38 versiones
1506 2996 135 38 Graecae,
1607 2996 146 38 Origenis,
1719 2996 123 38 Luciani
1798 2996 67 38 Mar-

1072 3028 113 46 tyris,
1151 3028 135 46 Hesychii
1252 3028 56 46 &
1263 3028 124 46 Sophronu.

1090 3051 132 50 Latinae
1186 3051 96 50 vero
1246 3051 156 50 versiones
1366 3051 132 50 tempore
1462 3051 156 50 Augustini
1583 3051 84 50 tam
1631 3051 120 50 multae
1715 3051 144 50 fuerunt,
1823 3051 72 50 ut

1072 3093 148 41 numerari
1183 3093 111 41 nullo
1257 3093 99 41 modo
1306 3093 148 41 potuerint.

1099 3121 70 49 Ex
1134 3121 140 49 plurimis
1240 3121 105 49 tamen
1310 3121 82 49 una
1357 3121 152 49 receptior
1473 3121 105 49 erat,
1544 3121 94 49 quae
1602 3121 70 49 ob
1637 3121 70 49 id
1672 3121 140 49 communis
1777 3121 58 49 &
1801 3121 94 49 vul

1067 3160 92 42 gata
1124 3160 149 42 dcebatur,
1239 3160 126 42 August.
1330 3160 69 42 de
1365 3160 115 42 Civit.
1445 3160 103 42 Deih.
1514 3160 80 42 16.
1560 3160 69 42 ca
1583 3160 57 42 10.
