2063 3331
1094 74 162 72 A

701 73 489 75 EPISTOL.

207 145 131 83 que
282 145 131 83 per
357 145 243 83 Apostolos
543 145 243 83 mysterium
730 145 205 83 salutis
879 145 205 83 nostrae
1028 145 224 83 aeternae
1196 145 243 83 universis
1383 145 261 83 nationibus
1588 145 93 83 &
1625 145 205 83 populis
1756 145 93 83 re-

82 209 217 76 Aigusti.
245 209 217 76 Velavit.
408 209 289 76 INSTRUMENTUM
643 209 253 76 Theologiae
842 209 127 76 est
914 209 235 76 Scriptura
1095 209 271 76 θειποινςος,
1312 209 145 76 quae
1403 209 127 76 sic
1475 209 235 76 caelestis
1638 209 217 76 sapientiae

95 263 75 36 nus
127 263 86 36 tertis

207 266 224 62 mysteria
376 266 224 62 exponit,
544 266 112 62 ut
600 266 262 62 altitudine
806 266 224 62 superbos
974 266 243 62 irrideat,
1161 266 299 62 profunditate
1404 266 224 62 attentos
1572 266 224 62 terreat,
1722 266 131 62 veri-

96 291 93 43 tomo,
158 291 72 43 li¬

86 326 101 43 bra
129 326 101 43 quin-

212 321 162 65 tate
313 321 203 65 magnos
455 321 223 65 pascat,
617 321 325 65 affabilitate
881 321 243 65 parvulos
1064 321 243 65 nutriat.
1246 321 223 65 MATERIA
1409 321 122 65 ex
1470 321 142 65 qua
1551 321 264 65 Theologia
1733 321 122 65 con-

86 356 83 43 to
128 356 83 43 de
155 356 69 43 Ge-

83 374 188 70 nestad
215 374 113 70 si
272 374 170 70 stat,
385 374 151 70 sunt
479 374 245 70 principia
667 374 113 70 ac
724 374 245 70 praecepta
913 374 170 70 modum
1026 374 226 70 rationis
1195 374 207 70 humanae
1346 374 264 70 longissime
1553 374 283 70 superantia,
1761 374 94 70 nec

94 422 109 53 teram,
160 422 65 53 cap.

215 435 195 66 aliter
352 435 156 66 nisi
450 435 137 66 per
528 435 312 66 revelationem
782 435 215 66 divinam
938 435 234 66 cognita:
1114 435 137 66 non
1192 435 176 66 autem
1309 435 215 66 rationi
1465 435 215 66 humanae
1622 435 215 66 insita,
1758 435 98 66 non

80 453 135 47 tertio.

210 493 244 63 rationis
393 493 224 63 humanae
556 493 224 63 acumine
719 493 244 63 inventa,
902 493 143 63 non
983 493 143 63 per
1065 493 326 63 experientiam
1330 493 285 63 observata,
1554 493 204 63 qualia
1676 493 183 63 humana-

208 558 139 70 rum
288 558 338 70 disciplinarum
566 558 258 70 principia
764 558 159 70 sunt
864 558 119 70 ac
923 558 258 70 praecepta
1122 558 119 70 ex
1182 558 219 70 ratione
1340 558 219 70 deducta
1499 558 139 70 vel
1559 558 298 70 experimentis:

205 606 234 67 collecta.
385 606 162 67 FORMA
493 606 144 67 eius
584 606 198 67 interna
728 606 162 67 atque
836 606 270 67 essentialis
1053 606 126 67 est
1125 606 198 67 veritas
1269 606 198 67 divina,
1413 606 198 67 sancta,
1557 606 180 67 iusta,
1666 606 198 67 perfecta,

207 676 226 54 aeterna,
376 676 301 54 immutabilis,
621 676 169 54 ideae
734 676 263 54 Theologiae
941 676 150 54 quae
1035 676 113 54 in
1091 676 132 54 Deo
1166 676 132 54 est
1241 676 263 54 imitatrix:
1448 676 207 54 veritas
1599 676 132 54 nos
1655 676 207 54 sanctisi-

214 726 169 62 cans,
327 726 207 62 veritas
478 726 132 62 nos
553 726 207 62 veraces
704 726 188 62 Deoque
835 726 151 62 quam
930 726 264 62 simillimos
1137 726 226 62 reddens.
1306 726 169 62 FiNis
1419 726 151 62 eius
1513 726 245 62 primarius
1702 726 132 62 est
1758 726 113 62 glo-

219 780 141 62 ria
299 780 342 62 DEIimmortalis
581 780 101 62 &
621 780 443 62 sapientissimitHanc
1004 780 262 62 Theologia
1205 780 262 62 praecipue
1406 780 241 62 spectat,
1587 780 161 62 hanc
1668 780 201 62 spectan-

219 836 133 71 dam
295 836 171 71 aliis
409 836 228 71 exhibet,
580 836 152 71 hanc
675 836 171 71 omnes
789 836 133 71 pii
865 836 190 71 habitu
998 836 266 71 Theologiae
1207 836 247 71 praediti,
1397 836 133 71 usu
1473 836 152 71 eius
1568 836 228 71 legitimo
1720 836 152 71 testa-

212 895 138 64 tam
291 895 237 64 faciunt.
469 895 296 64 Secundarius
706 895 217 64 eiusdem
864 895 178 64 finis
982 895 138 64 est
1061 895 257 64 Beatitudo
1258 895 217 64 nostra,
1416 895 118 64 ad
1475 895 158 64 quam
1574 895 257 64 Theologia
1752 895 118 64 tan-

225 957 168 74 quam
330 957 210 74 medium
477 957 315 74 certissimum
730 957 147 74 nos
814 957 210 74 ducit:
961 957 294 74 Beatitudo,
1192 957 231 74 inquam,
1360 957 147 74 non
1444 957 168 74 quam
1550 957 294 74 Philosophi
1760 957 105 74 do-

226 1021 226 48 cuerunt,
396 1021 151 48 quae
490 1021 188 48 verius
622 1021 207 48 miseria
773 1021 151 48 est,
867 1021 132 48 sed
942 1021 151 48 quam
1037 1021 151 48 Deus
1131 1021 245 48 patefecit
1319 1021 94 48 &
1357 1021 207 48 omnibus
1508 1021 207 48 electis
1659 1021 151 48 suis
1734 1021 132 48 exhi-

217 1068 154 70 bet,
313 1068 154 70 quae
409 1068 135 70 est
486 1068 231 70 communio
659 1068 154 70 illa
755 1068 135 70 cum
832 1068 135 70 Deo
909 1068 192 70 Patre,
1043 1068 173 70 Filio
1159 1068 96 70 &
1197 1068 211 70 Spiritu
1351 1068 211 70 Sancto,
1505 1068 154 70 quae
1601 1068 154 70 sola
1678 1068 192 70 aeternum

224 1127 189 56 beatos
356 1127 189 56 facit.
489 1127 151 56 Nemo
583 1127 151 56 sine
678 1127 265 56 Theologia,
886 1127 151 56 sine
980 1127 246 56 sapientia
1169 1127 189 56 beatus
1302 1127 151 56 est:
1396 1127 151 56 nemo
1491 1127 151 56 enim
1585 1127 189 56 beatus
1718 1127 132 56 est
1774 1127 95 56 ni-

216 1183 126 63 si
279 1183 188 63 Summo
404 1183 188 63 bono,
530 1183 167 63 quod
635 1183 126 63 in
697 1183 126 63 ea
760 1183 272 63 veritate,
969 1183 167 63 quam
1074 1183 293 63 Theologiam
1304 1183 105 63 &
1346 1183 293 63 sapientiam
1576 1183 251 63 vocamus,
1743 1183 126 63 cer-

226 1255 175 63 nitur
342 1255 97 63 &
381 1255 233 63 tenetur.
556 1255 194 63 Summi,
692 1255 214 63 inquam,
847 1255 155 63 Boni
944 1255 253 63 adeptione
1139 1255 97 63 &
1178 1255 291 63 possessione
1411 1255 214 63 quisque
1566 1255 136 63 sit
1644 1255 214 63 beatus.
1780 1255 97 63 Er-

224 1309 181 66 FECTA
345 1309 282 66 Theologiae
566 1309 181 66 multa
687 1309 101 66 &
728 1309 262 66 praeclara
929 1309 181 66 sunt,
1050 1309 161 66 Illa
1151 1309 181 66 veram
1272 1309 181 66 Summi
1392 1309 201 66 illius
1533 1309 181 66 Boni,
1654 1309 161 66 quod
1735 1309 141 66 DEUS,

224 1364 150 69 est,
318 1364 281 69 cognitionem
543 1364 206 69 tradit:
693 1364 150 69 illa
787 1364 169 69 veram
899 1364 112 69 ac
955 1364 206 69 solidam
1105 1364 300 69 beatitudinem
1349 1364 244 69 ostendit:
1537 1364 150 69 illa
1630 1364 187 69 mentes
1743 1364 131 69 igno-

232 1413 178 59 rantia
357 1413 214 59 exitiali
518 1413 214 59 liberat:
678 1413 143 59 illa
767 1413 214 59 cordibus
928 1413 161 59 vitia
1035 1413 232 59 expellit:
1213 1413 143 59 illa
1302 1413 125 59 est
1374 1413 161 59 morum
1481 1413 232 59 sanctorum
1659 1413 178 59 Deoque
1766 1413 107 59 pro-

223 1469 219 62 batorum
382 1469 259 62 magistra:
582 1469 159 62 illa
681 1469 259 62 superbiam
881 1469 139 62 Deo
960 1469 239 62 bonisque
1140 1469 219 62 invisam
1299 1469 259 62 eradicat,
1498 1469 100 62 &
1538 1469 299 62 humilitatem
1757 1469 120 62 gra-

230 1532 157 64 tiam
329 1532 315 64 conciliantem
584 1532 236 64 plantat:
761 1532 157 64 illa
860 1532 118 64 ad
919 1532 315 64 sanctimoniam
1175 1532 118 64 in
1234 1532 197 64 nobis,
1371 1532 118 64 ad
1430 1532 256 64 justitiam
1627 1532 157 64 erga
1706 1532 157 64 omnes.

228 1585 113 56 ad
285 1585 302 56 perfectionem
530 1585 132 56 per
605 1585 170 56 omnia
718 1585 226 56 dirigit:
888 1585 151 56 illa
982 1585 151 56 vere
1076 1585 320 56 adolescentiam
1340 1585 170 56 alit,
1453 1585 264 56 senectutem
1661 1585 188 56 sancte
1774 1585 94 56 ob-

228 1641 211 65 lectat,
382 1641 231 65 secundas
555 1641 135 65 res
632 1641 192 65 ornat,
766 1641 231 65 adversis
939 1641 250 65 perfugium
1131 1641 115 65 ac
1189 1641 231 65 solatium
1362 1641 231 65 constans
1535 1641 115 65 ac
1593 1641 211 65 solidum
1727 1641 135 65 prae-

237 1699 140 65 bet:
325 1699 140 65 illa
413 1699 158 65 vitae
518 1699 333 65 tranquillitatem
798 1699 210 65 largitur
956 1699 88 65 &
991 1699 210 65 terrorem
1149 1699 175 65 mortis
1271 1699 193 65 aufertt
1411 1699 105 65 ex
1464 1699 175 65 illius
1587 1699 245 65 praeceptis
1762 1699 105 65 dies

235 1768 167 53 unus
340 1768 167 53 bene
444 1768 209 53 actus,
590 1768 251 53 peccanti
778 1768 355 53 immortalitati
1070 1768 146 53 est
1154 1768 355 53 anteponendus:
1446 1768 104 53 &
1488 1768 125 53 ut
1551 1768 251 53 summatim
1718 1768 146 53 mulra

236 1817 280 58 complectar,
460 1817 149 58 illa
553 1817 168 58 docet
665 1817 112 58 in
721 1817 187 58 terris
852 1817 112 58 ea
908 1817 187 58 quorum
1039 1817 205 58 fructus
1188 1817 280 58 sempiternus
1412 1817 131 58 nos
1486 1817 168 58 manet
1598 1817 112 58 in
1654 1817 187 58 coelo:
1766 1817 112 58 illa

231 1873 183 76 morti
353 1873 244 76 aeternae
536 1873 203 76 eripit
678 1873 102 76 &
718 1873 122 76 ad
779 1873 366 76 immortalitatem
1084 1873 203 76 beatam
1227 1873 264 76 perducit.
1430 1873 264 76 SuBIECTUM
1633 1873 183 76 circa
1755 1873 163 76 quod

238 1929 236 67 occupatur
419 1929 127 67 seu
492 1929 199 67 materia
637 1929 109 67 in
691 1929 127 67 qua
764 1929 236 67 versatur,
945 1929 145 67 sunt
1036 1929 127 67 res
1108 1929 199 67 divinae
1253 1929 199 67 proprie
1398 1929 91 67 &
1435 1929 272 67 simpliciter
1652 1929 127 67 sic
1707 1929 163 67 dictae,

230 1986 174 61 nempe
346 1986 174 61 verus
462 1986 155 61 Deus
558 1986 97 61 &
597 1986 232 61 quicquid
771 1986 135 61 est
848 1986 155 61 veri
945 1986 155 61 Dei,
1042 1986 116 61 ac
1100 1986 213 61 proinde
1254 1986 116 61 ad
1312 1986 174 61 ipsum
1428 1986 232 61 refertur
1602 1986 116 61 ut
1660 1986 116 61 ad
1699 1986 174 61 princi-

234 2044 164 73 pium
337 2044 103 73 &
378 2044 205 73 finem.
522 2044 144 73 Hoc
604 2044 267 73 subjectum
809 2044 287 73 Theologiae
1035 2044 144 73 est
1117 2044 349 73 nobilissimum:
1404 2044 144 73 est
1486 2044 287 73 infinitum,
1691 2044 185 73 nemini-

225 2112 241 67 cognitum
405 2112 160 67 nisi
506 2112 241 67 quatenus
686 2112 160 67 sese
786 2112 241 67 retegit:
967 2112 160 67 unde
1067 2112 100 67 &
1107 2112 160 67 ipsa
1207 2112 241 67 infinite
1388 2112 100 67 &
1428 2112 180 67 supra
1548 2112 180 67 omnem
1648 2112 221 67 analogiam

235 2157 220 63 caeteris
399 2157 274 63 supereminet
619 2157 293 63 disciplinis.
857 2157 165 63 Locus
966 2157 110 63 in
1021 2157 128 63 quo
1094 2157 146 63 usus
1186 2157 146 63 eius
1277 2157 128 63 est
1351 2157 201 63 eritque
1497 2157 128 63 non
1570 2157 183 63 tantum
1698 2157 110 63 in
1735 2157 146 63 terris

219 2217 141 61 est
299 2217 181 61 verum
420 2217 181 61 etiam
541 2217 121 61 in
601 2217 201 61 caelo.
742 2217 241 61 ADiUNCTA
923 2217 221 61 denique
1084 2217 161 61 quod
1185 2217 241 61 attinet,
1366 2217 282 61 Christiana
1587 2217 262 61 Theologia
1768 2217 101 61 est

235 2267 193 76 sancta,
376 2267 158 76 justa
481 2267 158 76 atque
587 2267 228 76 perfecta;
762 2267 176 76 quippe
885 2267 140 76 quae
973 2267 158 76 nihil
1078 2267 211 76 profani,
1236 2267 211 76 iniusti,
1394 2267 246 76 imperfecti
1587 2267 176 76 docet:
1710 2267 123 76 est
1763 2267 105 76 una,

228 2330 312 59 immutabilis
478 2330 104 59 &
519 2330 249 59 aeterna.
706 2330 166 59 Haec
810 2330 187 59 omnia
935 2330 291 59 Theologiam
1163 2330 312 59 Christianam
1413 2330 270 59 universis
1600 2330 270 59 disciplinis

234 2387 163 58 aliis
342 2387 253 58 longissime
541 2387 217 58 prestare
704 2387 235 58 evincunt,
884 2387 145 58 quum
975 2387 163 58 talia
1083 2387 145 58 sint
1173 2387 145 58 quae
1264 2387 126 58 vel
1336 2387 163 58 aliis
1444 2387 271 58 disciplinis
1661 2387 181 58 minime
1770 2387 108 58 com-

237 2449 212 60 petant:
391 2449 135 60 vel
468 2449 308 60 eminentiora,
719 2449 231 60 certiora
892 2449 96 60 &
931 2449 289 60 efficaciora
1162 2449 154 60 sint
1258 2449 116 60 in
1316 2449 270 60 Theologia,
1528 2449 154 60 quam
1624 2449 116 60 in
1682 2449 212 60 artibus
1817 2449 58 60 &

237 2493 254 72 scientiis
433 2493 235 72 humanis.
609 2493 156 72 Quae
707 2493 176 72 causa
824 2493 137 72 est
902 2493 137 72 cur
981 2493 176 72 magni
1098 2493 176 72 etiam
1215 2493 98 72 &
1254 2493 313 72 potentissimi
1508 2493 176 72 Reges
1626 2493 215 72 divinae
1763 2493 117 72 huic

246 2554 281 66 Theosophiae
471 2554 169 66 serio
584 2554 206 66 affectu
734 2554 188 66 dediti
865 2554 225 66 fuerint.
1034 2554 244 66 Praecepta
1222 2554 225 66 Iehovae,
1390 2554 131 66 ait
1465 2554 169 66 DAVID
1578 2554 131 66 rex
1653 2554 150 66 ille
1728 2554 150 66 magnus

122 2618 121 67 Ps.
191 2618 121 67 19.
260 2618 104 67 1.
312 2618 121 67 vir
381 2618 208 67 secundum
537 2618 121 67 cor
607 2618 139 67 Dei,
693 2618 329 67 desiderabiliora
970 2618 139 67 sunt
1057 2618 156 67 auro,
1161 2618 87 67 &
1196 2618 173 67 quidem
1317 2618 139 67 auro
1403 2618 277 67 purgatissimo
1629 2618 139 67 quam
1698 2618 173 67 plurimo;

229 2674 108 59 ac
283 2674 215 59 dulciora
444 2674 179 59 melle,
570 2674 90 59 &
606 2674 179 59 quidem
731 2674 179 59 acoeto
857 2674 179 59 melle.
982 2674 108 59 De
1036 2674 126 59 via
1108 2674 305 59 testimoniorum
1359 2674 251 59 tuorum(ait
1556 2674 143 59 idem
1646 2674 126 59 tex
1718 2674 108 59 ad
1753 2674 126 59 Jeho-

118 2729 170 69 Psaιo.
237 2729 119 69 ι4,
305 2729 136 69 Vam)
390 2729 187 69 gaudio,
526 2729 102 69 ut
577 2729 153 69 super
679 2729 187 69 omnibus
815 2729 187 69 opibus,
951 2729 102 69 De
1002 2729 204 69 mandatis
1156 2729 136 69 tuis
1241 2729 204 69 meditor,
1394 2729 85 69 &
1428 2729 187 69 intueor
1564 2729 187 69 semitas
1700 2729 153 69 tuas:
1785 2729 85 69 Tum

119 2767 92 61 15,
158 2767 66 61 24.

240 2786 246 61 testimonia
434 2786 123 61 tua
504 2786 299 61 oblectationes
751 2786 141 61 meae
839 2786 158 61 sunt,
944 2786 282 61 consiliariui
1173 2786 141 61 mei.
1261 2786 194 61 SALOMON
1402 2786 176 61 filius
1525 2786 141 61 ejus
1613 2786 123 61 cum
1683 2786 176 61 fuerit
1789 2786 88 61 sa

100 2839 156 55 Eccles.it.

257 2835 166 67 piens,
373 2835 166 67 docuit
489 2835 215 67 scientiam
655 2835 199 67 populum,
804 2835 83 67 &
837 2835 232 67 attendens,
1019 2835 265 67 scrutatusque
1234 2835 248 67 concinnavit
1433 2835 232 67 sententias
1615 2835 182 67 multas:
1731 2835 149 67 quaesi-

115 2876 80 53 v.
155 2876 80 53 1,
181 2876 67 53 12.

248 2907 113 55 vit
312 2907 177 55 assequi
441 2907 145 55 verba
538 2907 274 55 delectabilia,
764 2907 81 55 &
796 2907 177 55 singula
925 2907 177 55 scripta
1054 2907 161 55 recte,
1167 2907 145 55 verba
1264 2907 194 55 fidelia,
1409 2907 145 55 verba
1506 2907 210 55 sapientum
1667 2907 177 55 similia
1780 2907 97 55 acu

146 2919 62 37 13.

242 2949 164 78 leis,
351 2949 91 78 &
387 2949 200 78 similia
533 2949 182 78 clavis
660 2949 218 78 infixis,
824 2949 273 78 lectissima;
1042 2949 200 78 tradita
1188 2949 91 78 a
1224 2949 200 78 Pastore
1370 2949 164 78 eodem
1479 2949 164 78 nempe
1588 2949 200 78 CHRISTO
1715 2949 164 78 Domino.

232 3015 185 66 Plura
356 3015 227 66 Exempla
521 3015 144 66 non
603 3015 227 66 appono,
768 3015 165 66 quae
871 3015 185 66 multa
994 3015 165 66 sunt
1097 3015 185 66 inter
1221 3015 330 66 Imperatores,
1489 3015 206 66 Reges,
1633 3015 268 66 Principes
1818 3015 62 66 &

244 3071 240 65 Magnates
424 3071 180 65 alios
544 3071 320 65 Christianos.
804 3071 180 65 Nihil
924 3071 180 65 dicam
1044 3071 120 65 de
1105 3071 260 65 Episcopis
1305 3071 100 65 &
1345 3071 280 65 Doctoribus
1565 3071 260 65 Ecclesiae
1745 3071 140 65 Chri

1701 3128 171 75 stianae
