1633 2428
337 251 1395 322 illud de qui artificialiter est logica. vnde duplex est logica scilicet artificialis et na¬
337 308 1359 369 turali Ex logica naturali acquisita est artificialis et hoc per studium et laborem
344 355 998 405 Omnes artes vtutur quibusdam comunib
346 388 1271 456 Difficile est multa conspicere. quia vni intentus. altero remittitur.
353 439 969 497 Iniuriam pati melius est quam alteri nocere
346 472 1319 526 Homines turbati et irati. minus considerare possunt orationes
345 511 1409 585 Appositis iuxta se contrariis et maiora et minora videntur. Ex quo ha
338 564 1158 620 bemus quod opposita iuxta se posita magis elucescunt.
338 597 1409 669 ⁋ Uersor super. iiii. metaph. Qui bene sciunt terminorum significationes
343 652 767 720 sunt prope videre verum.
524 680 1195 752 ⁋ Autorita. secundi libri elenchorum Aristo.
363 725 1087 789 Uod simus sepe transpositum ignoramus.
359 771 1413 830 aE Ad interrogationes plures non est danda vna responsio sed plures
351 821 1408 878 Recta solutio vel fit per distictionem multitudis vniversa per interpositionem falsi
350 865 1350 914 Omnium orationum que sunt propter idem eadem est solutioree¬
344 908 1403 977 Hoc horum dicitur multipliciter. vel vt est alicuius possessio vel vt est pars alicuius
1201 949 1409 1014 multitudins
346 949 1072 1000 Nihil dat quod non habet Boreas ledit pauperem
351 985 1296 1041 Nihil probibet eande orationem plures habere fallendi occasiones
346 1031 1406 1085 Diuitie sunt bone sapienti. sed insipienti et non recte vtenti non sunt bone
353 1073 1405 1144 In non facere intelligitur facere. et vniversalier in negatione intelligitur affirmatio
352 1115 1254 1173 Nasus curuus dicitr simus. sed pes curuus dicitur rynchus.
348 1159 1225 1212 Principium est maximum et difficilimum et omuium et optimum
341 1192 1412 1261 Difficilimum est principium alicuius artis inuenire. sed ipo inuento faci
347 1241 961 1301 le est ipsum addere et augere reliquum.
350 1286 1278 1346 Principium est minimum in quantitate. potestate vero maximum.
359 1328 1411 1387 ⁋ Thomas Aquinatis Aristote. nulquam errauit circa aliquod vere scibile
344 1374 1406 1431 ⁋ Lactantius di vita est optanda sapienti profecto nullam aliam ob causamviuere
349 1423 1413 1475 optaueri. quam vt aliquid efficiam quod vita dignum sit et vtilitatem legentibus affe
1334 1462 1406 1509 (rat
348 1457 1271 1518 ⁋ Nota verbum sctn Isidori hispalensis epi libro secundo etymolo¬
348 1506 1404 1572 giarum quod dialecticam id est logica siue pehiam rationalem primi phi in suis dictio
348 1542 1267 1599 nibus id est sermonibus habuerunt. non tantum ad artis redigere peritiam
353 1581 1407 1649 Post hos Aristo. ad regulas huius doctrine argumeta perduxit. et di
345 1630 1181 1691 alecticam numcupauir pro eo quod in ea de dictis disputatur.
480 1681 1242 1750 ⁋ Sequitur extemporalis Commendatio phie
477 1733 1019 1796 Aristo. cum eiusdem vita et moribus
