1590 2416
266 236 1327 314 celum et vniuersa natura dependet. simplicissimam vnitatem. quo cognito se
270 304 1322 356 toto mentis amore in eum conuertens non multo post tempore felici morte quiescit
263 348 1317 406 Auno a natiuitate sum sexagesimo tertio qui climactaricus ab astrolo¬
262 387 1322 449 gis nominatur constans ex septenario numero atque binario septies in se re
261 439 1318 487 plicatis. quem Chaldei primo inuenientes putabat homini multum natu¬
263 475 1325 527 rali ob occulti quampiam fati latentiam periculosum esse Defuncto qui
259 517 1324 567 dem Aristotele et multorum inuidia edaci tempore (vt fit) paululum foret attri
261 559 1316 611 ta. tanta eius philosophia paucis labentibus annis cepit autoritate complecti quod
255 606 1321 652 Athenienses ex ea sufficienter persuasi in honorem vnius dei (quem ignotum ap¬
256 642 1322 698 pellitabant) statuam publice erigerent. quam dum armarium legis et euangelica
259 690 1319 740 tuba paulus christi apostolus coram gentibus nomen dei portatu
258 727 1317 780 rus Athenis offenderet. illum esse pro salute humani generis natum
266 777 1324 817 et diebus suis crucifixum et a se quoque scitum illi populo gentili salu
259 815 1314 867 briter exponebat ⁋ Est preterea in dubium a non nullis quandoque
251 854 1306 905 reuocatum. An Aristoteles de facto fuerit in statu salutis vel dam
259 898 1318 953 nationis eterne Respondent peritiores. non esse possibile a quoquam vi
256 938 1314 992 uente sciri indubitatim hominem vel damnatum iri vel saluari debere nisi
251 983 1318 1035 probata dei reuelatio interueniat Uerumtamen hoc omnibus constat.
254 1024 1321 1078 Aristotelem multo tempore legis euangelice precessisse promulgationnem
258 1072 1309 1123 et sub nature lumine coniuxisse Insuper a nullo sane mentis doctore ne
248 1109 1313 1162 gatur quin extra mosaicam legem plerique in statum fuerint salutis. sicuti
250 1155 1316 1204 patet de Iob et amicis eius. et Saba. tertio Regum decimo. et Naa
254 1191 1310 1242 man syro quarto Regum quinto. et item Cyro personarum Rege Esaie
251 1235 1312 1290 xlv. et Dario hesdre sexto. et de multis aliis qui omnes vt tenet Pos
250 1279 1312 1328 tillator et ceteri interpretes veteris instrumenti ob cultum vnius dei
252 1320 1319 1375 extra iudaismum in statum fuerunt salutis Lex quippe iudaica deitus
254 1361 1317 1412 data solum Iudeos terram promissionis incolentes obligabat. quia
260 1401 1307 1457 vt canit Psalmista psalmos. cxlvii. deus non fecit tanliter omni nationi. et Amos
247 1448 1316 1498 tertio Tantummodo vos cognoui. addit glosa. dando vobis legem
244 1492 1304 1543 Quod autem Aristoteles poterat sub lege nature salutem eterne bea¬
248 1539 1303 1585 titudinis consequi. non videtur probatu difficile. si modo aduerta
250 1572 1302 1628 mus deum pro omni tempore sufficienter generi humano de illo quod
247 1614 1308 1669 ei maxime necessarium erat. immo propter quod homo in hoc erum
243 1664 1301 1712 noso munndo nascatur prouidisse. quod si quisquam negare praesummeret haut pro¬
251 1700 1334 1752 cul ab heresi ab esse crederetur. siquidem scriptum est Sapientie primo. Sa
244 1743 1307 1793 nabiles fecit deus nationes orbis terrarum Et Paulus vas electionis
253 1783 1305 1838 Timothei secundo clamnant Deus vult omnes homines saluos fieri
248 1825 1302 1880 et ad cognitionem veritatis. id est dici peruenire Insuper nec negatur quod mi
247 1870 1303 1919 sericors deus facienti quod in se est (vt puta vnum recognoscere deum
249 1915 1299 1963 et ipsum remuneratorem omnium sperare) vnquam denegabit eternam retri¬
244 1950 1310 2001 butionem Hic vero philosophus vitam suam a teneris vnguiculis. ad supremum
251 1992 1305 2052 vsque diem pro ea re. et cognitione veri et boni electione flagrans ineffabili stu
