1631 2426
287 248 1337 320 positum blaterent) Compleuit quia nullus eorum qui secuti sunt eum vsque
286 311 1341 361 ad istud tempus quod est mille quingentorum annorum addidit aliquid nec inuenit
288 356 1341 402 in dictis eius errorem alicuius quantitatis et talem virtutem in vnico in
280 400 1333 445 diuiduo esse miraculosum est et extraneum. et quia hec disputatio in ho¬
280 426 1340 484 mine fuit. ideo dici dignus est diuinus potius quam humanum. Scienti
281 475 1334 527 arum quaedam est perfecta et est illa que fit per causam. quedam imperfecta. et
290 524 1341 577 est illa quae fit sine causa. Ut exponit Alexan. Aristo. per principia intelli¬
288 568 1340 628 git causas efficientes. per causas. causas finales. per elementa materiam et formam
279 606 1184 651 Totum nihil aliud est nisi omnes partes sue simul sumpte.
290 637 1346 701 In spermate et in prima generatione hominis non cessant partes sperma
289 695 1339 741 tis corrumpi et fieri partes hominis donec forma humana sit com¬
286 726 1340 784 pleta. et hoc vtrum est si forma recipit participationem. si autem non. illud
282 772 1334 825 necessitate accidit in accidentibus propriis forme generate. Transmuta¬
280 812 1350 861 tio accidentalis et subiectalis conveniunt in hoc quod sunt mutatio rerum de
294 856 1347 906 vna dispositione in aliam. sed differunt. quia transmutatio substantialis trans
282 900 1254 946 mutat nomen et definitionem rei. accidentalis vero tantum nomen transmutat.
283 928 1348 992 Materia prima nullam in se actu habet formam. sed est in potentia ad
278 989 749 1035 recipiendum omnes formas
278 1017 1349 1085 Materia non est sua potentia. quia potentia est in generatione relationis materia in generatione
1173 1069 1341 1129 substante.
288 1080 780 1132 Consuetudo est altera natura.
292 1115 1080 1159 Materia prima non potest separari ab omni forma.
291 1147 1357 1208 Aristo. suo more modicam habuit sollicitudinem de nominibus sed
285 1199 625 1254 matimam de rebus.
286 1244 1136 1296 Synonyma non vsitantur in arte demonstratiua
394 1282 1351 1337 Atura est principium et causa motus et quietis in quo est primo per se et non per acci¬
1158 1324 1344 1379 dens
286 1319 1081 1382 Omne ens artificiale mouetur ab extrinseco
290 1370 1353 1427 Teco natus non potest disputare de coloritus quantum ad rem licet quantum ad nomen
287 1414 1000 1458 Tota substantia artificialium est eorum materia
295 1451 1352 1507 forma et materia non sunt secundum rem rem separata: sed secundum nomem et rationem
296 1501 1339 1564 Priuatio dicitur quodammodo species et forma. quia est inchoatio seu imper
298 1549 1119 1592 fecta forma et diminuta secundum Auerroim et Albertum.
292 1576 1347 1638 forma dicitur natura. materia dicitur natura. sed forma magis dicitur natura quam
294 1618 1362 1685 materia quia vnumquodque magis dicitur secundum id quida est in pona quam secundum id quod est cin
1252 1662 1354 1721 (ictu
292 1667 1161 1721 Subiectum et eius propria passio sunt eiusdem considerationis
288 1705 1235 1766 Abstrahentium non est mendacium scilicet in prima operatione intellectus.
296 1753 1088 1801 Naturalia definiuntur cum motu a materia sensibili.
293 1797 978 1842 Materia et forma sunt eiusdem considerationis
291 1838 1165 1894 Ars imitatur naturam inquantum potest forma est finis materie
295 1880 1169 1936 finis non est solum rei vltimum. sed etiam vltimum et optimum
299 1922 961 1975 Nos sumus quodammodo finis omnium
294 1952 1356 2024 Nos vtimur omnibus quae sunt tanquam propter nos homo generat hominem et sol
