1611 2420
222 246 808 312 est quam quod per plures eam participat
241 313 1293 370 ⁋ Albertus. macula in luna habt similitudinem arboris euerse et
220 348 691 401 serpentis per eandem deflexi.
214 386 1219 444 ⁋ Commenta. Necesse est oe animatum corpus nobilius esse inanimato
228 440 1275 507 Omnia entia nihil intendunt per suas operationes nisi quod assimilenter
223 473 611 534 primo principio mobili
222 519 963 566 Absentia materie est causa eternitatis.
216 557 1275 628 Entia diuina et eterna agunt propter se prima intentione. secundaria vero intenton
214 611 733 658 ne propter conseruationem inferiorum.
219 649 700 705 Stella est densior pars sui orbis
215 693 1276 747 Melius est scire modicum de rebus nobilibus quam multum de rebus ignobilibus.
276 737 1284 813 Balenus libro. viii. de ingenio Nullus potest deo melius ap proximari
210 756 818 842 quam studendo in veritate et pro veritate
369 809 1061 867 ⁋ Sequuntur auto. iii libri de celo et mundo.
370 859 1198 907 Lurima consideratio scientie naturalis est de corporibus.
377 905 1149 955 Impossibile est diuisibile componi ex indiuisibilibus.
342 944 988 1001 Ordo est a propria natura rerum naturalium.
355 996 1279 1048 Elementa non sunt infinita: sed sunt quattuor scilicet ignis aer aquae tra.
214 1034 1279 1095 fini nihil est contrarium Omne leue sursum et oem graue deorsum mouetur.
217 1086 1116 1132 Si totu vniuersum de nouo generaretur nece esset vacuum esse
204 1125 1053 1175 Elementa sunt prima corpora ex quibus constant alia corpora
219 1166 1219 1221 ⁋ Commeta. Qualitates prime elementorum non sunt eorum forme.
215 1215 1271 1272 ⁋ Albertus Tria fecerunt auicennam errare in naturalibus scilicet iexperien
206 1255 903 1299 tia. confidentia proprii ingenii. et ignorantia logice.
207 1297 1274 1348 Exquo ex materia prima aliquid fit nece est ipsam situatam esse in vniuerso
248 1342 1280 1395 ⁋ Alexander peripateticus Quicquid apud platonem aliosque phi
209 1366 1279 1433 losophos ab aristotele conuictos legitur. hi sic idipsum intellexerunt
215 1424 856 1468 quenadmodum verba eorum exterius sonant.
382 1464 1092 1521 ⁋ Sequuntur autorita. iiii libro de celo et mundo.
365 1514 1181 1566 Ttremum celi dicitur sursum. sed medium dicitur esse deorsum
388 1558 1213 1606 Leue dicitur quod sursum mouetur. graue vero quod deorsum
387 1604 1263 1658 Ignis est leuis. terra vero grauis.acuum nihil est
339 1639 1267 1715 Omnia corpora inferiora habent grauitatem preter ignem
219 1685 780 1744 Medium contrarium est extremo.
217 1727 907 1789 forme est continere. materie vero contineri.
217 1769 1264 1830 Arauia et leuia mouentur ex seipsis in sua propria loca. nisi sit impediens ve¬
219 1822 1269 1863 rum est imediate. quia mediate mouentur a generante et a remouente probibens.
211 1859 1266 1909 ⁋ Commen. Agens non habet eterna nisi secundum similitudinem inquantum scilicet
206 1905 1267 1954 agens dicitur forma. finis et conseruans Agens transmutans materiam
206 1948 1271 2022 et formam subiectalem transmutat ipsam ad accidentia propria illius forme
