1621 2421
285 252 945 316 uersitatem anime leonis ab anima ceruit
290 286 1243 365 ⁋ Albertus Ille Auerrois quasi in essentiam ipsius animae peruenit
307 321 1362 408 ⁋ Temistius Cum multa sint dicta Aristo. que vtique aliquis mirabitur.
287 400 1051 447 magis omnibus mirari conuenit negocium de anima.
297 419 1355 494 Si veritatem de anima cognouimus valde introductorium est nobis ad
283 475 1219 526 oem veritatem. nam ad oes partes phie insignes dat occasiones.
295 520 1363 575 Aia seipam cognoscens digna est de aliis fidem facere. sed si ipsa decepta
294 562 1158 612 fuerit. de qui tunc fidem facere putabitur quasi dicat de nullo.
303 591 1300 656 Nihil est ociosum in natura: sed vnicuique enti est opus attributum.
281 636 1321 706 Benus est quidam conceptus summatim collectus ex similitudine singularium
315 682 1325 744 Intellectu nihil est diuinius Nomnibus permittitur vti aliquis vt vult.
311 725 1361 787 His quae secundum apparentias poeticas recipiunt fabulas nihil videtur esse de¬
283 764 1363 823 risiblius sicut nec in his qui occultum querunt intellectum in eis. sunt enim fi
306 809 1368 876 cticio. spiritu ad inuicem consute. et ad delectationem excitandam in lucem edite.
310 852 1366 926 ⁋ heimericus de capo Brabantinus Anima intellectiua est spiraculum
312 901 907 977 vite a deo productum in corpore humano
449 944 998 1001 ⁋ Sequuntur autori. ii libro de anima.
445 982 1293 1043 Riplex est substantia rerum scilicet matria. forma et compositum
434 1036 1088 1093 Materia est potentia. forma vero actus
467 1070 1369 1122 Duplex est actus scilicet primus et secundus. Primus vt scientia. daecundus vt specu¬
1138 1101 1370 1162 (lari secundum scientiam
446 1116 993 1177 Naturalia sunt principia artificialium
304 1147 1366 1225 Anima est actus. id est perfectio absoluta et completio corporis organici physi¬
313 1203 993 1255 ci vitam habentis in potentia. scilicet ad opera vite
310 1229 1387 1295 Non oportet quirere vtrum ex anima et corpore fiat vnum et vniversalie ex materia forma
307 1289 1080 1342 Si oculus esset animal visus esset vtique anima eius
313 1324 959 1381 Animatum differt ab inaiato in viuendo.
305 1361 1387 1426 Uiuere dicitur quadrupliciter. scilicet vegetare. sentire. intelligere. et mouere
315 1408 1080 1467 secundum locum. et si vnum istorum alicut inest hoc dicitur viuere
318 1447 1387 1510 Anima mouet corpus ad oem differentiam positionis scilicet sursum. deorsum
313 1503 901 1554 sinistrorsum. dextrorsum. ante et retro
315 1536 1009 1596 Animal est animal propter sensum tactus
315 1567 1384 1643 Aia est principium quae primo et principaliter viuimus intelligimus sentimus et mo
1126 1611 1383 1663 (uemur secundum locum
320 1623 1039 1687 Quattuor sunt potentie animae principales scilicet vege¬
317 1656 1385 1736 tatiua sensitiua et secundum locum motiua et intellectiua. he sic se habent ad inui¬
313 1710 1384 1770 cem quod vegetatiua potest esse absque sensitiua. vt patet in plantis et non econuerso. et
317 1742 1381 1808 sensitiua sine motiua secundum locum manet. vt patet in quibusdam animalibus conchi¬
314 1781 1385 1852 libus et non econuerso. et tam secundum locum motiua quam sensitiua praeseut esse sine intel
324 1849 1031 1895 lectiua. vt patet in animalibus brutis et non econuerso.
311 1863 1388 1948 In plantis est vna anima in actu. sed multe in potentia. et ideo par
328 1935 714 1988 tes eorum abcise viuunt
320 1933 1388 2044 Intellectus separatur ab aliis potentiis animae sicut prptuum a corruptibili
