1604 2419
270 233 1333 311 Non solum scimus anima sed etiam scientia. et etiam non solum sanamur sanitate sed sa
1100 302 1325 370 (namur corpore
266 292 1098 347 Unde non solum omnis comparatio dependet a forma. sed
264 343 1064 390 etiam a materia. principalius tamen dependet a forma.
266 381 1321 448 Actus actiuorum sunt in patiente praedisposito Potentie cognoscuntur
264 417 780 480 per actus. actus vero per obiecta
264 466 1319 523 Naturalissimum em operum est in viuentibus quaecumquam perfecta sunt et non orbata
268 507 1322 565 et que generationem non habent spontaneam. generare sibi simile. vt esse diuinum et
265 548 1324 610 immortale participent secundum id quod paesent. Et istud intelligitur inter tres po
260 587 1328 659 tentias animae vegetatiue. quia animae intellectiue ipsum intelligere est maxime na¬
266 635 1036 689 turale quo etiam homo assequitur vltimam felicitatem.
260 673 1324 737 Mihil de numero corruptibiliumbtingit idem numero manere semper tamen
258 713 926 772 potest vnum permanere in specie per generationem.
265 755 704 814 Scientia est vniuersalium
252 793 1190 851 Uniuersalia sunt in anima. sed particularia sunt extra animam
251 840 1324 916 Anima intelligit quando vult. sed non sentit quando vult. quia obiectum intellectus
260 889 1210 939 est in anima vt vniversale. obiectum sensus est extra animam vt particulare.
254 926 1312 991 Duplex est sensibil scilice pr se et per accus. per accidens vt est aliqui substantia par¬
257 976 1228 1020 ticularis. vt diarrt filius Sensibile per se est duplex scilicet comne et proprium.
253 1016 1319 1069 Commnia sensibilia sunt quinque scilicet magnitudo. motus. quies. numerus. et figura.
248 1057 1318 1119 abtet proprium est quod per se sentitur ab vno sensu. vt color a visu. et sic de singulis
260 1103 1249 1163 Quinque sunt sensus scilicet visus. auditus. odoratus tactus. et gustus.
252 1146 967 1198 Sensus non decipitur circa proprium obiectum.
252 1183 1321 1245 Color est visibil per se. Lume est actus diaphoni secundum quod diaphonum
249 1225 1319 1288 Diaphonum est aliquod corpus praespicuum. vt aer aqua et corpus celeste
246 1271 941 1319 Lumen nec est corpus nec fiuxus corporis.
255 1310 1317 1384 Lume est hypostesis colorum id est de formali constitutione quod et Uirgilius in¬
245 1354 1243 1431 tellexit sextoEeneidos cum dixit Et rebus nox abstulit atra colorem
260 1397 951 1443 Impossibile est duo corpora esse in eodem loco
257 1427 1226 1487 Illuminatio non fit successiue et in tempore. sed fit in instanti. et subito.
248 1474 1309 1539 Tenebra est priuatio luminis Color non est visibilis sine lumine. quia eius
962 1525 1316 1596 (pntia constituitur color
246 1521 975 1582 densibile positum supier sensum non facit sensationem
247 1571 1205 1628 Sonus causatur ex collisione corporum aerem violenter frangentium
248 1616 1189 1677 Echo est sonus scundario factus ex reprcussione soni prius facti
249 1651 745 1708 Nox est sonus animati tantum.
245 1693 1318 1770 Uox est repercussio aeris inspirati ad vocalem arteream cum imagine sgnicandi.
261 1738 944 1785 Inanimatum nullum vocat.
250 1782 1265 1846 Lingue congruunt duo officia seu opora nature scilicet in gustum et loquelam
249 1826 1318 1890 Homo praue odorat. et odoratum habet peiorem multis animalibus sed gustum
247 1865 801 1916 et tactum habet certiorem omnibus animalibus
260 1911 1323 1982 Anima est causa corporis viuentis in triplici genere cause. scilicet forma
238 1948 626 2019 lis. finalis et efficientis
