1657 2429
275 261 1314 325 tia non potest homo bene et ordinate viuere nisi lumine gratie diuinita¬
258 315 1311 363 tis adiuuetur Est enim gratia quasi quaedam radius lucis eterne quem qui per
267 358 1307 399 ceperit ei non resistendo illuminabitur. qui vero eidem obicem ponit in tene¬
265 392 1315 450 bris exterioribus permanebit Causa aut aduentus christi in carnem fuit
271 438 1318 489 iustificare impios Luce. xix. Uenit filius homnis quairere et saluum facere
269 482 1310 537 quod perierat primo ad Thimo. primo christus venit in hunc mundum praectionres
265 525 1311 573 saluos facere Augusti. in libro de verbis dni Tolle morbos. tolle vulne
259 565 1310 618 ra. et nulla erit causa medicine Idem libro xiii. de trini. licet cui omnia equa¬
259 603 1306 656 liter subiacent sanande miserie nostre. alius fuerit modus possibilis.
259 653 1307 700 sed conuenientior non fuit quam christum incarnari. vt homo et deus videri
262 690 1306 748 posset quem homo esset secuturuis. Dicit ergo. non veni vocare iustos sed
264 736 1306 782 peccatores decdondo potest fieri introductio per quandam diuisionem. vt si thema
258 779 1303 825 fuerit de iudicio dic. Quattuor requirutur ad iudicium dei. Primum
265 821 1309 884 est tuba populum convocans Scuodm scriptura nephas declarans. Terti
263 864 1299 908 um sententia condemnans Quartum minister sententiam iudicis exequens.
257 906 1305 949 Tertio fieri potest a sensu contrario ipsius thematis. Item quarto syllogi
254 947 1309 996 stice sic. Quicumque adheret deo. bonitatis eius fontem largissime experi
262 988 1302 1042 tur. sed corpus subditum peccatis deo non adheret. cum sola chritas di¬
258 1032 1309 1084 uidat inter filios dei et sathane. igitur corpus subditum peccatis fontem
253 1070 1298 1119 bonitatis dei non experitur. Et sic consequenter in omni modo et figura
257 1116 1311 1171 Multa alia hic adduci possent de quibus ad praesens est supersedendum vnum
256 1154 1301 1207 tamen est mente tenendum quod introductio sermonis habet se sicut exordium si¬
251 1204 1299 1253 ue origo epistolaris. ideo summopere cauendum est ne sit nimis longa
252 1243 1296 1292 ita vt impediat executionem membrorum ipsius sermonis. als esset vitio
254 1284 1300 1335 sa. Et semper debet genenatioaliter congruere et coincidere cum materia thematis
265 1330 1297 1377 vt sua vi quasiad modum sete introducat materiam thematis praintentam
255 1370 1297 1428 Et ad hoc quammaxime valent dicta Aristo. dapietumque aliorum. igitur etc.
