1628 2428
233 271 1065 330 habemus quod omne quod aduenit enti in actu est accidens
232 310 1180 368 Compositum ex forma et materia non dicitur nisi quia forma est vna.
245 357 931 418 forme rerum artificialium sunt accidentia
244 400 893 448 Indiuiduum non est nisi per formam suam
246 430 1238 500 Corpora celestia non habent de vertutibus animae nisi intellectum et voluntatem
237 486 1037 530 Omne ens naturaliter desiderat permanentiam eternam
248 524 1107 580 Natura semper agit propter aliquid tanquam propter finem.
237 561 1041 613 Diuer sitas formarum est causa diuersitatis materiarum
242 612 1033 655 Omne recipiens debet esse denudatum a natura recipti
240 647 1104 709 Stelle non videntur de die propter maius lumen. scilicet solis
236 691 1186 744 Homo boni tactus semper est discretus. sic est etiam de aliis sensibus
241 780 1301 840 ⁋ Albertus Clade facta in terra grecorum venerunt vultures et tigri¬
232 825 998 873 des a quingentis miliaribus ad cadauera mortuorum
239 864 1054 926 ⁋ Commentator Locus est similis et equalis locato
236 891 1293 970 Sensus semper dicit vtrum non in vniversalibus sed in propriis et particularibus. sed in
231 949 1251 998 tellectus semper dicit vtrum in vniversalibus non autem in propriis Temistius
237 992 1185 1036 Omnia artificialia habent rationem accidentis respectu naturalium.
233 1032 1309 1098 Quibuscumque de numero mortalium natura dedit intellectum. his promi¬
230 1076 965 1129 sit singulas potentias in ministerium intellectus.
233 1113 1286 1167 densus non decipitur circa suum sensibile proprium seruatem tribus conditionibus quae
229 1158 1302 1209 stun. debita dispoto medii. debita dispo organi. et debita obiecti distantia
234 1209 1122 1263 Ea que scimus sunt minima respectu corum quae ignoramus.
442 1245 897 1307 ⁋ Autoritates. iii libro de anima
238 1279 1100 1345 Ntellectus est pars anime Intelligere est pati
258 1310 1289 1389 Tdicut se habet sensus ad sensibilia. sic se habet intellectus ad intelligibilia
235 1380 1254 1433 Intellectus possibilis nihil est in actu de nuero entium anequam intelligit ea.
257 1419 1281 1480 Intellectus non habet organum in corpore. sed est ab oi organo corporali sepat.
231 1456 1028 1514 Anima intellectiua est specierum intelligibilium locus
233 1493 1294 1552 Intellectus cum intelligit valde intelligibilia non minus intelligit infimum immo
1143 1547 1294 1609 (magis.
238 1534 1026 1602 Intellectus cum intellexerit alia potest seipsum intelligere
244 1578 1155 1641 In omnibus habentibus forma in materia differunt res et rei esse.
239 1613 1244 1686 Essentia siue quidditas rem scilicet formalis est proprium obiectum intellectus.
239 1673 1178 1723 Intellectus est simplex impassibilis et immixtus. id est inorganicus
243 1708 1293 1780 Intellectus possibilis est primo tanquam tabula rasa in qua nihil est depi
237 1753 729 1813 ctum. possibilis tamen depingi
242 1783 1186 1845 Intellectus noster intelligit se sicut alia per species aliarum.
246 1840 1052 1905 In separatis a materia idem est intelligens et intellectum
236 1878 1281 1950 Sicut in omnim rerum natura est aliquid quod potest primo fieri et facere om¬
241 1931 1279 1979 nia illius generis. sic etiam in anima est necesse hec duo esse vnum scilicet quod po
230 1971 1283 2047 test fieri omnia intelligibilia et recipere ea et hoc est intellectus possibilis. aliud
