1623 2393
295 243 1351 308 duodecimo metaphy. Intelligere subiectarum seperatarum est conforme tali(quam
299 295 1351 352 in nobs quandoque expimur) contemplatoi syncere De qui Idem pehsus in de somno
277 342 1346 387 e vigilia tractatu de diuinatione somniorum dicit. quod aduenit nobus tempore mo
294 378 1352 434 derati somni quando sedatum motibus corporis ea quae in nobus diuina est particula
300 423 1357 471 scintillat. animamque illustrat hinc pro vero putatur Ioannem dcotu tali in e
297 464 1342 516 tellectu quae dicitur assimilatus. formalis. diuinus. vl adeptus raptum fuisse. et paulo
289 511 1343 557 post a confratribus suis huiusce rei ignarum pro mortuo sepulture Colonie
294 549 1347 614 Natura nihil facit frustra Unde non deficit in necessa¬ straditum esse.
297 591 783 650 riis nec abundat in superfiuis.
305 610 1215 694 Intellectus principiorum semper est rectus t
294 652 1354 733 Appetibile semper mouet appetitum sub ratione boni. siue hoc sit bo¬
293 719 743 765 num apparens sine existens.
291 756 1308 811 Tria requruntur ad motum animalis. scilicet mouens. motum et organum motus
290 802 1343 864 Duplex est motus scilicet mouens mobile quod est appetibile. et moues motum
292 849 1351 890 quod est potentia appetitiua in homine. motum aut est organum animalis puta iparet cor.
288 890 1347 950 Mecesse est omne quod viuit habere animam vegetatiuam a principio gene
291 930 713 987 rationis sue vsque ad finem
293 973 1137 1031 Impossibile est corpus animalis esse simplex elementum.
287 1010 1307 1075 Sensus gustus et tactus necessarum sunt omi animali. alii autem de bene esse
288 1056 1139 1110 Non videmus extramittendo sed intus suscipiendo.
291 1099 1351 1149 Sensus tactus est primus omnium sensuum. quia sine eo anima esse non potest
283 1146 894 1200 Excellens sensibile corrumpit sensum
283 1178 913 1235 Excellens tangibile corrumpit animali
292 1227 1001 1279 inguam habet animal vt significet aliquid alteri
290 1274 1358 1335 ⁋ Albertus In auerrois positione vnum intellectum in omnibus homnibus ponem
288 1314 842 1360 te sunt tot inconuenientia quot verba
287 1336 1346 1411 Hanc Auerrois positionem venerabilis domins Albertus ab alexandro Pa
286 1402 1338 1447 pa. iiii. ad vrbem accitus romanam occasione cuiusdam heresis illic inuales
287 1443 1341 1500 centis trigita sex impugnauit viis vt pabet in secunda parte eius de mirabili scientia dei
288 1486 1240 1533 ⁋ Commenta. Intellectus non est corpus nec vertus: in corpore
284 1518 1104 1571 Sermo in principiis debet esse longus. vt ait plato
278 1567 1346 1618 Arist. adinueniens intellectum possibile inuenit quoddam nouum genus materie
286 1609 1349 1670 Necesse est in omni intelligibili abstracto aliquid simile esse materie
281 1652 1005 1696 et aliquid simile esse forme. scilicet potentiam et actum
288 1691 1089 1743 Omnis forma separata a materia est intellectiua.
281 1726 1353 1800 Credo quod ille homo. scilicet Aristo. fuit in natura regula et exemplar quodam. nam
290 1782 1177 1824 adinuenit ad demonstraudum vltimam perfectionem in materia
284 1816 1353 1875 Operatio intellectus possibilis est intelligere. sed operatio intellectus
283 1864 891 1913 agentis est abstrahere et intelligere facere
296 1893 1352 1952 Intelligere est recipere intelligibilia. sed abstrahere est potentia intelligibi¬
283 1934 1353 2015 lia facere actu intellecta denudando ea a materia et conditionibus materie
