<?xml version="1.0" encoding="UTF-8" standalone="yes"?>
<PcGts xmlns="http://schema.primaresearch.org/PAGE/gts/pagecontent/2013-07-15" xmlns:xsi="http://www.w3.org/2001/XMLSchema-instance" xsi:schemaLocation="http://schema.primaresearch.org/PAGE/gts/pagecontent/2013-07-15 http://schema.primaresearch.org/PAGE/gts/pagecontent/2013-07-15/pagecontent.xsd">
    <Metadata>
        <Creator>prov=University of Rostock/Institute of Mathematics/CITlab|PLANET AI GmbH/Gundram Leifert/gundram.leifert@planet-ai.de:name=cod-BtQsrQ-m1(htr_id=29141)::::v=2.6.7
prov=University of Rostock/Institute of Mathematics/CITlab|PLANET AI GmbH/Tobias Gruening/tobias.gruening@planet-ai.de:name=de.uros.citlab.module.baseline2polygon.B2PSeamMultiOriented:v=2.6.7
prov=University of Rostock/Institute of Mathematics/CITlab|PLANET AI GmbH/Tobias Gruening/tobias.gruening@planet-ai.de:name=/net_tf/LA73_249_0mod360.pb:de.uros.citlab.segmentation.CITlab_LA_ML:v=2.6.6
Transkribus</Creator>
        <Created>2020-12-27T20:56:34.129+01:00</Created>
        <LastChange>2021-01-04T13:50:15.562+01:00</LastChange>
        <TranskribusMetadata docId="561845" pageId="23073529" pageNr="38" tsid="50658180" status="IN_PROGRESS" userId="25065" imgUrl="https://files.transkribus.eu/Get?id=JJADTZMMPSFVERQFPMDXFAHL&amp;fileType=view" xmlUrl="https://files.transkribus.eu/Get?id=PNPIDANMIVFVLFCUYMGIXCCR" imageId="18001360"/>
    </Metadata>
    <Page imageFilename="37.jpg" imageWidth="1640" imageHeight="2431">
        <ReadingOrder>
            <OrderedGroup id="ro_1609772027384" caption="Regions reading order">
                <RegionRefIndexed index="0" regionRef="r1"/>
            </OrderedGroup>
        </ReadingOrder>
        <TextRegion orientation="0.0" id="r1" custom="readingOrder {index:0;}">
            <Coords points="327,246 327,2050 1388,2050 1388,246"/>
            <TextLine id="r1l2" custom="readingOrder {index:0;}">
                <Coords points="320,335 1224,349 1224,290 1146,283 320,287"/>
                <Baseline points="327,330 371,330 416,330 460,330 505,330 549,329 594,329 638,329 683,329 727,329 772,329 816,329 861,329 905,329 950,329 994,330 1039,330 1083,330 1128,331 1172,332 1217,333"/>
                <TextEquiv>
                    <Unicode>quod prius fuit sensatum vel intellectum. sic est memorabilis.</Unicode>
                </TextEquiv>
            </TextLine>
            <TextLine id="r1l3" custom="readingOrder {index:1;}">
                <Coords points="329,380 875,384 875,346 854,338 329,339"/>
                <Baseline points="335,373 361,372 388,372 414,372 441,372 468,372 494,372 521,372 548,372 574,372 601,372 628,372 654,372 681,372 708,372 734,372 761,372 788,372 814,372 841,372 868,372"/>
                <TextEquiv>
                    <Unicode>Meditationes memoriam saluant.</Unicode>
                </TextEquiv>
            </TextLine>
            <TextLine id="r1l4" custom="readingOrder {index:2;}">
                <Coords points="329,418 1281,437 1378,420 1378,373 329,380"/>
                <Baseline points="335,411 386,413 438,414 490,415 542,416 594,416 645,416 697,416 749,416 801,416 853,416 904,416 956,416 1008,416 1060,416 1112,416 1163,416 1215,416 1267,417 1319,418 1371,419"/>
                <TextEquiv>
                    <Unicode>Meditari est aliquid considerare multotiens non secundum se sed secundum imaginem alicuius</Unicode>
                </TextEquiv>
            </TextLine>
            <TextLine id="r1l5" custom="readingOrder {index:3;}">
                <Coords points="331,465 1386,469 1386,412 1249,439 332,422"/>
                <Baseline points="338,455 390,456 442,457 494,458 546,458 598,458 650,458 702,459 754,459 806,459 859,459 911,459 963,459 1015,459 1067,459 1119,459 1171,459 1223,459 1275,459 1327,460 1380,460"/>
                <TextEquiv>
                    <Unicode>Reminiscentia differt a memoria. quia reminiscentia tantum est in homnibus sed </Unicode>
                </TextEquiv>
            </TextLine>
            <TextLine id="r1l6" custom="readingOrder {index:4;}">
                <Coords points="334,511 1235,535 1379,522 1380,469 334,469"/>
                <Baseline points="340,500 391,500 443,501 494,501 546,501 598,501 649,501 701,501 753,501 804,501 856,502 908,502 959,502 1011,502 1063,503 1114,503 1166,504 1218,504 1269,505 1321,506 1373,507"/>
                <TextEquiv>
                    <Unicode>memoria etiam est in animalibus Reminiscentia non est memoria. sed sequitur</Unicode>
                </TextEquiv>
            </TextLine>
            <TextLine id="r1l7" custom="readingOrder {index:5;}">
                <Coords points="334,551 1107,550 1107,521 1061,509 334,514"/>
                <Baseline points="340,541 378,542 416,543 454,544 492,544 530,545 568,545 606,545 644,545 682,545 720,545 758,545 796,545 834,545 872,545 910,545 948,545 986,545 1024,545 1062,545 1100,545"/>
                <TextEquiv>
                    <Unicode>memoriam. quia procedit ab aliquo retento in memoria.</Unicode>
                </TextEquiv>
            </TextLine>
            <TextLine id="r1l8" custom="readingOrder {index:6;}">
                <Coords points="332,598 959,591 1140,617 1282,604 1283,564 332,550"/>
                <Baseline points="338,586 384,586 431,586 478,586 525,586 572,586 619,586 666,586 713,586 760,586 807,586 853,587 900,587 947,587 994,587 1041,587 1088,587 1135,587 1182,587 1229,587 1276,587"/>
                <TextEquiv>
                    <Unicode>Omnis reminiscentia vel fit a re ipsa vel sibi simili vta contrario</Unicode>
                </TextEquiv>
            </TextLine>
            <TextLine id="r1l9" custom="readingOrder {index:7;}">
                <Coords points="328,641 881,650 1033,632 960,590 328,598"/>
                <Baseline points="335,630 369,630 404,630 438,630 473,629 507,629 542,629 576,629 611,629 645,629 680,629 715,629 749,629 784,629 818,629 853,629 887,629 922,629 956,629 991,629 1026,628"/>
                <TextEquiv>
                    <Unicode>Que ordinem habent bene reminiscibilia sunt.</Unicode>
                </TextEquiv>
            </TextLine>
            <TextLine id="r1l10" custom="readingOrder {index:8;}">
                <Coords points="331,680 1384,689 1384,644 1275,628 331,639"/>
                <Baseline points="338,673 390,673 442,673 494,673 546,673 598,673 650,673 702,673 754,673 806,673 858,673 910,673 962,673 1014,673 1066,673 1118,673 1170,673 1222,674 1274,674 1326,674 1378,674"/>
                <TextEquiv>
                    <Unicode>Quidam semel videntes magis memorantur quam alii multotiens videntes.</Unicode>
                </TextEquiv>
            </TextLine>
            <TextLine id="r1l11" custom="readingOrder {index:9;}">
                <Coords points="328,727 1393,726 1393,685 1355,680 328,682"/>
                <Baseline points="335,715 387,715 440,716 492,715 545,715 597,715 650,715 702,714 755,714 807,714 860,714 913,713 965,713 1018,713 1070,713 1123,713 1175,714 1228,714 1280,715 1333,716 1386,717"/>
                <TextEquiv>
                    <Unicode>Quidam nolentes reminisci non possunt dimittere reminiscentiam sicut</Unicode>
                </TextEquiv>
            </TextLine>
            <TextLine id="r1l12" custom="readingOrder {index:10;}">
                <Coords points="336,765 1326,773 1349,723 335,727"/>
                <Baseline points="342,754 392,756 442,757 492,758 542,759 592,759 642,759 692,758 742,758 792,758 842,757 892,757 942,756 992,756 1042,755 1092,755 1142,755 1192,755 1242,756 1292,757 1343,759"/>
                <TextEquiv>
                    <Unicode>melancholici. quia phantasmata maxime mouent eos contra velle eorum</Unicode>
                </TextEquiv>
            </TextLine>
            <TextLine id="r1l13" custom="readingOrder {index:11;}">
                <Coords points="332,810 1389,820 1362,765 332,765"/>
                <Baseline points="338,797 390,798 442,799 494,799 546,800 599,800 651,800 703,800 755,800 807,800 860,800 912,800 964,800 1016,800 1068,800 1121,800 1173,800 1225,801 1277,801 1329,802 1382,803"/>
                <TextEquiv>
                    <Unicode>Pueri et multum senes immemores sunt propter nimium motum acciden</Unicode>
                </TextEquiv>
            </TextLine>
            <TextLine id="r1l14" custom="readingOrder {index:12;}">
                <Coords points="330,850 465,845 535,866 585,847 736,851 747,849 747,807 624,824 591,811 474,816 448,798 424,816 390,816 373,800 351,816 330,810"/>
                <Baseline points="336,841 361,841 386,842 411,842 437,842 462,842 487,842 512,842 538,842 563,842 588,842 613,842 639,842 664,842 689,841 714,841 740,840"/>
                <TextEquiv>
                    <Unicode>talem in corporibus eorum</Unicode>
                </TextEquiv>
            </TextLine>
            <TextLine id="r1l15" custom="readingOrder {index:13;}">
                <Coords points="325,883 1388,893 1367,838 546,869 325,847"/>
                <Baseline points="332,883 384,884 436,885 489,885 541,886 594,886 646,886 699,887 751,887 804,886 856,886 908,886 961,886 1013,886 1066,886 1118,886 1171,886 1223,886 1276,886 1328,886 1381,886"/>
                <TextEquiv>
                    <Unicode>⁋ Commenta. Quattuor sunt vortutes animae sensitiue interiores scilicet sen¬</Unicode>
                </TextEquiv>
            </TextLine>
            <TextLine id="r1l16" custom="readingOrder {index:14;}">
                <Coords points="333,934 1389,937 1389,892 333,890"/>
                <Baseline points="340,925 392,926 444,927 496,928 548,928 600,928 652,929 704,929 756,929 808,929 861,929 913,929 965,929 1017,929 1069,929 1121,929 1173,929 1225,929 1277,929 1329,929 1382,929"/>
                <TextEquiv>
                    <Unicode>sus communis. imaginatio siue phantasia. estimatiua quae in homnibus dicitur cogita¬</Unicode>
                </TextEquiv>
            </TextLine>
            <TextLine id="r1l17" custom="readingOrder {index:15;}">
                <Coords points="331,976 1388,982 1388,938 331,934"/>
                <Baseline points="338,969 390,969 442,970 494,970 546,970 599,970 651,970 703,970 755,970 807,970 860,970 912,970 964,970 1016,970 1068,970 1121,971 1173,971 1225,971 1277,971 1329,972 1382,972"/>
                <TextEquiv>
                    <Unicode>tiua et memoria Imaginatio est in interiori parte cerebri. estimatiua</Unicode>
                </TextEquiv>
            </TextLine>
            <TextLine id="r1l18" custom="readingOrder {index:16;}">
                <Coords points="330,1020 1040,1019 1031,981 330,977"/>
                <Baseline points="337,1011 371,1010 406,1010 441,1010 476,1010 511,1010 545,1010 580,1010 615,1011 650,1011 685,1011 719,1011 754,1011 789,1011 824,1011 859,1011 893,1012 928,1012 963,1012 998,1011 1033,1011"/>
                <TextEquiv>
                    <Unicode>in media. memoria vero in posteriori parte.</Unicode>
                </TextEquiv>
            </TextLine>
            <TextLine id="r1l19" custom="readingOrder {index:17;}">
                <Coords points="340,1071 1155,1058 1274,1085 1395,1069 1395,1017 340,1019"/>
                <Baseline points="347,1057 399,1056 451,1055 503,1054 555,1054 607,1053 659,1053 711,1053 763,1053 815,1053 867,1053 919,1054 971,1054 1023,1055 1075,1055 1127,1056 1179,1056 1231,1057 1283,1057 1335,1058 1388,1058"/>
                <TextEquiv>
                    <Unicode>⁋ Thomas brabanti. ingenium per humiditatem viget. meoria per siccitatem</Unicode>
                </TextEquiv>
            </TextLine>
            <TextLine id="r1l20" custom="readingOrder {index:18;}">
                <Coords points="493,1118 1204,1108 1204,1083 1156,1058 493,1061"/>
                <Baseline points="499,1096 533,1096 568,1097 603,1097 638,1097 673,1097 708,1097 743,1097 778,1097 813,1097 848,1098 882,1098 917,1098 952,1098 987,1098 1022,1098 1057,1098 1092,1098 1127,1098 1162,1098 1197,1098"/>
                <TextEquiv>
                    <Unicode>⁋ Sequuntur autori. libri de somno et vigilia.</Unicode>
                </TextEquiv>
            </TextLine>
            <TextLine id="r1l21" custom="readingOrder {index:19;}">
                <Coords points="400,1147 784,1145 862,1162 927,1146 927,1109 504,1115 449,1098 400,1111"/>
                <Baseline points="407,1142 432,1142 458,1141 484,1141 509,1141 535,1141 561,1141 586,1141 612,1141 638,1141 664,1141 689,1142 715,1142 741,1142 766,1142 792,1141 818,1141 843,1141 869,1140 895,1139 921,1138"/>
                <TextEquiv>
                    <Unicode>Uius est potentia eius est actus</Unicode>
                </TextEquiv>
            </TextLine>
            <TextLine id="r1l22" custom="readingOrder {index:20;}">
                <Coords points="343,1192 1035,1196 1073,1188 1073,1141 343,1159"/>
                <Baseline points="350,1187 385,1187 421,1186 457,1185 493,1185 529,1185 564,1184 600,1184 636,1184 672,1185 708,1185 743,1185 779,1185 815,1185 851,1185 887,1185 922,1185 958,1185 994,1185 1030,1184 1066,1183"/>
                <TextEquiv>
                    <Unicode>Necesse est omne quod vigilat etiam dormire</Unicode>
                </TextEquiv>
            </TextLine>
            <TextLine id="r1l23" custom="readingOrder {index:21;}">
                <Coords points="329,1235 1391,1246 1391,1199 1331,1185 329,1187"/>
                <Baseline points="335,1221 387,1223 439,1225 492,1226 544,1227 597,1227 649,1228 702,1228 754,1227 807,1227 859,1227 911,1227 964,1226 1016,1226 1069,1226 1121,1226 1174,1226 1226,1227 1279,1228 1331,1230 1384,1231"/>
                <TextEquiv>
                    <Unicode>Somnus est quasi ligamentum omnim sensuum. vigilia vero solutio eorum</Unicode>
                </TextEquiv>
            </TextLine>
            <TextLine id="r1l24" custom="readingOrder {index:22;}">
                <Coords points="338,1279 1261,1284 1228,1234 338,1234"/>
                <Baseline points="344,1267 389,1268 435,1268 480,1269 526,1269 571,1269 617,1269 662,1269 708,1269 753,1269 799,1269 844,1269 890,1269 935,1269 981,1269 1026,1269 1072,1269 1117,1270 1163,1270 1208,1271 1254,1271"/>
                <TextEquiv>
                    <Unicode>Somnus est requies quidam quae data est animalibus propter salutem eorum.</Unicode>
                </TextEquiv>
            </TextLine>
            <TextLine id="r1l25" custom="readingOrder {index:23;}">
                <Coords points="333,1324 1019,1319 997,1277 333,1274"/>
                <Baseline points="339,1314 372,1314 406,1313 440,1313 473,1312 507,1312 541,1312 574,1311 608,1311 642,1311 676,1311 709,1311 743,1310 777,1310 810,1310 844,1311 878,1311 911,1311 945,1311 979,1311 1013,1312"/>
                <TextEquiv>
                    <Unicode>Omia animalia sanguinem habentia habent cor</Unicode>
                </TextEquiv>
            </TextLine>
            <TextLine id="r1l26" custom="readingOrder {index:24;}">
                <Coords points="333,1364 1019,1367 1019,1325 964,1315 333,1324"/>
                <Baseline points="339,1354 372,1354 406,1354 440,1354 473,1354 507,1354 541,1353 574,1353 608,1353 642,1353 676,1352 709,1352 743,1352 777,1352 810,1352 844,1352 878,1352 911,1352 945,1352 979,1352 1013,1352"/>
                <TextEquiv>
                    <Unicode>Cor est principium sensus et motus in animalibus</Unicode>
                </TextEquiv>
            </TextLine>
            <TextLine id="r1l27" custom="readingOrder {index:25;}">
                <Coords points="341,1403 1346,1406 1317,1353 342,1360"/>
                <Baseline points="348,1397 397,1396 447,1395 496,1394 546,1393 596,1393 645,1393 695,1393 744,1393 794,1394 844,1394 893,1395 943,1395 992,1395 1042,1396 1092,1397 1141,1397 1191,1397 1240,1398 1290,1398 1340,1398"/>
                <TextEquiv>
                    <Unicode>Nutrimentum vltimum in omnibus sanguinem habentibus est sanguinis materia</Unicode>
                </TextEquiv>
            </TextLine>
            <TextLine id="r1l28" custom="readingOrder {index:26;}">
                <Coords points="331,1449 1175,1451 1175,1415 1142,1405 331,1400"/>
                <Baseline points="337,1440 378,1439 420,1438 461,1438 503,1437 545,1437 586,1436 628,1436 669,1436 711,1436 753,1436 794,1436 836,1436 877,1436 919,1436 961,1436 1002,1437 1044,1437 1085,1437 1127,1438 1169,1438"/>
                <TextEquiv>
                    <Unicode>Loca sanguinis sunt vene Cor est principium venarum</Unicode>
                </TextEquiv>
            </TextLine>
            <TextLine id="r1l29" custom="readingOrder {index:27;}">
                <Coords points="338,1494 1295,1486 1383,1513 1384,1451 338,1445"/>
                <Baseline points="344,1481 395,1480 447,1480 498,1479 550,1479 602,1478 653,1478 705,1478 757,1478 808,1478 860,1478 912,1478 963,1479 1015,1479 1067,1480 1118,1480 1170,1481 1222,1482 1273,1483 1325,1485 1377,1486"/>
                <TextEquiv>
                    <Unicode>domnus causatur ex euaporatione cibi quae ascendit ad cerebrum et infrigida</Unicode>
                </TextEquiv>
            </TextLine>
            <TextLine id="r1l30" custom="readingOrder {index:28;}">
                <Coords points="330,1530 1319,1547 1295,1486 330,1498"/>
                <Baseline points="337,1524 385,1523 434,1523 483,1522 532,1522 581,1521 629,1521 678,1521 727,1521 776,1521 825,1522 873,1522 922,1522 971,1523 1020,1523 1069,1524 1117,1524 1166,1524 1215,1525 1264,1526 1313,1526"/>
                <TextEquiv>
                    <Unicode>ta discendit et faeit somnum. vn post cibum fortem sunt somni validi.</Unicode>
                </TextEquiv>
            </TextLine>
            <TextLine id="r1l31" custom="readingOrder {index:29;}">
                <Coords points="328,1571 1062,1574 1062,1540 996,1527 328,1529"/>
                <Baseline points="335,1566 371,1565 407,1565 443,1564 479,1563 515,1563 551,1563 587,1562 623,1562 659,1562 695,1562 731,1562 767,1563 803,1563 839,1563 875,1563 911,1563 947,1563 983,1564 1019,1564 1055,1564"/>
                <TextEquiv>
                    <Unicode>Somnus assimilatur epilentie id est morbus caduco</Unicode>
                </TextEquiv>
            </TextLine>
            <TextLine id="r1l32" custom="readingOrder {index:30;}">
                <Coords points="333,1619 1110,1622 1110,1575 1085,1568 333,1573"/>
                <Baseline points="339,1608 377,1608 415,1608 453,1608 492,1607 530,1607 568,1607 606,1607 645,1607 683,1607 721,1606 759,1606 798,1606 836,1606 874,1606 912,1606 951,1606 989,1605 1027,1605 1065,1605 1104,1605"/>
                <TextEquiv>
                    <Unicode>Uinum bibere non conuenit pueris nec nutricibus eorum</Unicode>
                </TextEquiv>
            </TextLine>
            <TextLine id="r1l33" custom="readingOrder {index:31;}">
                <Coords points="332,1655 1224,1671 1213,1606 332,1620"/>
                <Baseline points="339,1649 382,1649 426,1649 470,1650 514,1650 558,1650 602,1650 646,1650 690,1650 734,1650 778,1649 821,1649 865,1649 909,1649 953,1649 997,1649 1041,1649 1085,1649 1129,1649 1173,1650 1217,1650"/>
                <TextEquiv>
                    <Unicode>Omnium eorum que sunt in corpore frigidissimum est cerebrum</Unicode>
                </TextEquiv>
            </TextLine>
            <TextLine id="r1l34" custom="readingOrder {index:32;}">
                <Coords points="339,1695 1115,1698 1115,1657 1074,1653 339,1657"/>
                <Baseline points="346,1694 384,1694 422,1694 460,1693 498,1693 536,1693 574,1692 612,1692 650,1691 688,1691 727,1690 765,1690 803,1690 841,1689 879,1689 917,1689 955,1689 993,1689 1031,1690 1069,1690 1108,1691"/>
                <TextEquiv>
                    <Unicode>In somno fit propulsio caloris ad interiora animalis</Unicode>
                </TextEquiv>
            </TextLine>
            <TextLine id="r1l35" custom="readingOrder {index:33;}">
                <Coords points="334,1742 1391,1755 1391,1693 1349,1685 334,1697"/>
                <Baseline points="341,1736 393,1736 445,1736 497,1735 549,1735 602,1734 654,1734 706,1733 758,1733 810,1733 863,1733 915,1733 967,1733 1019,1733 1071,1734 1124,1734 1176,1735 1228,1736 1280,1738 1332,1739 1385,1742"/>
                <TextEquiv>
                    <Unicode>(In supiora et exteriora membra in somno sentfrigida. et interiora suntcalida</Unicode>
                </TextEquiv>
            </TextLine>
            <TextLine id="r1l36" custom="readingOrder {index:34;}">
                <Coords points="327,1790 1202,1794 1231,1752 326,1738"/>
                <Baseline points="333,1778 377,1778 422,1778 466,1778 511,1778 556,1778 600,1778 645,1777 689,1777 734,1777 779,1777 823,1777 868,1777 912,1776 957,1776 1002,1776 1046,1777 1091,1777 1135,1777 1180,1777 1225,1778"/>
                <TextEquiv>
                    <Unicode>Animalia magis nutriuntur et angentur in somnis quam vigiliis</Unicode>
                </TextEquiv>
            </TextLine>
            <TextLine id="r1l37" custom="readingOrder {index:35;}">
                <Coords points="332,1828 1302,1840 1288,1775 332,1787"/>
                <Baseline points="338,1822 385,1821 433,1820 481,1819 529,1818 577,1818 625,1818 672,1818 720,1818 768,1818 816,1818 864,1819 912,1819 960,1819 1007,1820 1055,1820 1103,1820 1151,1820 1199,1820 1247,1820 1295,1819"/>
                <TextEquiv>
                    <Unicode>Abeuntibus sensibilibus remanent species eorum in organo sentiendi</Unicode>
                </TextEquiv>
            </TextLine>
            <TextLine id="r1l38" custom="readingOrder {index:36;}">
                <Coords points="327,1878 1359,1885 1388,1832 327,1838"/>
                <Baseline points="334,1867 386,1865 438,1864 491,1864 543,1863 595,1863 648,1863 700,1863 752,1863 805,1863 857,1863 909,1864 962,1864 1014,1865 1066,1865 1119,1865 1171,1865 1223,1866 1276,1866 1328,1865 1381,1865"/>
                <TextEquiv>
                    <Unicode>Aliquando apparent nobis ctempore quietis somnialis vel conformis</Unicode>
                </TextEquiv>
            </TextLine>
            <TextLine id="r1l39" custom="readingOrder {index:37;}">
                <Coords points="332,1917 767,1922 850,1909 850,1873 459,1867 331,1881"/>
                <Baseline points="338,1908 363,1908 388,1907 413,1907 439,1906 464,1906 489,1906 514,1906 540,1905 565,1905 590,1905 615,1905 641,1905 666,1905 691,1905 716,1905 742,1905 767,1905 792,1905 817,1905 843,1904"/>
                <TextEquiv>
                    <Unicode>alienationis )syncere intelligentie</Unicode>
                </TextEquiv>
            </TextLine>
            <TextLine id="r1l40" custom="readingOrder {index:38;}">
                <Coords points="333,1963 1126,1980 1371,1962 1385,1904 333,1918"/>
                <Baseline points="340,1952 394,1950 449,1949 504,1948 558,1947 613,1947 668,1947 722,1947 777,1947 832,1948 886,1948 941,1949 996,1949 1050,1950 1105,1950 1160,1950 1214,1950 1269,1950 1324,1950 1379,1949"/>
                <TextEquiv>
                    <Unicode>Uisus non solum patitur a visibili sed etiam agit. hoc verum est per accidens scilicet rati</Unicode>
                </TextEquiv>
            </TextLine>
            <TextLine id="r1l41" custom="readingOrder {index:39;}">
                <Coords points="332,1999 990,2001 990,1971 953,1956 332,1962"/>
                <Baseline points="339,1995 371,1994 403,1993 435,1992 467,1991 500,1991 532,1991 564,1990 596,1990 628,1990 661,1990 693,1990 725,1991 757,1991 789,1991 822,1992 854,1992 886,1992 918,1992 950,1993 983,1993"/>
                <TextEquiv>
                    <Unicode>one vaporis in videndo ab oculo exeutis.</Unicode>
                </TextEquiv>
            </TextLine>
            <TextLine id="r1l42" custom="readingOrder {index:40;}">
                <Coords points="341,2064 1337,2065 1390,2049 1390,1989 341,2001"/>
                <Baseline points="347,2038 398,2038 450,2038 502,2038 554,2039 606,2039 657,2039 709,2039 761,2039 813,2039 865,2039 916,2039 968,2040 1020,2040 1072,2040 1124,2040 1175,2039 1227,2039 1279,2039 1331,2039 1383,2039"/>
                <TextEquiv>
                    <Unicode>In speculis valde puris si mulieres menstruose inspiciant in superficie</Unicode>
                </TextEquiv>
            </TextLine>
            <TextEquiv>
                <Unicode>quod prius fuit sensatum vel intellectum. sic est memorabilis.
Meditationes memoriam saluant.
Meditari est aliquid considerare multotiens non secundum se sed secundum imaginem alicuius
Reminiscentia differt a memoria. quia reminiscentia tantum est in homnibus sed 
memoria etiam est in animalibus Reminiscentia non est memoria. sed sequitur
memoriam. quia procedit ab aliquo retento in memoria.
Omnis reminiscentia vel fit a re ipsa vel sibi simili vta contrario
Que ordinem habent bene reminiscibilia sunt.
Quidam semel videntes magis memorantur quam alii multotiens videntes.
Quidam nolentes reminisci non possunt dimittere reminiscentiam sicut
melancholici. quia phantasmata maxime mouent eos contra velle eorum
Pueri et multum senes immemores sunt propter nimium motum acciden
talem in corporibus eorum
⁋ Commenta. Quattuor sunt vortutes animae sensitiue interiores scilicet sen¬
sus communis. imaginatio siue phantasia. estimatiua quae in homnibus dicitur cogita¬
tiua et memoria Imaginatio est in interiori parte cerebri. estimatiua
in media. memoria vero in posteriori parte.
⁋ Thomas brabanti. ingenium per humiditatem viget. meoria per siccitatem
⁋ Sequuntur autori. libri de somno et vigilia.
Uius est potentia eius est actus
Necesse est omne quod vigilat etiam dormire
Somnus est quasi ligamentum omnim sensuum. vigilia vero solutio eorum
Somnus est requies quidam quae data est animalibus propter salutem eorum.
Omia animalia sanguinem habentia habent cor
Cor est principium sensus et motus in animalibus
Nutrimentum vltimum in omnibus sanguinem habentibus est sanguinis materia
Loca sanguinis sunt vene Cor est principium venarum
domnus causatur ex euaporatione cibi quae ascendit ad cerebrum et infrigida
ta discendit et faeit somnum. vn post cibum fortem sunt somni validi.
Somnus assimilatur epilentie id est morbus caduco
Uinum bibere non conuenit pueris nec nutricibus eorum
Omnium eorum que sunt in corpore frigidissimum est cerebrum
In somno fit propulsio caloris ad interiora animalis
(In supiora et exteriora membra in somno sentfrigida. et interiora suntcalida
Animalia magis nutriuntur et angentur in somnis quam vigiliis
Abeuntibus sensibilibus remanent species eorum in organo sentiendi
Aliquando apparent nobis ctempore quietis somnialis vel conformis
alienationis )syncere intelligentie
Uisus non solum patitur a visibili sed etiam agit. hoc verum est per accidens scilicet rati
one vaporis in videndo ab oculo exeutis.
In speculis valde puris si mulieres menstruose inspiciant in superficie</Unicode>
            </TextEquiv>
        </TextRegion>
    </Page>
</PcGts>
