1590 2465
201 253 1256 400 speculi fit quasi nubes sanguinea. et si nouum est speculum non facile est
198 343 920 434 abstergere maculam hmoi. si vero vetus facile
215 386 886 478 Purum subito demonstrat quicquid acceperat
208 443 772 521 Delectatio maior expellit minorem
214 448 1074 565 Pueri non habent somnia propter nimium motum qui est in eis.
217 470 1253 609 Principia omnia sunt parua. vnie et principia egritudinis sunt prua.
207 528 1268 654 Oneda somnia sunt signa futurorum. quidam cause. quaedam accidentia sunt illorum
220 563 1274 696 Multa preuisa et confilia que fieri expediebat obmittuntur propter
217 664 619 735 nobiliores inchoationes
223 695 737 773 Noctes silentiores sunt quam dies.
222 722 820 818 Aer noctis magis est quietus quam diei.
222 779 782 860 Melancholici maxime somniant.
228 829 752 900 Notorum notiores sunt motus
241 843 876 944 Noti de seinuicem maxime sunt solliciti.
235 879 970 990 Non omne quod futurum est de necessitate fit
237 892 1294 1032 ⁋ Commenta. Somnus fit propter recessum calors naturalis in con¬
241 998 676 1073 tractionem eiusdem ad cor
249 978 1320 1114 Mullus homo est qui non vidit somnium quod non annunciauit sibi aliquid futuri
242 1068 868 1167 famosum secundum rationem non est falsum
251 1073 1310 1194 Uulgus dicit. quod somnia fiunt ab angelis. diuinationes siue vexationes a de¬
946 1122 1316 1197 (monibus prophentie a deo
244 1153 829 1238 Bentes diuersificantur duobus modis
254 1160 1307 1288 vno modo naturaliter secundum vertutes earum et secundum entia eis propria in suis regi
262 1201 1319 1328 onibus Scono secundum leges secundum quas receperunt fidem a natiuitate. scile. de
263 1279 922 1370 primo principio et de angelis et de resurrectione.
274 1274 1289 1411 Homo debet esse medius ad somnum et vigiliam non declinando ad altemrum
268 1317 1335 1456 ⁋ Albertus frequenter decipiuntur Astrologus Augur Interpres vt
281 1372 1332 1494 nonum et omnis diuinans Et omne fere tale genus homnim deceptionibus gaudet
279 1411 1332 1547 et parum litterati existentes putant necessarium esse quod est contingens. quod cum
284 1454 1344 1584 pronuciatum fuerit. et non euenerit. faciunt scientias vilescere in conspectu
287 1515 1153 1630 homnim. sunt enim extra rationem eorum diuinationes fundate
415 1579 1142 1690 ⁋ Autorita. libro de logitudine et breuitate vite.
315 1608 1360 1761 ⁋S Entes que sunt in calidis subaudi temperatis) regionibus sunt
331 1695 978 1793 longioris vite quam que sunt in frigidis.
308 1703 1371 1837 Corruptis animalibus corrumpuntur scientie et sanitates quanoe in eis sunt. ve
308 1758 1360 1882 rum est quod scientie corrumpuntur secundum hunc modum intelligendi quo in¬
304 1836 829 1923 sunt nobis pro statu huius vite.
309 1847 1158 1968 Quicquid corrumpitur a suo contrario corrumpitur.
325 1873 1359 2000 Id quod in se est corrumptibile in nullo alio loco est incorruptibile
327 1935 1205 2056 Impossibile est habenti materiam non existere contrarium.
329 1959 1393 2114 Minor fatma consumitur a maiori per accdens. quia alimentum quod illa
