1704 2448
373 249 1294 346 ⁋ Sequuntur nunc autoritates philosophi. id est amatoris sapientie
394 324 986 394 Et primo primi libri metaphysicorum
491 397 1200 474 Mnes homines naturaliter scire desiderant
492 450 1292 523 Sensus visus multas nobis differentias demonstrat
488 505 1194 557 Solum hominum genus arte et ratione viuit.
492 547 1213 602 Experientia facit artem. inexperientia vero casum
311 559 1374 647 Actus et operationes sunt circa singularia. quia medicus non sanat hominem in
320 628 1304 682 comuni. sed socratem vel aliquem alium in particulari. similiter in aliis
322 669 1201 722 Experientia est cognitio singularium. ars vero vniuersalium.
315 692 1367 760 Artifex est sapientior experto. architectus manuali artifice. quia causas
1123 754 1368 812 subiectorum scit.
320 757 872 805 Signum scientis est posse docere
325 793 1365 842 Conueniens est quemlibet artificem inuenieutem vltra communes sensus extolli. non
320 828 1378 896 solum propter aliquam inuentorum vtilitatem. sed tanquam sapientem et ab aliis differentem
322 887 1366 947 Scientes quorum scientie ad vsum non sunt. sapientiores et honorabilio¬
314 930 962 981 res sunt illis quorum scientie sunt ad vsum.
314 965 1198 1017 Sapientia est scientia primarum et altissimarum causarum.
320 1004 1369 1061 Sapientem oportet scire omnia in vniversali et scire difficillima. et habre scien
317 1057 1370 1112 tiam certiorem. et scire reddere causas iporum quae scit. et habere scientiam quae subordi¬
317 1090 1366 1150 net alias scientias subseruientes. et habere scientiam quae suiipsius sit causa et non alterius
313 1134 1369 1196 Sapientem non ordinari sed ordinare oportet id est sapientis et regere. et non regi.
312 1182 1046 1231 hi soli docent qui causas de singulis docent.
321 1204 1377 1278 Que maxime sunt vniuersalia difficillima sunt ad cognoscendum ho
313 1272 891 1317 minibus quia a sensibus sunt remotissima
310 1295 1400 1364 finis est bonum vniuscuiusque rei. et vniuersaliter est optimum in omni natura
320 1347 1381 1415 Sapientia. id est metaphysica non est scientia practica. sed speculatiua. quia
309 1390 1154 1447 propter nullum est: sed est solum propter fugam ignorantie
324 1421 1288 1489 propter admirari nunc homines et primo ceperunt philosophari
316 1471 1370 1526 Philomites. id est fabularum auditor aliqualiter est philosophus. quia fabula ex miris et
1144 1514 1370 1580 raris constituitur.
312 1517 1079 1586 Summi sacerdotes et antiqui philosophi acquisitis vite
321 1560 902 1611 necessariis inceperunt philosophari.
317 1593 1021 1651 Qui dubitat et admiratur ignorare videtur.
325 1639 1181 1694 homo liber dicitur quae suiipsius et non alterius gratia est
316 1691 1371 1743 humanam natura multipliciter est ancilla. tam ex parte anime quam corporis
313 1734 1363 1788 Secundum simonidem solus deus habet honorem et sapientiam id est metaphysicam.
314 1772 1316 1825 Diuinum non inuidet Multa mentiuntur poete. id est fingunt
322 1822 1364 1870 Nulla scientia est nobilior et melior metaphysica. quia ipsa est maxime
310 1856 1365 1912 diuina. cum sit de deo. tum quia deus maxime habet eam. vnde alie necessario¬
308 1909 940 1951 res sunt hominibus. dignior vero nulla.
311 1935 1110 2000 Deus videtur esse causa omnium et principium quoddam
319 1982 1262 2050 Quattuor sunt cause scilicet materialis. formalis. efficiens et finalis
