1638 2435
281 264 1109 344 Epar est in animali ad coquendum et digerendum.
290 325 884 382 Pulmo est instrumentum anhelitus.
288 358 1348 416 Dulmo est positus iuxta cor et est mollis. leuis. concauus. spogiosus et spumo
290 408 1337 461 sus Et hoc ion vt in se recipiat aerem quae oe animal habens calidum sanguinem viuit.
288 451 809 509 Splen est quasi epar impurum
280 487 1343 557 Splen est in animalibus accidetaliter et non de necitate. quia simile est superfiuitati
282 533 962 597 Dolor renum difficilis est homini a natura
288 574 1049 642 Ren dexter minoris est pinguedinis quam sinister.
287 608 733 668 Ren dexter altior est sinistro
284 660 1340 719 Aues non mingunt nec habent vesicam. quia parum bibunt. et quod super est transit in
285 709 1338 757 Siliter nec pisces. quia quod superest transit in squamas. (plumas.
278 743 1265 797 Sudor non fit nisi quando calefit corpus et aperiuntur pori venarum
282 786 1353 848 ⁋ Albertus Aues adunca habentes rostra non bibunt. cetere vero bibunt
423 839 1157 903 ⁋ Autorita. xi. vel secundum aliquos. xiiii libro de animalibus
468 900 1340 954 Odica alteratio in membro principali facit multam al¬
470 943 909 998 terationem in toto corpore.
459 967 1343 1045 In animalibus propter timorem accidit effusio ventris et vrine
373 1035 1343 1101 Animalibus natantibus natura posuit corium inter di
286 1062 716 1123 gitos pedis. aliis vero non
282 1099 1345 1163 Ale vespertilionum sunt membruales et sunt de corio et indistincte.
283 1145 1245 1215 Auibus piscantibus collum est sicut arundo. id est longum
245 1195 726 1245 Delphines non habent fel.
293 1235 1176 1318 Natura vtitur quibusdam superfiuis ad iuuamentum.
286 1274 881 1339 Carentia fellis est causa bone cholore.
283 1311 990 1378 Causa ventris est propter cibum vt digerat.
279 1354 1351 1444 Manus non sunt vnum iustrumentum vel vnum organum. sed
287 1413 1197 1464 multa. quia per eas homo plus potest habere quam per cetera
291 1448 1151 1507 Uigor pollicis est equalis vigori omnium digitorum
284 1491 1310 1546 Operatio manuum est recipe et accipe. pedum vero sustentare et fugere
292 1531 1344 1598 Homo non habet caudam nec vllum animalium quod non habet
279 1581 918 1635 anchas. homo vero non habet anchas
290 1616 1349 1691 Quadrupedia statim se erigunt homovero non propter pondus ca
287 1667 1202 1719 pitis. quia homo est maior et ponderosior in superioribus.
294 1704 1337 1784 Uirga virilis crescit et diminuitur absque lesione inter omnia aliamenbra.
445 1758 1167 1818 ⁋ Sequuntur auto. xii libro de animmalibus Aristo.
458 1810 1347 1881 Ause vite in rebus sunt. finis. forma. materia. et efficiens.
465 1847 883 1906 Infinitum natura respuit
463 1891 1062 1948 Homo qui pinguis est raro generat.
446 1918 1051 1994 Sperma est supersiuum nutrimenti
298 1972 1097 2037 S perma femine non est conueniens generationi.
287 2013 1341 2084 fetus non fit ex x ermixtione duorum spermatum. Unde etiam mulier im¬
