1728 2479
245 291 1304 374 Tunc vnumquodque scire arbitramur cum primam causam scire putamus
245 357 797 411 vel cum causas eius cognoscimus
249 382 1304 459 In fundamento nature id est in materia prima nihil est actu distinctum. sed
234 446 1104 502 oens forme sunt distinguibiliter in ea secundum veros phos.
245 480 1304 539 ⁋ Commentator Materia prima nullam formam habet omnino neque
243 526 1303 599 versalem nec particula rem. sed recipit primo formam vniversaem et mediante illa reci¬
243 566 929 632 pit oens alias formas vsque ad indiuiduales.
242 608 1304 672 Spes non est forma tantum. sed etiam quid aggregatum ex materia et forma
247 650 1024 718 Ite vniuersale non habet esse nisi quod est in anima.
235 685 1303 762 Albertus Admiratio est agonia seu cordis suspensio in stuporem
230 736 824 812 magni prodign in sensu apparentis
362 797 1175 857 ⁋ Sequuntur autorita. secundi libro metaphy. Aristo.
390 839 1304 906 Icut se habet oculus nycticoracis ad lumen solis viversal diei sic
362 864 1302 960 ose habet noster intellectus ad manifest ssima nature id est ad deum et
374 933 1189 992 auod substantias separatas et ad naturas rerum subtilium
369 967 1300 1037 Non solum his dicere grans iustum est quirum opinionibus aliquis
231 1020 1297 1097 conicauit. sed etiam his qui superficialiter enunciarunt. quia hi etiam conferunt
227 1069 930 1114 aliquid. habitum em nostrum preexercitati sunt
236 1099 968 1161 Nocando phoiam scientiam veritatis recte se habet
224 1130 1058 1225 finis scientie speculatiue veritas est. practice vero opus.
233 1178 688 1244 Uerumi nescimus sine causa
223 1223 1290 1303 Quicquid est causa aliorum vt tale. illud est maxime tale. vt ignis qui est max
232 1274 1180 1349 ime tale: quia ignis est causa caloris aliis. ideo ipe est maxime talis
234 1315 1088 1387 Illud quod est causa quare alia sunt vera. illud est verissimum.
228 1345 1052 1417 Unuquoque sicut se habet ad entitatem. sic se habet ad veritatem
235 1398 1291 1456 In nullo generatione causarum conuenit ire in infiuitum. sed semper est deuenire ad
225 1452 1284 1513 aliquod quod est primum in illo genere. vnde conuenit deuenire ad primum fi
224 1489 761 1543 nem. primam materiam. et prima formam
230 1526 1296 1610 Primum semper est causa posterioris. Beneratio vnius est corruptio alterius
227 1570 825 1618 Beneratio est medium inter esse et non esse
223 1613 1291 1694 Dupliciter dicitur aliquid fieri ex aliis. vniversa. quia ex puero fit vir. ex aurora di
231 1658 1056 1715 es Uel sic. ex aere fit aqua. et vniversalte ex incompleto completum
229 1700 1286 1753 Impossibile est principium sempiternum ex quo fit generatio corrumpi scilicet materi
1097 1746 1296 1824 sam primam
223 1746 1111 1823 Qui infinitum agunt naturam boni latenter auterunt Ex quo
232 1787 724 1844 habetur quod finis et bonum conuertuntur
240 1823 1223 1899 Nullum agens naturale siue intellectuale ab intentione finis absoluitur
228 1869 967 1919 Quicquid intellectus intelligit ipsum prius sciuit
227 1913 999 1970 In omi eo quod mouetur necesse es intelligi materiam
229 1949 1067 2027 Tunc scire putamus rem cum causas rei cognoscimus
221 2000 1001 2059 Auditiones contingunt secundum consuetudinem entibus id est homnibus
222 2043 1227 2108 Sicut consueuimus ita dignamur loqi Consuetum semper notius est.
