1617 2425
279 257 1334 354 Quicumque sunt vni necessario ministrantes dicuntur serui. quaicunque autem
275 321 841 373 comuniter pluribus dicuntur hanantii.
276 365 1341 432 Quicumque intendunt politie vtilitati communi recti sunt et iusti. quae autem intendunt
284 403 1207 481 vtilitati proprie vitiosi sunt et rectorum politicorum transgressores
285 445 986 507 Oportet bonam ciuitatem de virtute sollicitam esse.
280 485 1246 553 vnum virtuosum melius est principari quam plures et multos alios.
274 531 1060 592 Sine iusticia impossibile est inhabitare ciuitatem
273 574 1339 650 Melius est ciuitatem regi vno optio viro quam vna optia scilicet muliere versa lege
275 615 1006 679 Ingenuitas est virtus generis id est nobilitas.
275 650 1337 729 urba multa melius iudicat quam vnus tantum Immo melius est iudi¬
271 708 725 759 cium duorum quam vnius tantu.
268 742 946 801 Pars non est apta nata excellere suum totum.
441 790 1115 846 ⁋ Sequuntur auto. quarti libri politicorum.
339 825 1328 900 Onsolum oportet politiam a principibus istituere sed etiam oportet eam corri¬
1234 888 1320 935 (gere.
267 871 1111 933 Ciuitas non constabit ex vna parte sed ex multis. quarum
269 915 1330 969 vna pars sunt agricole. secunda artifices manuales. tertia quae negociantur.
269 958 1324 1015 circa forum quarta mercenarii. quinta propugnatores et armigeri quais necessa
271 1001 1066 1051 rium est in ciuitate existere si non debeat seruire inimicis
260 1046 860 1088 Qui alteri seruit non est per se sufficiens
263 1080 951 1146 Sine principibus impossibile est esse ciuitatem
266 1126 1094 1193 Cittere vacare non existentibus prouentibus est impossibile.
271 1170 1155 1220 Ingenuitas et nobilitas sunt virtutes et diuitie antique
275 1217 1311 1266 In omni ciuitate sunt tres spens homnim scilicet pauperes. diuites. et medio
265 1265 1311 1318 cres inter quos optimi sunt mediocres. quia medium semper est optimum. me¬
265 1302 1231 1355 dia possessio bonorum exteriorum est optima. quia facile est ratione obedire.
260 1347 1327 1398 Quod nimis est pulcrum. nimis forte. nimis ingenuum. nimis diues. habt
261 1393 1313 1441 contrarium scilicet nimis fetidum. nimis debile. nimis ignobile. et nimis pauper
272 1428 1314 1500 Rati sequitur. quia quaedam eorum sunt iniuriosi et in magnis plus nequam. quida
265 1463 805 1525 autem astuti. et in paruis valde neque.
262 1516 1320 1589 Qui sunt nimis diuites et pote tes nec sciunt nec volunt subisci. quae autem
262 1548 965 1615 minus ingenui sunt et viles nesciunt principari
257 1600 1314 1657 Mediocres ciues maxime saluantur in ciuitate. quia ipi nec desiderant
255 1648 1317 1699 aliena vt paupres. nec alii paupores exitentes horum substantiam desiderant. et
252 1686 1315 1735 ere nec insidias patiuntur neque fraudes faciunt. quiproprer sine piculo viuunt
253 1726 1309 1777 Maximum eufortunium est cines mediocrem habere substantiam sufficien¬
258 1772 855 1816 tem eis. quia per tales bene regitur ciuitas
265 1797 1346 1878 Quanto aliquid magis attingit medium tanto melius est. quanto autem ali¬
261 1855 950 1911 quid magis distat a medio tanto peius est
264 1892 1309 1950 Magne ciuitates plus sunt seditiose quam parue. quia multum est ibi medium
268 1936 1317 2013 In magnis negociis oportet vnum ordinarem ad vnum opus. quia cura meli
259 1984 952 2053 us est intenta circa vnum opus quam circa multa
