1594 2420
376 265 1152 328 ⁋ Sequuntur autori. quinti libri politicorum Aristo.
458 297 1315 366 Nod plus est inequale est. Ubique propter inequile fit seditio
447 343 1327 415 Nobilitas generis et diuitie sunt principia et fontes seditionum
436 387 1329 445 Nobilitas et vertus in paucis inueniuntur. quia solum in vertute est no
1181 428 1332 485 (bilitas
444 432 1195 494 Minores vt fiant equiles seditiones faciunt. equiles vero
1067 473 1331 539 (vt fiant maiores
263 479 1018 543 Quod parum est quisi nihil differt ab eo quod non est
269 537 929 586 Omnis diuersitas videtur facere seditione.
271 555 1325 623 Seditiones quae parue sunt primo quaesi non fuerint inter dominos convalescunt
270 605 1337 673 Principium alicuius videtur esse dimidium totius. Pater et filius simul prin
278 645 1057 710 cipari nequeunt. tantus quippe amor est principandi
299 687 1162 750 holitie maxime dissoluuntur propter iusticie trasgressionem
287 736 835 791 Contrariorum contraria sunt factiua.
281 749 1049 832 Praue expense sepe facte substantias sepe consumunt
280 812 1233 874 Periculosum est principi dare subdito suo magnos honores.
288 858 1126 921 Regnum seruatur per amicos Rex iusticiam seruare debet
286 897 1346 963 Contumelia est causa ire Nullus sane mentem manum suam mittit ad impossibilia
293 936 1346 1010 Non de facili potest inuadi qui est sobrius et vigilans. sed qui est dor
281 988 1337 1052 miens. quapropter principes vt non sint inuasibiles. somnum et ebrieta
282 1037 694 1089 tem multum euitare debent.
287 1056 1348 1133 Princeps debet esse deicola. id est deum pre omnibus colens. quia minus timent homines
286 1112 1013 1175 iniustu pati a principe si deicolam putant ipsum esse
289 1142 1344 1213 Oportet principen bonos honorare et ipsummet honorem distribuere
288 1207 1242 1252 dupplicia autem id est tormenta non debet distribuere per se sed per alios
290 1234 1345 1295 Di princeps alique de potestate sibi tradita vult deponere. gradatim
290 1283 1059 1359 hoc debet facere. et non simul auferre totam potestatem.
374 1322 1088 1390 ⁋ Sequuntur autori. sexti libro politicorum Aristo.
471 1347 1344 1427 Pus libertatis est viuere vt aliquis vult si honeste id ve
470 1408 934 1470 lit. quia seruus non viuit vt vult
471 1429 1344 1514 Mluralitas in electione personarum praefertur paucitati. simiter ma¬
471 1493 1062 1555 gnitudo dignitatis prefertur prauitati.
296 1529 1236 1598 Optimus populus est qui terrecultrius est. quia minus dolosus
297 1564 1346 1638 Agricole quae non habent necaria circa opora immorant aliena non concupiscunt
297 1601 1348 1682 Agricole magis concupiscunt lucrum quam honosensiqur delectabilius est eis
301 1668 666 1723 laborare quam princpari
303 1694 1348 1767 Impossibile est ciuitatem permanere sine legibus et consuetudinibus compositam.
302 1757 1141 1809 Quanto aliquid est peius tanto maiori indiget cautela.
306 1793 1050 1852 Necesse est in omni ciuitate aliquid vendi vel emi
310 1816 1345 1898 Prauos non est securum facere dominos. quia ipi magis indigent custodia alio
299 1879 792 1941 rum quam alios possunt custodire
291 1906 1360 1994 Oportet in ciuitate aliquis esse curam deorum id est dei et sctiorum habentes. vt sacerdotes
442 1963 1102 2033 ⁋ Autorita. septimi libri politicorum Aristo.
