1613 2418
414 271 1212 349 ⁋ Sequuntur autori. v. libri metaphysice Aristo.
432 333 1371 419 Ot modis dicitur principium quot modis dicitur causa. quia omes cau
400 372 1000 446 se sunt principia sed non econuerso
423 409 1277 482 Principium et primum idem sunt. quia omne principium est primum
427 467 1371 526 Quattuor sunt cause scilicet materialis. formalis. efficiens et finalis.
284 520 1373 565 Aliqui sibiinuicem poaeset esse cause vt exercitium est causa sanitatis et econuerso.
280 559 1368 622 Idem se aliter habens est causa oppositorum sicut gubernator nauis per suam praesen
277 600 1272 669 tiam est causa salutis nauis: sed per suam absentiam est causa perditionis eiusdem
282 645 1240 714 finis est optimum rei Lause secundum actum et effectus simul sunt
281 665 978 755 Causa et effectus debent esse proportiolantsm e
283 735 965 779 Materia omnium liquefactibilium est aqua.
292 749 1381 826 Necessarium vnomon dicitur sine qui res non potest esse. vt animali non potest esse si¬
276 800 1372 867 ne cibos nec viuere. Scono modo sine quo suo potest deile esse. vt viuere sine ve
284 853 1373 912 stimentis. Tertio modo idem est quod violentum. et sic dicitur ista res necessa
274 899 1371 966 rio proucitur extra nauim id est violenter Quarto modo dicitur necessarium
287 946 828 1009 quod non contingit aliter se habere
280 985 858 1042 Continuum est cuius motus est vnus
279 1024 1375 1083 Eadem numero sunt quorum materia est vna Eadem specie sunt quorum
1120 965 1371 1032 forma est vna
277 1066 1377 1123 Ens est duplex scilicet per se et per accidens Uno modo ens perse est quod sgnicat decem
281 1108 1370 1176 praedicamentam. Alio modo signicat veritatem vniuscuiusque Ens per accidens est
282 1152 1374 1227 quando vnum accidens dicitur de alio. vt album est musicum. vel accidens de subiecto. vt
279 1194 1237 1250 hom est alibus vel subiectum de accidente. vt album est homo. musicum est homo
285 1224 1307 1306 Unum in substantia facit idem Unum in quantitate facit equale
286 1287 789 1334 Unum in qualitate facit simile.
281 1325 941 1388 Prius est quod principio est propinquius.
285 1338 1374 1422 Potentia actiua et passiua ad inuice se resplciunt Unde quelibet
279 1401 1170 1470 potentia actiua correspodet potentie passiue et econuerso.
287 1436 1375 1508 Quantu est quod est diuisibile in partes. quarum vnaquque est hoc aliquid in actu
283 1481 1376 1559 ⁋ Commentator. Perfectum est extra quod nihil est. et est duplex. scilicet perfe
283 1531 1368 1590 ctum simpliciter. extra quod nihil est simpliciter et hoc est quod dicit commentator. quod illa est
278 1562 1375 1638 dispositio primi principii in ouo sunt peaefectiones et nobilitates omnim enti
284 1610 1380 1693 um nobiliori modo quam in seipsi Sed perfectum in genere est ex
282 1650 1013 1722 tra quod nihil est alicuius determinati generis.
282 1703 853 1769 Mors metaphorice dicitur finis
290 1727 1379 1826 Quotiens est principium. totiens dicitur terminus. et adhuc amplius. quia quod est.
286 1762 1024 1867 principium est terminus initialis et non econuerso
289 1837 916 1909 Omne attingens suum finem est perfectum.
279 1855 1372 1961 Quedam ralatia dicutur esse natura. quarum essest ad aliud eentialiter comperatum
433 1939 1261 1991 ⁋ Sequuntur auto. vi libro metaphysices Aristo.
395 1957 1324 2048 Etaphysica considerat causas et principia entium inquantum entia
389 1992 1373 2097 Substantia et esentia rei non praeset cognosci nisi per demonstrationem
