1602 2426
245 246 1316 320 Logica est scientia veri salsique indagatrix prudentia obest multum
255 300 1309 344 Sicut prudentia parum vi nihil prodest sine iusticia. sic iusticia sine
257 342 1279 393 Sicut scientia sine vsu parum velrs nihil prodest. sicvsus sine scientia multum
255 376 1308 437 Aristotelis succincta veritas lbet voce sit tediosa. non tantum omnino est infructuosa
246 430 1309 481 Brammatice fructuositas nullatenus est omittenda per eam enim scientie cuiusli
255 476 772 523 bet commendabilis redditur possessio
254 518 994 575 Qui non nouit se subisci non noscet se magistrari.
253 551 1184 615 Miserum est eum esse magistrum qui numquam nouit se fuisse discipulum
254 596 1307 653 Discipulus debet esse beneuolus. docilis. attentus. docilis ingenio. attentus
257 633 1313 706 in exercitio. beneuolus in animo. attentus ad audiendum. docilis ad intelligendum
246 688 701 742 beneuolus ad recipiendum.
257 725 766 780 Scholaris non erit dyscholus
253 763 1311 820 Dyscholus est ille qui cuirit per vicos et plateas per tabernas et meretricum
247 817 1157 863 cellulas per publica spectacula. per pompas coreas et similia.
250 847 1314 917 Discipulus non sit magistro violentus Non est dignus scientia qui
245 899 616 956 scientie insurgit preceptori
248 915 872 987 Aluxuria studeat se discipulus alienare
251 976 1318 1055 Meretrix est nonaria. inferni ianua. via iniquitatis. scorpionis percussio
250 1028 845 1068 viscarium seeleris. parens interitus
250 1055 1323 1119 Uinum modice sumptum acuitingenium. sed non modice sumptum
245 1111 1319 1161 rationem prturbat. itellectum habetat. memoriam confundit. obliuionem pa
247 1158 857 1201 rat. errorem infundit. ignorantiam producit.
254 1194 1059 1245 Quid est constantia lucidius. quid inconstantia nequius
249 1233 1318 1305 Felicis discipuli discretio magistratui gaudeat subiici. eumque metuen
251 1279 682 1335 do diligat. fidelisque existat.
252 1319 1189 1369 Ue seducenti mancipio in qui plenaria confidit dominantis dilectio
251 1355 1314 1438 Inuidia si secundum quid euenerit scilicet in discendo. gratuite permittenda est. si simpli
243 1409 887 1456 ces. ipa quidem proprii autoris est consumptiua
250 1453 1334 1507 Non est dignus dulcoris acumine qui amaritudinis nequit inuiscari graua
1206 1489 1336 1553 (mine
249 1492 907 1544 Licet multis destituatur laboris retributio
242 1533 946 1583 tamen ab aliquo promerebitur fauoris adeptio.
242 1572 1212 1644 Miserrimi quappe est ingenii semper vti inuentis et non inueniendis
248 1619 1333 1684 Alios docere est proprie facultatis industria.
253 1664 920 1711 Oportet quod aliquis prius discat quam doceat
255 1706 961 1753 Rerum effectus operis. exhibitione declaratur
251 1750 962 1796 O quam felicis exitus veneranda est commendatio
259 1786 1314 1844 Nulla siquidem res discipulo magmpeniciosa quam vita mgri contumeliosa
252 1837 1280 1888 Opertunius eit mechanice arti deseruire quam negligentie iugo onerari
257 1880 1312 1931 Sicut in vnoquoque opere mater esse inuenitur constantia ita vniuerse do
254 1916 739 1968 ctrine nouerca est negligentia.
266 1958 1334 2030 hieronrmus Ingenia liberaliter educata facilius verecundia quam
