<?xml version="1.0" encoding="UTF-8" standalone="yes"?>
<PcGts xmlns="http://schema.primaresearch.org/PAGE/gts/pagecontent/2013-07-15" xmlns:xsi="http://www.w3.org/2001/XMLSchema-instance" xsi:schemaLocation="http://schema.primaresearch.org/PAGE/gts/pagecontent/2013-07-15 http://schema.primaresearch.org/PAGE/gts/pagecontent/2013-07-15/pagecontent.xsd">
    <Metadata>
        <Creator>prov=University of Rostock/Institute of Mathematics/CITlab|PLANET AI GmbH/Gundram Leifert/gundram.leifert@planet-ai.de:name=cod-BtQsrQ-m1(htr_id=29141)::::v=2.6.7
prov=University of Rostock/Institute of Mathematics/CITlab|PLANET AI GmbH/Tobias Gruening/tobias.gruening@planet-ai.de:name=de.uros.citlab.module.baseline2polygon.B2PSeamMultiOriented:v=2.6.7
prov=University of Rostock/Institute of Mathematics/CITlab|PLANET AI GmbH/Tobias Gruening/tobias.gruening@planet-ai.de:name=/net_tf/LA73_249_0mod360.pb:de.uros.citlab.segmentation.CITlab_LA_ML:v=2.6.6
Transkribus</Creator>
        <Created>2020-12-27T20:56:44.358+01:00</Created>
        <LastChange>2021-01-04T14:00:21.437+01:00</LastChange>
        <TranskribusMetadata docId="561845" pageId="23073574" pageNr="83" tsid="50658295" status="IN_PROGRESS" userId="25065" imgUrl="https://files.transkribus.eu/Get?id=XXQJKRXILMZJESRAXVGIUPIF&amp;fileType=view" xmlUrl="https://files.transkribus.eu/Get?id=AUGPSQIMZHMALJASWXQXEAFT" imageId="18001405"/>
    </Metadata>
    <Page imageFilename="82.jpg" imageWidth="1607" imageHeight="2425">
        <ReadingOrder>
            <OrderedGroup id="ro_1609772033163" caption="Regions reading order">
                <RegionRefIndexed index="0" regionRef="r2"/>
            </OrderedGroup>
        </ReadingOrder>
        <TextRegion orientation="0.0" id="r2" custom="readingOrder {index:0;}">
            <Coords points="257,217 257,2057 1322,2057 1322,217"/>
            <TextLine id="r2l2" custom="readingOrder {index:0;}">
                <Coords points="259,314 1302,318 1327,251 259,267"/>
                <Baseline points="265,308 317,307 370,306 423,306 476,305 529,305 581,305 634,304 687,304 740,304 793,304 845,303 898,303 951,303 1004,303 1057,303 1109,304 1162,304 1215,304 1268,305 1321,305"/>
                <TextEquiv>
                    <Unicode>Du ab omnibus differunt nature dignitate. perfectione. vite. perpetuitate</Unicode>
                </TextEquiv>
            </TextLine>
            <TextLine id="r2l3" custom="readingOrder {index:1;}">
                <Coords points="260,361 386,351 398,359 522,359 522,310 416,320 382,306 322,321 310,313 260,315"/>
                <Baseline points="266,350 291,350 316,349 341,349 366,348 391,348 416,348 441,347 466,348 491,349 516,350"/>
                <TextEquiv>
                    <Unicode>loci sublimitate</Unicode>
                </TextEquiv>
            </TextLine>
            <TextLine id="r2l4" custom="readingOrder {index:2;}">
                <Coords points="259,394 872,399 872,355 835,345 259,356"/>
                <Baseline points="266,393 296,392 326,392 356,391 386,391 416,391 446,391 476,391 506,390 536,390 566,390 596,390 626,390 656,390 686,390 716,390 746,389 776,389 806,388 836,388 866,387"/>
                <TextEquiv>
                    <Unicode>Nihil deo est perfectius nihil potentius</Unicode>
                </TextEquiv>
            </TextLine>
            <TextLine id="r2l5" custom="readingOrder {index:3;}">
                <Coords points="259,439 376,455 879,439 878,399 856,395 481,411 259,393"/>
                <Baseline points="266,436 296,435 326,435 356,434 387,434 417,434 447,434 478,433 508,433 538,433 569,433 599,433 629,433 659,433 690,433 720,433 750,433 781,432 811,432 841,432 872,431"/>
                <TextEquiv>
                    <Unicode>Conuersatio mutua contemptum parit</Unicode>
                </TextEquiv>
            </TextLine>
            <TextLine id="r2l6" custom="readingOrder {index:4;}">
                <Coords points="258,484 1098,496 1321,476 1321,435 258,441"/>
                <Baseline points="265,479 317,478 370,477 422,476 475,476 527,475 580,475 632,475 685,475 737,475 790,475 842,475 895,475 947,475 1000,475 1052,475 1105,475 1157,474 1210,474 1262,474 1315,473"/>
                <TextEquiv>
                    <Unicode>Deus ab omibus animi passionitus liberem. vnie nec dolere nec letari potest.</Unicode>
                </TextEquiv>
            </TextLine>
            <TextLine id="r2l7" custom="readingOrder {index:5;}">
                <Coords points="262,525 793,526 792,480 627,495 595,480 262,485"/>
                <Baseline points="269,521 294,521 320,521 346,521 372,520 398,520 424,520 449,520 475,520 501,519 527,519 553,519 579,519 605,518 630,518 656,518 682,518 708,518 734,518 760,518 786,518"/>
                <TextEquiv>
                    <Unicode>et hoc est verum ad nostrum conceptum</Unicode>
                </TextEquiv>
            </TextLine>
            <TextLine id="r2l8" custom="readingOrder {index:6;}">
                <Coords points="270,570 1305,573 1323,521 269,526"/>
                <Baseline points="277,563 329,563 381,563 433,563 485,563 537,563 589,562 641,562 693,561 745,561 797,560 849,560 901,559 953,559 1005,558 1057,558 1109,558 1161,558 1213,558 1265,558 1317,559"/>
                <TextEquiv>
                    <Unicode>Demones sunt animalia animo passiua. mente rationabilia corpore ac</Unicode>
                </TextEquiv>
            </TextLine>
            <TextLine id="r2l9" custom="readingOrder {index:7;}">
                <Coords points="265,611 1059,614 1092,607 1092,565 265,568"/>
                <Baseline points="272,606 312,606 353,606 393,605 434,605 475,605 515,605 556,604 597,604 637,603 678,603 719,602 759,602 800,602 841,601 881,601 922,600 963,600 1003,600 1044,600 1085,600"/>
                <TextEquiv>
                    <Unicode>rea. tempore eterna. In isto oens Platonici delirauerunt</Unicode>
                </TextEquiv>
            </TextLine>
            <TextLine id="r2l10" custom="readingOrder {index:8;}">
                <Coords points="260,654 1173,657 1246,649 1246,608 260,609"/>
                <Baseline points="266,650 314,650 363,649 412,648 460,647 509,647 558,646 606,645 655,645 704,644 753,644 801,643 850,643 899,643 947,642 996,642 1045,642 1093,642 1142,642 1191,642 1240,642"/>
                <TextEquiv>
                    <Unicode>Magna est digmitas sapientie quae societatem summo deo coequat.</Unicode>
                </TextEquiv>
            </TextLine>
            <TextLine id="r2l11" custom="readingOrder {index:9;}">
                <Coords points="265,693 1014,700 1124,693 1124,650 265,655"/>
                <Baseline points="271,690 313,690 355,689 398,689 440,688 482,688 525,687 567,687 609,686 652,686 694,686 736,685 779,685 821,685 863,684 906,684 948,684 990,684 1033,684 1075,684 1118,684"/>
                <TextEquiv>
                    <Unicode>Nihil enim deo similius vel grauius quam vir animo perfectus</Unicode>
                </TextEquiv>
            </TextLine>
            <TextLine id="r2l12" custom="readingOrder {index:10;}">
                <Coords points="263,739 1311,739 1295,687 263,690"/>
                <Baseline points="269,733 320,732 372,731 424,729 476,729 527,728 579,728 631,728 683,728 734,728 786,728 838,728 890,728 941,729 993,729 1045,729 1097,729 1148,728 1200,728 1252,727 1304,726"/>
                <TextEquiv>
                    <Unicode>Bonus est qui intantum ceteros homines antecellit inquantum ipse a diis</Unicode>
                </TextEquiv>
            </TextLine>
            <TextLine id="r2l13" custom="readingOrder {index:11;}">
                <Coords points="267,780 440,786 494,775 506,786 558,775 603,790 680,776 679,734 650,730 535,748 428,733 376,746 266,739"/>
                <Baseline points="273,773 298,773 323,773 348,773 373,773 398,772 423,772 448,772 473,772 498,771 523,771 548,771 573,770 598,770 623,770 648,770 673,771"/>
                <TextEquiv>
                    <Unicode>immortalibus antecellitur.</Unicode>
                </TextEquiv>
            </TextLine>
            <TextLine id="r2l14" custom="readingOrder {index:12;}">
                <Coords points="261,815 1313,826 1313,789 1247,772 261,780"/>
                <Baseline points="268,814 322,814 377,814 432,814 486,814 541,814 596,813 650,813 705,813 760,812 814,812 869,812 924,811 978,811 1033,811 1088,810 1142,810 1197,810 1252,810 1307,811"/>
                <TextEquiv>
                    <Unicode>Si laudas aliquem quia generosus est parentes eius laudas. si quia diues.</Unicode>
                </TextEquiv>
            </TextLine>
            <TextLine id="r2l15" custom="readingOrder {index:13;}">
                <Coords points="255,860 1316,859 1315,825 1204,817 255,824"/>
                <Baseline points="262,858 314,858 366,858 419,858 471,858 523,857 576,857 628,856 680,856 733,855 785,855 837,854 890,853 942,853 994,853 1047,852 1099,852 1151,852 1204,852 1256,852 1309,853"/>
                <TextEquiv>
                    <Unicode>fortune hoc debetur. sed si quia formosus est aut validus est egritudine</Unicode>
                </TextEquiv>
            </TextLine>
            <TextLine id="r2l16" custom="readingOrder {index:14;}">
                <Coords points="262,912 1263,909 1315,902 1315,859 262,865"/>
                <Baseline points="269,902 321,901 373,901 425,901 477,900 529,900 581,900 633,899 685,899 737,899 789,898 841,898 893,898 945,897 997,897 1049,896 1101,896 1153,896 1205,895 1257,895 1309,894"/>
                <TextEquiv>
                    <Unicode>fatigabitur. si quia pernix in senectute. aut quia fortis. expecta paulisper et non</Unicode>
                </TextEquiv>
            </TextLine>
            <TextLine id="r2l17" custom="readingOrder {index:15;}">
                <Coords points="263,954 1294,955 1319,900 263,913"/>
                <Baseline points="269,944 321,944 373,944 425,943 477,943 530,942 582,942 634,941 686,941 738,940 791,940 843,939 895,939 947,938 999,938 1052,938 1104,937 1156,937 1208,937 1260,937 1313,938"/>
                <TextEquiv>
                    <Unicode>erit. sed si laudas eum dicendo quod bonis artibus doctus est et valde erudi</Unicode>
                </TextEquiv>
            </TextLine>
            <TextLine id="r2l18" custom="readingOrder {index:16;}">
                <Coords points="264,993 1206,977 1257,1001 1312,996 1312,947 264,954"/>
                <Baseline points="270,986 321,987 373,987 425,987 477,986 528,986 580,986 632,985 684,984 735,984 787,983 839,983 891,982 942,982 994,981 1046,981 1098,980 1149,980 1201,980 1253,980 1305,980"/>
                <TextEquiv>
                    <Unicode>tus. et inquantum licet homini sapiens est tunc ipsum vere laudas. quia hoc</Unicode>
                </TextEquiv>
            </TextLine>
            <TextLine id="r2l19" custom="readingOrder {index:17;}">
                <Coords points="263,1039 1252,1045 1319,1037 1319,996 263,997"/>
                <Baseline points="269,1029 321,1029 373,1029 425,1029 477,1029 530,1029 582,1029 634,1028 686,1028 738,1028 791,1027 843,1027 895,1026 947,1026 999,1026 1052,1025 1104,1025 1156,1025 1208,1024 1260,1024 1313,1024"/>
                <TextEquiv>
                    <Unicode>non est a patre hereditarium. nec casu pendulum. nec corpore caducum. nec</Unicode>
                </TextEquiv>
            </TextLine>
            <TextLine id="r2l20" custom="readingOrder {index:18;}">
                <Coords points="260,1080 325,1075 333,1081 345,1073 363,1089 379,1075 444,1080 454,1074 477,1086 506,1079 506,1042 479,1036 434,1035 425,1043 408,1036 379,1047 330,1043 317,1034 296,1046 277,1034 260,1039"/>
                <Baseline points="266,1074 292,1073 318,1072 344,1071 370,1071 396,1071 422,1072 448,1072 474,1072 500,1072"/>
                <TextEquiv>
                    <Unicode>etate mutabile.</Unicode>
                </TextEquiv>
            </TextLine>
            <TextLine id="r2l21" custom="readingOrder {index:19;}">
                <Coords points="266,1126 1312,1112 1311,1071 1273,1064 266,1081"/>
                <Baseline points="273,1116 324,1115 376,1115 427,1114 479,1114 531,1113 582,1113 634,1113 685,1113 737,1112 789,1112 840,1112 892,1112 943,1112 995,1111 1047,1111 1098,1110 1150,1110 1201,1109 1253,1108 1305,1106"/>
                <TextEquiv>
                    <Unicode>⁋ Empedocles. Tria sunt in tota rerum varietate praecipua quae philoso</Unicode>
                </TextEquiv>
            </TextLine>
            <TextLine id="r2l22" custom="readingOrder {index:20;}">
                <Coords points="253,1175 1304,1164 1324,1113 253,1123"/>
                <Baseline points="259,1157 311,1157 364,1157 417,1157 470,1157 523,1156 576,1156 629,1155 682,1155 735,1154 788,1154 840,1153 893,1153 946,1152 999,1152 1052,1151 1105,1151 1158,1151 1211,1150 1264,1150 1317,1150"/>
                <TextEquiv>
                    <Unicode>phiam magnifice extollunt. scilicet mobilis affluentie contemptus. future fe</Unicode>
                </TextEquiv>
            </TextLine>
            <TextLine id="r2l23" custom="readingOrder {index:21;}">
                <Coords points="260,1209 1314,1206 1313,1161 1254,1155 259,1167"/>
                <Baseline points="267,1199 319,1199 371,1199 423,1199 475,1198 527,1198 579,1197 631,1197 683,1197 735,1196 787,1196 839,1195 891,1195 943,1194 995,1194 1047,1194 1099,1193 1151,1193 1203,1192 1255,1192 1307,1191"/>
                <TextEquiv>
                    <Unicode>licitatis appetitus. mentis illustratio. quorum primo nihil est honestius</Unicode>
                </TextEquiv>
            </TextLine>
            <TextLine id="r2l24" custom="readingOrder {index:22;}">
                <Coords points="264,1244 1282,1255 1319,1246 1319,1205 264,1211"/>
                <Baseline points="271,1241 323,1241 375,1241 427,1241 479,1242 531,1241 583,1241 635,1241 687,1241 739,1241 792,1240 844,1240 896,1239 948,1239 1000,1238 1052,1238 1104,1237 1156,1237 1208,1236 1260,1236 1313,1235"/>
                <TextEquiv>
                    <Unicode>vel vtilius. secundo nihil est perfectius. tertio nihil ad amborum compendio</Unicode>
                </TextEquiv>
            </TextLine>
            <TextLine id="r2l25" custom="readingOrder {index:23;}">
                <Coords points="267,1291 305,1305 329,1288 722,1290 722,1252 336,1256 267,1244"/>
                <Baseline points="274,1283 300,1283 326,1284 352,1284 378,1284 404,1284 430,1284 456,1284 482,1283 508,1283 534,1283 560,1283 586,1283 612,1283 638,1283 664,1284 690,1284 716,1284"/>
                <TextEquiv>
                    <Unicode>sam adeptionem efficacius.</Unicode>
                </TextEquiv>
            </TextLine>
            <TextLine id="r2l26" custom="readingOrder {index:24;}">
                <Coords points="250,1337 1085,1340 1146,1331 1146,1286 250,1288"/>
                <Baseline points="257,1327 301,1328 345,1328 389,1328 433,1327 477,1327 521,1327 566,1327 610,1326 654,1326 698,1325 742,1325 786,1325 830,1324 875,1324 919,1324 963,1323 1007,1323 1051,1323 1095,1323 1140,1324"/>
                <TextEquiv>
                    <Unicode>Deus est sphera cuius centrum est vbique et circumferentia nusquam</Unicode>
                </TextEquiv>
            </TextLine>
            <TextLine id="r2l27" custom="readingOrder {index:25;}">
                <Coords points="265,1377 1220,1382 1324,1375 1324,1325 265,1337"/>
                <Baseline points="271,1368 323,1369 375,1369 427,1369 480,1369 532,1369 584,1369 637,1369 689,1369 741,1368 794,1368 846,1367 898,1367 950,1366 1003,1366 1055,1366 1107,1365 1160,1365 1212,1365 1264,1365 1317,1365"/>
                <TextEquiv>
                    <Unicode>Empedocles sciens animas esse immortales athenis. se incendiis dedit et si</Unicode>
                </TextEquiv>
            </TextLine>
            <TextLine id="r2l28" custom="readingOrder {index:26;}">
                <Coords points="263,1416 1087,1418 1087,1380 1060,1372 263,1378"/>
                <Baseline points="270,1410 310,1410 351,1410 391,1410 432,1410 472,1410 513,1410 553,1410 594,1410 634,1410 675,1410 715,1410 756,1410 796,1410 837,1410 877,1410 918,1409 958,1409 999,1409 1039,1408 1080,1408"/>
                <TextEquiv>
                    <Unicode>diipsi mortem intulit. quod tamen non erat officium sapientis</Unicode>
                </TextEquiv>
            </TextLine>
            <TextLine id="r2l29" custom="readingOrder {index:27;}">
                <Coords points="305,1464 1299,1461 1316,1418 305,1427"/>
                <Baseline points="311,1453 360,1453 410,1452 460,1452 510,1451 560,1451 610,1451 660,1450 710,1450 760,1450 810,1449 859,1449 909,1449 959,1449 1009,1449 1059,1449 1109,1449 1159,1449 1209,1448 1259,1448 1309,1448"/>
                <TextEquiv>
                    <Unicode>⁋ Incipit logica de qua gloriosus inquit hieronymus cuius verba</Unicode>
                </TextEquiv>
            </TextLine>
            <TextLine id="r2l30" custom="readingOrder {index:28;}">
                <Coords points="267,1503 1329,1507 1329,1460 1276,1454 267,1457"/>
                <Baseline points="274,1495 326,1494 378,1493 431,1492 483,1492 536,1491 588,1491 640,1491 693,1490 745,1490 798,1490 850,1490 902,1489 955,1489 1007,1489 1060,1490 1112,1490 1164,1490 1217,1490 1269,1491 1322,1491"/>
                <TextEquiv>
                    <Unicode>sunt canonisata. xxx vii. dist. Si quis dialecticam didicerit. vt inter verum</Unicode>
                </TextEquiv>
            </TextLine>
            <TextLine id="r2l31" custom="readingOrder {index:29;}">
                <Coords points="271,1549 1305,1548 1323,1506 270,1503"/>
                <Baseline points="277,1538 329,1537 381,1536 433,1535 485,1534 537,1533 589,1533 641,1532 693,1532 745,1532 797,1532 849,1532 901,1532 953,1532 1005,1532 1057,1532 1109,1532 1161,1532 1213,1532 1265,1531 1317,1531"/>
                <TextEquiv>
                    <Unicode>et falsum diiudicet non improbamus. quia secundum Augustinum ipsa docet do</Unicode>
                </TextEquiv>
            </TextLine>
            <TextLine id="r2l32" custom="readingOrder {index:30;}">
                <Coords points="266,1585 1318,1586 1317,1545 1272,1540 266,1547"/>
                <Baseline points="273,1579 324,1579 376,1579 428,1578 480,1578 532,1578 584,1577 636,1577 688,1576 740,1576 792,1576 843,1575 895,1575 947,1574 999,1574 1051,1574 1103,1573 1155,1573 1207,1573 1259,1573 1311,1573"/>
                <TextEquiv>
                    <Unicode>cere. docet addiscere. sola scire facit. et dubia cuncta definit. Et secundum ve</Unicode>
                </TextEquiv>
            </TextLine>
            <TextLine id="r2l33" custom="readingOrder {index:31;}">
                <Coords points="266,1633 1317,1637 1317,1587 1273,1577 266,1585"/>
                <Baseline points="272,1621 323,1621 375,1621 427,1620 479,1620 531,1620 583,1619 635,1619 687,1619 739,1618 791,1618 842,1618 894,1618 946,1618 998,1618 1050,1618 1102,1618 1154,1618 1206,1619 1258,1619 1310,1620"/>
                <TextEquiv>
                    <Unicode>nerabilem Albertum ipsa in omnibus scientiis lumen praebet recte contemplationis. eo quod</Unicode>
                </TextEquiv>
            </TextLine>
            <TextLine id="r2l34" custom="readingOrder {index:32;}">
                <Coords points="258,1678 322,1665 539,1678 662,1669 661,1634 619,1622 540,1638 408,1625 394,1636 359,1625 258,1634"/>
                <Baseline points="264,1668 290,1666 316,1665 342,1664 368,1664 394,1663 420,1663 446,1662 472,1662 498,1662 524,1662 550,1662 576,1662 602,1661 628,1661 655,1660"/>
                <TextEquiv>
                    <Unicode>per eam scimus nos scire</Unicode>
                </TextEquiv>
            </TextLine>
            <TextLine id="r2l35" custom="readingOrder {index:33;}">
                <Coords points="331,1703 1313,1713 1313,1675 1249,1668 331,1670"/>
                <Baseline points="338,1703 386,1704 434,1705 483,1705 531,1706 580,1706 628,1706 677,1706 725,1706 774,1706 822,1705 870,1705 919,1705 967,1704 1016,1704 1064,1704 1113,1704 1161,1703 1210,1704 1258,1704 1307,1704"/>
                <TextEquiv>
                    <Unicode>Sequuntur autoritates porphyrii qui fioruit athenis tempore</Unicode>
                </TextEquiv>
            </TextLine>
            <TextLine id="r2l36" custom="readingOrder {index:34;}">
                <Coords points="267,1764 1316,1759 1316,1717 266,1707"/>
                <Baseline points="273,1750 324,1749 376,1749 428,1749 480,1748 532,1748 583,1748 635,1748 687,1747 739,1747 791,1747 842,1747 894,1747 946,1747 998,1746 1050,1746 1101,1746 1153,1746 1205,1746 1257,1745 1309,1745"/>
                <TextEquiv>
                    <Unicode>gordiani imperatoris qui cepit anno domini. ccli. Dic ex Aristotelis mo</Unicode>
                </TextEquiv>
            </TextLine>
            <TextLine id="r2l37" custom="readingOrder {index:35;}">
                <Coords points="261,1802 1292,1801 1314,1760 260,1764"/>
                <Baseline points="267,1792 319,1792 371,1791 423,1791 475,1790 527,1790 579,1790 631,1790 683,1790 735,1790 787,1790 839,1790 891,1790 943,1790 995,1790 1047,1789 1099,1789 1151,1789 1203,1789 1255,1788 1307,1788"/>
                <TextEquiv>
                    <Unicode>numentis collegit librum de Isagogis ad cathegorias Arist. quem in ex</Unicode>
                </TextEquiv>
            </TextLine>
            <TextLine id="r2l38" custom="readingOrder {index:36;}">
                <Coords points="269,1841 1186,1851 1313,1845 1313,1793 269,1805"/>
                <Baseline points="275,1835 326,1834 378,1833 429,1833 481,1832 533,1832 584,1832 636,1832 687,1832 739,1832 791,1832 842,1832 894,1832 945,1832 997,1832 1049,1832 1100,1832 1152,1832 1203,1831 1255,1831 1307,1830"/>
                <TextEquiv>
                    <Unicode>ordio libri protestatur se obseruaturum. sed in Platonis Secta deprauatus</Unicode>
                </TextEquiv>
            </TextLine>
            <TextLine id="r2l39" custom="readingOrder {index:37;}">
                <Coords points="268,1890 1301,1887 1317,1846 267,1841"/>
                <Baseline points="274,1877 325,1876 377,1876 429,1875 481,1875 533,1874 584,1874 636,1874 688,1874 740,1874 792,1874 843,1874 895,1874 947,1874 999,1874 1051,1874 1102,1874 1154,1874 1206,1874 1258,1873 1310,1873"/>
                <TextEquiv>
                    <Unicode>in heresim corruit pessimam Astruxit enim Plationem imitatus Calode</Unicode>
                </TextEquiv>
            </TextLine>
            <TextLine id="r2l40" custom="readingOrder {index:38;}">
                <Coords points="260,1924 1323,1929 1323,1888 1279,1878 260,1882"/>
                <Baseline points="267,1920 319,1919 372,1919 424,1918 477,1917 529,1917 582,1917 634,1917 687,1917 739,1917 792,1917 844,1917 897,1917 949,1917 1002,1917 1054,1917 1107,1916 1159,1916 1212,1916 1264,1915 1317,1914"/>
                <TextEquiv>
                    <Unicode>mones et Cacodemones esse animalia. mente rationalia. et ex simplici elemen</Unicode>
                </TextEquiv>
            </TextLine>
            <TextLine id="r2l41" custom="readingOrder {index:39;}">
                <Coords points="266,1966 1325,1976 1325,1930 1279,1921 266,1937"/>
                <Baseline points="273,1962 325,1962 377,1962 429,1962 482,1962 534,1962 586,1962 638,1961 691,1961 743,1961 795,1961 847,1961 900,1960 952,1960 1004,1960 1056,1960 1109,1959 1161,1959 1213,1959 1265,1958 1318,1958"/>
                <TextEquiv>
                    <Unicode>to corpus habere tanquam alteram partem sui. quod tante est impossibile hic etiam re</Unicode>
                </TextEquiv>
            </TextLine>
            <TextLine id="r2l42" custom="readingOrder {index:40;}">
                <Coords points="269,2034 1154,2004 1317,2031 1317,1975 268,1968"/>
                <Baseline points="275,2009 326,2008 378,2008 430,2007 482,2007 533,2007 585,2006 637,2006 689,2006 740,2006 792,2006 844,2006 896,2006 947,2005 999,2005 1051,2005 1103,2004 1154,2003 1206,2003 1258,2002 1310,2000"/>
                <TextEquiv>
                    <Unicode>tigioni xpiane tentauit. illudere et contumeliam inferre intolerabilem.</Unicode>
                </TextEquiv>
            </TextLine>
            <TextEquiv>
                <Unicode>Du ab omnibus differunt nature dignitate. perfectione. vite. perpetuitate
loci sublimitate
Nihil deo est perfectius nihil potentius
Conuersatio mutua contemptum parit
Deus ab omibus animi passionitus liberem. vnie nec dolere nec letari potest.
et hoc est verum ad nostrum conceptum
Demones sunt animalia animo passiua. mente rationabilia corpore ac
rea. tempore eterna. In isto oens Platonici delirauerunt
Magna est digmitas sapientie quae societatem summo deo coequat.
Nihil enim deo similius vel grauius quam vir animo perfectus
Bonus est qui intantum ceteros homines antecellit inquantum ipse a diis
immortalibus antecellitur.
Si laudas aliquem quia generosus est parentes eius laudas. si quia diues.
fortune hoc debetur. sed si quia formosus est aut validus est egritudine
fatigabitur. si quia pernix in senectute. aut quia fortis. expecta paulisper et non
erit. sed si laudas eum dicendo quod bonis artibus doctus est et valde erudi
tus. et inquantum licet homini sapiens est tunc ipsum vere laudas. quia hoc
non est a patre hereditarium. nec casu pendulum. nec corpore caducum. nec
etate mutabile.
⁋ Empedocles. Tria sunt in tota rerum varietate praecipua quae philoso
phiam magnifice extollunt. scilicet mobilis affluentie contemptus. future fe
licitatis appetitus. mentis illustratio. quorum primo nihil est honestius
vel vtilius. secundo nihil est perfectius. tertio nihil ad amborum compendio
sam adeptionem efficacius.
Deus est sphera cuius centrum est vbique et circumferentia nusquam
Empedocles sciens animas esse immortales athenis. se incendiis dedit et si
diipsi mortem intulit. quod tamen non erat officium sapientis
⁋ Incipit logica de qua gloriosus inquit hieronymus cuius verba
sunt canonisata. xxx vii. dist. Si quis dialecticam didicerit. vt inter verum
et falsum diiudicet non improbamus. quia secundum Augustinum ipsa docet do
cere. docet addiscere. sola scire facit. et dubia cuncta definit. Et secundum ve
nerabilem Albertum ipsa in omnibus scientiis lumen praebet recte contemplationis. eo quod
per eam scimus nos scire
Sequuntur autoritates porphyrii qui fioruit athenis tempore
gordiani imperatoris qui cepit anno domini. ccli. Dic ex Aristotelis mo
numentis collegit librum de Isagogis ad cathegorias Arist. quem in ex
ordio libri protestatur se obseruaturum. sed in Platonis Secta deprauatus
in heresim corruit pessimam Astruxit enim Plationem imitatus Calode
mones et Cacodemones esse animalia. mente rationalia. et ex simplici elemen
to corpus habere tanquam alteram partem sui. quod tante est impossibile hic etiam re
tigioni xpiane tentauit. illudere et contumeliam inferre intolerabilem.</Unicode>
            </TextEquiv>
        </TextRegion>
    </Page>
</PcGts>
