1611 2425
274 249 1351 310 Isagoga ge id est introductio. sic vniuersali a porphiriui dicuutur intro¬
282 300 1352 351 ductiones ad dialecticam. Cathegoria idem est quod predicamentum
282 338 1344 406 siue predicatio vl fecatio. vnie et praedicamenta Aristo. dicuntur cathegorie
282 385 1038 432 a cathagoro as. id est dicere in cathegorio quid idem est
282 403 1343 484 Elementa autem quibus scientia verificatur. v. sunt. scilicet demonstratiua
282 471 1344 522 ideo sunt libri posteriorum et analecticorum. topica. sophistica. rhe
274 524 1349 567 torica. quibus si adduntur cathegorie perihermenias priora erunt
281 557 1340 606 opro partes logice id est triusi siue scientie sermocinalis Excellenter tamen dia
286 599 1347 650 lectica dicitur sermocinalis quamuis grammatica et rhetorica etiam sunt per
284 641 1342 696 tes phie rationalis. quia logica siue dialectica est ordinare causam. respectu
290 690 697 743 effectus per syllogismum
393 720 1341 779 Eque genus neque species videtur simpliciter dici id est vno modo
382 776 1344 826 Senus primo modo est collectio multorum descendentium ab vno
289 813 1337 865 principio. Secundo modo est principium generationis vniuscuiusque
283 862 1342 909 sicut pater et patria. Pertio mo est illud cui supponitur spens Quarto
281 906 1343 952 modo dicitur ad similitudinem generationis. Primo et secundo modo dictu cominiter accipitur.
281 949 1342 993 quia quando vnum nomen comune debetur esti rationis et enti nature. tunc illud nomen
286 982 1344 1037 semper debetur enti rationis ad similitudinem entis nature. quia natura est
282 1027 582 1082 stramentum artis
289 1059 1341 1115 Spens est forma vniuscuiusque rei. secundum quam spens preami dicta est digna
1200 1107 1329 1169 (imperio
278 1101 948 1156 Si aliquis omnia predicameta entia vocet.
285 1158 1119 1205 equiuoce et non vniuoce ea numcupabit. id est analogice
289 1161 1302 1247 Specialissima vero in quodam numero sunt. non tantum definito nobis
294 1234 1206 1287 Indiuidua sunt infinita tam quo ad nos quam quo ad naturam.
285 1275 1337 1332 Infinita inquit plato relinquenda sunt ab arte. neque horum fieri posse
281 1329 1337 1373 disciplinam id est scientiam. vnim quia indiuidua sunt infinita de his non potest esse scientia.
290 1361 1332 1418 Indiuiduum dicitur. quod ex quibusdam proprietatibus constat. quarum collectio
281 1401 1337 1460 nunquam potest in alia repiri et sunt septem proprietates. vt dicit Boetius. scile.
278 1453 1053 1502 forma. figura. locus. stirps. nomen. patria. tempus
293 1493 1345 1542 Hec septe propria continet omnis homo. Insuper dicit venerabiltus do
288 1531 1333 1585 minus Albertus in principio libri de natura locorum et locatorum. quod non sit
282 1572 1335 1632 punctus in terra quin suam spenalem habeat infiuentiam. Et subdit quod non est
283 1625 1340 1672 possibile reperiri in toto vniuerso duo indiuidua eiuidem spei in om
286 1657 1344 1723 nibus similia. quamquam in similitudine morum homines eiusdem loci vel vicini fre
291 1710 1337 1755 quenter coueniant. Et quemadmodum disparilitas est in accidentibus
285 1744 1339 1807 eorporis sic in susceptione gratie. Igitur bene canit Ecclesia. Non est
287 1788 671 1848 inuentus similis illi etc.
280 1799 1152 1883 Benus continet oens differentias potentia. actu vero nullam
283 1882 1052 1923 Benus est tanquam materia. differentia tanquam forma.
279 1918 1040 1970 Species non iungitur speciei. vt gignet aliam speciem
287 1940 1344 2036 Proprium dicitur quadrupliciter Primo mo quod inest soli et non omni. vt
