1624 2420
332 259 1382 317 Magnum paruum longum breue non sunt in genere quantitatis. sed rela
324 306 911 359 tionis. quia vnumquodque eorum dicitur ad aliquid
321 352 1380 414 Si magnum paruum per se diceretur numquam mons diceretur paruus nec gra
332 394 1381 453 nuium milii magnum. Ex quo trahitur illa autoritas quod per se est tale.
325 434 856 481 semper et respectu cuiuslibet est tale
326 469 1078 529 Quanta est superficies tantum album esse dicis.
324 516 1333 581 Aliquando nomnina fingere necesse est si alicui nomen non fuerit impositum
320 562 1286 605 Multa sunt animalia capita non habentia. vt ostrea et conchilia
326 605 1290 656 Multa sunt scibilia de quibus non est scientia Scibile praus est scientia.
331 646 1370 703 Relativa sic se habent quod posita se ponunt et pempta se pimunt id est sunt simil or
327 688 1097 741 Quicumque definite nouerit vnum relatiuorum. definite
1170 693 1377 744 ctu et occasu
333 731 819 784 Partes substantie sunt substantie
984 727 1370 783 (noscituruis est et reliquum
323 771 1377 829 Dubitare de singulis non est inutile. quia sicut dicit alibi. Uolentem addis
327 822 907 860 cere necesse est eu prius bene dubitare
320 856 1006 909 Qualitas est secundum quam quales esse dicimur
317 888 1376 945 Scia est de numero permanentium et difficile mobilium. vt si quis medio¬
321 945 1371 1000 criter sumit scientiam. nisi forte grandis fiat permutatio ab egritudine veli
332 984 974 1037 ⁋ Boetius dicit. quod scientia festinata marcescit.
1115 983 1376 1048 (ab aliqui hmoi.
320 1020 1059 1079 mediocriter autem sumpta augmentatur et crescit
320 1065 1165 1114 Si vnum contrariorum fuerit quale et reliquum erit quale
320 1112 1372 1170 Si vnum contrariorum fuerit in natura non propterea oportet reliquum esse
322 1154 1380 1221 in natura vt omnibus existentibus sanis non est egritudo. Et istud intelli
318 1201 1001 1245 gitur de contrariis non ppetuis. sed naturalibus.
324 1244 1181 1296 Prius dicitur quadruplicite scilicet natura. tempore. ordine. et dignitate
324 1285 1392 1328 Sanitas et egritudo sunt contraria immediata
318 1318 1368 1379 Species simul sunt sub genere. Idem dicit Boetius quod spens sunt coequiue
1134 1368 1368 1429 sub eodengne
310 1355 741 1419 Motui quies est contraria
317 1406 1364 1482 Motus sex sunt species. generatio. corruptio. augmentatio. diminu¬
313 1448 844 1500 tio. alteratio. secundum locum mutatio
316 1494 1365 1552 ⁋ Autorita. librorum perihermenias. de quae tale (vt Isidorus testatur se
317 1541 1358 1583 cumndo etymologiarum) habetur prouerbium Aristoteles quando periherme¬
318 1581 1360 1634 nias scriptitabat calamum in mente tingebat. Et dicitur a prepatione peri.
316 1621 1355 1677 is. de et heremenia. nie id est interpretatio et sunt due dictiones. vni Merme¬
304 1660 902 1718 nici dicuntur interpretes somniorum.
466 1697 1360 1755 A qui sunt in voce sunt earum quae sunt in anima passionum note et
472 1749 1367 1806 ea quiescribuntur. eorum quae sunt in voce: et sre scripte sunt signa vocum
469 1788 1318 1842 Circa compositionem et diuisionem consistit varitas et falsitas
434 1829 1364 1899 Cum dicitur cathonis est vel non est neque verum neque falsum fcatur.
308 1871 1170 1929 ex quo conuniter trabitur quod verum et falsum presupponunt congruum
316 1918 1071 1962 Uerbum est nota eorum que de altero dicuntur
321 1954 1207 2013 Nomen infinitum equaliter dicitur de ente et non de ente
