1621 2419
280 273 1340 350 tualiter vt propter quod amauimus rem. illud est magis amicum. et omia po¬
276 321 1125 386 steria credimus et scimus per prima. ergo illa magis scimus
284 366 1008 425 Necesse est magis credere primissis quam conclusioni
293 409 1342 473 Principiis nihil notius est in veritatem et oppositis eorum nihil est
286 450 581 505 notius in falsitate.
288 488 1181 541 Principia cognoscimus inquantum terminos cognoscimus
283 537 1342 607 Non contingit aliquid fingulariter demonstrare nisi in terminis con¬
283 579 658 637 nertibilibus et propriis
285 619 1220 684 Impossibile est eadem esse priora et notiora nisi altero modo.
273 656 1099 726 Ad minus ex duabus propaionibus contingit syllogisare
284 702 1291 764 Una propotioe posita nihil sequitur syllogistice. quia ex vna nihil sequitur.
273 745 946 795 Demonstratio est syllogismus ex necessariis.
285 792 1320 858 Per se primo sunt quacuque in ratione dicendi quod quid est insunt. vt triangulo
276 836 1080 883 est linea et punctum linee. substantia enim horum ex his est
282 875 1344 954 Per se secunduo sunt quaicumque insunt ipsis que in ratione insunt. vt propria
272 913 697 968 passio per se est in subiecto
276 963 1197 1015 Item per se sunt quae non dicuntur de quidam alio subiecto vt substantia.
288 1004 1346 1067 Item per se sunt propter quod inest alicui aliquid tamquam per causam Ulic habemus quod quaet
269 1051 1339 1118 tuor sunt modi dicedi per se. quaium primus et secundus tantum ingrediuntur demonstrationem
277 1085 806 1138 Item per se presupponit de omni
272 1135 1337 1203 Uniuersali dico quod cum de omni sit. et per se est. et secundum quod ipsum est idem vt pun¬
271 1171 888 1233 ctum per se inest linee. et secundum quod ipsum.
270 1219 881 1279 Ex veris est demonstratiue syllogisare
272 1261 1339 1321 Ex non necessariis contingit necessarium syllogisare. sicut verum ex non veris.
269 1297 1343 1373 sed ex non necariis non contingit demonstrare. quia medium erit ex necessitate
270 1340 1210 1409 Demonstratio est eorum qua sunt per se et non eorum quae sunt per accidens.
270 1384 1267 1450 Accidens contingit non esse Propter quid scire est causam scire esse
273 1425 1342 1508 Non contingit ex alio genere descendentem demonstrare vt geometri
268 1471 600 1520 cum in arithmetica.
278 1509 1340 1579 Tria sunt necessaria in demonsiratione quairum vnum est quod demonstratur. scilicet com
271 1557 1343 1624 clusio. hoc autem est quod in est alicui grta per se. aliudu aut est dignitas. dignitates
269 1600 1270 1655 sunt ex quibus fit demonstratio. tertium est subiectum et eius passiones.
268 1636 1232 1715 Necesse est medium et vltimum in demonstratione esse ex eodem genere
280 1680 1212 1751 Nec scientia nec demonstratio est corruptibilium sed perpetuorum
271 1713 1335 1791 Definitio est principium demonstrationis vel conclusio vel tota demonstratio
1060 1778 1334 1835 (positione differens
271 1763 902 1822 Difficile est noscere si aliquis sciuit vel non
260 1807 1343 1874 Difficile est enim noscere si ex vniuscuiusque principiis scimus aut non
274 1849 579 1904 quod vere scimus.
277 1892 1354 1963 Si ex principiis et ex veris habeamus syllogismum opinamur sci¬
269 1938 1352 2009 re. sed hoc non est sifficicns. sed etiam oportet scirc ex quibus scitur
274 1972 716 2057 vt sunt propria principia.
