1594 2421
248 270 1314 338 Non est necesse esse speecies id est ideas aut vnum ali quid extra multa. quia
258 327 753 381 vniuersalia sunt in indiuiduis.
250 352 1252 424 Omnes scientia comunicant secundum comnia principia ex quibus demonstrantur
253 407 1151 460 Unaquique scientia habet interrogationes et disputationes proprias.
252 439 1302 507 Demonstrationes non augentur per media. sed in post assumpto et in latus.
253 488 1268 556 Demonstratio contigit dupliciter velrs quia procedit per effectum versa causam remotam
251 535 986 592 Duplex est scire. scilicet quis est et scire propter quid est
266 575 1313 641 In scientiis diuersis sepe vna scientia diciti propter quid. alia quia. vt me
253 611 1316 677 dicina dicit quod vulnera circularia tardius sanantur quam oblonga. sed proptr
264 677 1032 722 quid. illud dicit geometria scilicet quod partes magis distant.
260 693 1343 766 Scientes vniuersale sepe nesciut particulare.
261 742 1368 811 figurarum maxime faciens scire est prima figura
257 777 1315 853 Coordinationes praedicamentorum non comincantur vndem quod est in vna coordi
263 829 1318 901 natione. non est in alia. vnde habemus quod essentie predicamentorum sunt im¬
266 878 855 935 permixte. licet esse eorum poterit permisceri.
269 896 1124 967 Ignorantia est duplex. scilicet secundum negationem et dispositionem
267 963 1220 1016 Si aliquis sensus defecerit necesse est scientiam illius sensus deficere
263 1004 1163 1068 Aliud addiscimus per demonstrationem. aliud per inductionem
263 1046 675 1100 Singularium est sensus
271 1071 1325 1147 Omnis syllogismus fit semper per tresterminos et duas proportiones
274 1119 1324 1192 Non contingit ire in infinitum in praedicamentis nec ascendendo nec descen
274 1187 758 1229 dendo. sed vtrobique est status
267 1180 1326 1269 Que est comparatio principii ad principium. eadem est principati ad principatum
277 1270 814 1321 Impossibile est infinita pertransire
266 1282 1330 1362 Saudeant genera et species quonido si sunt. monstra sunt. et si non sunt. ni
274 1333 1323 1397 hil ad ratione vel demonstrationem prosunt. demonstrationes enim hmoi non sunt
277 1382 1327 1445 hoc dicit ideo. quia Plato in phedrone vbi etiam inducit Docratem ad sue
277 1416 1334 1484 opinionis confirmationem posuit vniuersalia extra singularia per se sub
269 1461 1290 1527 sistere in natura. et esse sufficientia ad generationem et corruptionem etc.
274 1479 1337 1561 Unde multi decipiebantur Augustinus tantum quia platonicus fuit tentauit in li
279 1550 1328 1614 bro de Ciuitate dei Platione excusare. sed Egidius Romanus dicit excu
277 1584 1339 1655 sationem ab Augustino positam magis exaffectu procedere quam veritati conm
284 1633 1338 1697 sonare Cui assentiunt Boetius Albertus Thomas Bonauetura et
281 1671 1291 1737 Scotus Theologie lumina eorumdem errorem Platoni imponentes
282 1720 1159 1781 Qualitatis non est qualitas Unum predicatur de vno.
285 1770 1034 1829 Demonstratio vniuersalis particulari est potior
280 1817 952 1878 Affirmatiua potior est negatiua. quia prior.
283 1837 1141 1913 Demonstratio ostensiua potior est ducente ad impossibile
301 1877 1163 1958 Potior est demonstratio que est de esse quam que non est de esse.
292 1919 1343 1998 Uniuersale non est minus ens quam particulare sed maius quia ipsum est incorrupti
284 1966 1345 2051 bile. particulare vero corruptibile. ex quo et multm dictis aliis in isto libro
