1607 2414
259 272 1323 340 et dicendis habemus quod vniversalia sunt sempiterna et spens rerum sunt eterne.
267 316 951 366 vniuersalis magis est causa quam particularis
258 359 1016 419 Cui per se in est aliquid. hoc idem est causa suiipsius
263 396 1247 452 Cognosces vniuersale cognoscit et particulare et non econuerso¬
261 446 1229 504 Uniuersale est intelligibile. particulare vero sensu percipitur.
266 483 663 550 prius est esse quam non esse
264 522 1182 576 Certior est scientia que est ipsius propter quid quam que alterius.
261 566 1320 617 stem certior est qui non est de subiecto contracto ad materiam quam quae est de subiecto
1160 616 1306 678 (contracto
254 617 1036 677 Unitas non est substantia sine positione. sed pun¬
255 661 810 714 ctus est substantia positionem habens
258 694 1278 772 Singulare est hic et nunc. sed vniversale est vbique et semper. et hoc priuatiue
255 739 988 796 densus est singularium. scientia vero vniuersalium
263 782 943 841 Impossibile est omnium esse eadem principia
251 808 1005 878 Uniuersale ex singularibus pluribus est manife stum
248 868 1245 912 Quecumque sunt eadem vni tertio. scilicet singulari. sunt eadem inter se.
250 913 1205 976 Scientia est verorum necessariorum non contingentium aliter se habere.
250 955 917 1003 Non contingit idem scire et opinari simul.
242 997 1312 1053 oolertia est subtilitas quaedam et proptitudo inueniendi medium in non prospe
1169 1046 1307 1102 (cto tempore.
356 1038 1087 1088 ⁋ Sequuntur autori. ii libri posteriorum Aristo.
345 1078 1179 1131 Uestiones sunt equales numero his que vere scimus
251 1098 1310 1173 Questiones sunt quattuor scilicet quid est propter quid. si est. et quia est et iste
234 1171 1226 1232 reducuntur ad questionem medii. quia omnis questio est questio medii
249 1207 877 1255 Unius inquantum vnius vna est scientia
242 1249 1067 1302 Definitio est cognitio substantie et ipsius quod quid est
247 1299 1065 1348 Impossibile est quod quid est scire et ignorare si est
246 1334 927 1391 Ipsius quod quid est non est demonstratio
249 1387 1005 1442 Per omne genus cause contingit demonstrare
239 1427 953 1476 Scire opinamur cum causas rei cognoscimus
244 1463 1084 1514 Quattuor sunt cause  Caula et medium sunt idem.
248 1505 1300 1560 Unum et idem nsn contingit esse propter quid. et quid est. vt si queratur. quid est to
234 1551 1300 1601 nitruus. et dicitur quod est extinctio ignis in nube. et si queratur propter quid to
234 1601 814 1646 nat. dicitur quia in nube ignis extinguitur
235 1632 1294 1689 Ambulatio post cenam est causa sanitatis propter hoc. quia facit non emi
237 1679 884 1726 nere cibuos in ore stomachi. sed descendere.
247 1714 1119 1774 Interpositio terre inter solem et lunam est causa eclypsis.
233 1757 1295 1813 Medium in demonstratione est ratio primi et vltimi termini id est maioris extremi
237 1809 1303 1862 tatum quae secundum Albertum est proprie passionis definitio. secundum Thomam vero subiecti
232 1851 1294 1909 Causa et effectus debent esse proportionata. vnde eius quod est in fieri
235 1895 1295 1944 debet esse causa in fieri. et eius quod est in facto esse debet esse causa in
234 1934 540 1984 facto esse et cetera.
244 1982 1305 2051 Sicut se habet linea ad punctum sic se habet illud quod fit ad factum esse
