1581 2423
262 267 1313 326 Quedam sunt semper. quedam vt frequenter. vt non omnes masculini sunt
264 319 920 371 barbati in maxillis semper sed vt frequenter
262 365 964 412 Ex singularibus oportet vniuersalia accipere
256 391 1117 456 Equiuocationes magis latent in vniversalibus quam in inferioribus
264 454 1317 503 fiuuius magis fluit in fine mensis. quia finis mensis est humidior quia luna
950 483 1312 557 (onium habet super humida.
265 489 807 538 Omnis arbor habens lata folia fiuit
259 527 797 591 Nluere est succum densatum habere.
256 581 1185 626 Causa est prior eo cuius est causa. et hoc ad minus secundum naturam.
254 603 1327 668 Omne animal habens cornua caret dentibus in superiori mandibula quia
265 661 751 709 materia dentium vertitur in cornua
271 698 1283 761 Ex sensu in nobis fit memoria. ex multis memoriis expimentum
264 740 1159 790 Uniuersale quiescens in anima est principium artis et scientie
270 780 971 844 Sentire est singularis. sed sensus est vniuersalis
266 809 988 880 Principiorum habitus non est scientia sed intellectus.
269 868 1019 916 Uniuersale est vnum in multis et vnum preter multa
276 910 1325 968 Principia non cognoscimus per demonstrationem sed per inductionem
268 956 620 1023 vie. sensus et memorie
484 997 1194 1051 ⁋ Autoritates super libros topicorum Aristo.
256 1028 1326 1086 Topos enim grece locus dicitur vel idem est quod totum. Locus enim in
263 1080 1320 1133 dialectica siue logica que species est philosophie duplex est. scilicet itrin
268 1120 1324 1176 secus et extrinsecus etc. et de his tractatur in hoc libro Dialectica vero
264 1175 1325 1220 dicitur a dia et logos quasi dualis sermo. quia disputatio dialectica
266 1215 1345 1259 fit inter duos. scilicet opponentem et respondentem Uel secundum Tortellium
273 1249 1328 1302 Dialectica dicitur a grecovboDialegomai. id est disputare quia est ars dispu
270 1302 1331 1354 tatoria docens discernere rerum causas. intellectum mentis acuens. vera
267 1332 1332 1389 que a falsis distiguens Uel secundum alios dicitur a greco nomnine lexis quod est
263 1377 993 1430 dictio latine. eo quod in illa de dictis disputetur.
488 1391 1201 1477 ⁋ Sequuntur autorita. primi libri topicorum
340 1456 1187 1524 Numquodque primorum principiorum est sibiipsi fides
269 1499 1195 1566 Non enm omne quod videtur probabile est probabile.
263 1539 1334 1610 Dialectica est vtilis ad tria. scilicet ad exercitationem ad obuiationem. et
276 1589 826 1650 ad secundum philosophiam disciplinas.
278 1619 1286 1688 Dialectica inquisitiua ad oim methodorum principia viam habet
276 1676 1330 1741 Rhetor non semper persuadebit nec medico semper sanabit sed tunc suo satisfa
281 1725 1334 1771 cit officio quando nihil omittit de contingentibus. sic etiam est de dialectico respec
1132 1758 1331 1820 (tu artis sue
281 1762 976 1823 Defiuitio est oratio indicas quid est esse rei
287 1813 869 1861 Proprium est quod est inseparabile.
286 1814 1065 1898 Nemo enim proprium dicit quod contingit alii inesse
280 1882 1076 1947 Accidens est quod adest et abest. vt supra dictum est
279 1903 1334 1988 Accidens facit vnum numero cum suo subiecto. vnde accidentia nume
276 1982 821 2045 rantur numeratione subiectorum.
