<?xml version="1.0" encoding="UTF-8" standalone="yes"?>
<PcGts xmlns="http://schema.primaresearch.org/PAGE/gts/pagecontent/2013-07-15" xmlns:xsi="http://www.w3.org/2001/XMLSchema-instance" xsi:schemaLocation="http://schema.primaresearch.org/PAGE/gts/pagecontent/2013-07-15 http://schema.primaresearch.org/PAGE/gts/pagecontent/2013-07-15/pagecontent.xsd">
    <Metadata>
        <Creator>prov=University of Rostock/Institute of Mathematics/CITlab|PLANET AI GmbH/Gundram Leifert/gundram.leifert@planet-ai.de:name=cod-BtQsrQ-m1(htr_id=29141)::::v=2.6.7
prov=University of Rostock/Institute of Mathematics/CITlab|PLANET AI GmbH/Tobias Gruening/tobias.gruening@planet-ai.de:name=de.uros.citlab.module.baseline2polygon.B2PSeamMultiOriented:v=2.6.7
prov=University of Rostock/Institute of Mathematics/CITlab|PLANET AI GmbH/Tobias Gruening/tobias.gruening@planet-ai.de:name=/net_tf/LA73_249_0mod360.pb:de.uros.citlab.segmentation.CITlab_LA_ML:v=2.6.6
Transkribus</Creator>
        <Created>2020-12-27T20:56:47.164+01:00</Created>
        <LastChange>2021-01-04T14:03:03.030+01:00</LastChange>
        <TranskribusMetadata docId="561845" pageId="23073586" pageNr="95" tsid="50658317" status="IN_PROGRESS" userId="25065" imgUrl="https://files.transkribus.eu/Get?id=PTSWSLTFDNRZOYRPIKEBFCQR&amp;fileType=view" xmlUrl="https://files.transkribus.eu/Get?id=HWKHSSEBQTVDMRYMIBYPDEUD" imageId="18001417"/>
    </Metadata>
    <Page imageFilename="94.jpg" imageWidth="1607" imageHeight="2415">
        <ReadingOrder>
            <OrderedGroup id="ro_1609772034778" caption="Regions reading order">
                <RegionRefIndexed index="0" regionRef="r2"/>
            </OrderedGroup>
        </ReadingOrder>
        <TextRegion orientation="0.0" id="r2" custom="readingOrder {index:0;}">
            <Coords points="251,226 251,2088 1319,2088 1319,226"/>
            <TextLine id="r2l2" custom="readingOrder {index:0;}">
                <Coords points="245,303 1018,346 1305,323 1306,263 245,257"/>
                <Baseline points="251,305 303,306 355,306 408,307 460,307 513,308 565,308 617,309 670,310 722,311 775,311 827,312 879,313 932,314 984,314 1037,315 1089,316 1141,316 1194,317 1246,317 1299,318"/>
                <TextEquiv>
                    <Unicode>Positio est opinio extranea alicuius notorum secundum phriam. quemadmo</Unicode>
                </TextEquiv>
            </TextLine>
            <TextLine id="r2l3" custom="readingOrder {index:1;}">
                <Coords points="254,356 817,365 832,362 833,319 512,335 254,311"/>
                <Baseline points="261,348 289,348 317,349 345,349 374,350 402,350 430,350 458,351 487,351 515,351 543,351 571,351 600,351 628,352 656,352 684,352 713,352 741,352 769,352 797,352 826,353"/>
                <TextEquiv>
                    <Unicode>du posuit Craciitus omnia moueri.</Unicode>
                </TextEquiv>
            </TextLine>
            <TextLine id="r2l4" custom="readingOrder {index:2;}">
                <Coords points="261,397 1287,421 1308,358 261,356"/>
                <Baseline points="267,386 318,388 370,390 422,391 473,392 525,393 577,395 628,395 680,396 732,397 784,397 835,398 887,399 939,399 990,400 1042,400 1094,401 1145,402 1197,403 1249,404 1301,405"/>
                <TextEquiv>
                    <Unicode>Syllogismus est oratio in qua quibusdam positis aliquid accidit ex ne¬</Unicode>
                </TextEquiv>
            </TextLine>
            <TextLine id="r2l5" custom="readingOrder {index:3;}">
                <Coords points="255,439 765,452 787,445 788,406 255,406"/>
                <Baseline points="261,431 287,432 313,433 339,433 365,434 391,435 417,435 443,436 469,436 495,437 521,437 547,437 573,437 599,437 625,438 651,438 677,438 703,438 729,438 755,438 781,438"/>
                <TextEquiv>
                    <Unicode>cessitate preter ea que posita sunt.</Unicode>
                </TextEquiv>
            </TextLine>
            <TextLine id="r2l6" custom="readingOrder {index:4;}">
                <Coords points="246,480 1308,508 1309,442 1228,435 247,437"/>
                <Baseline points="253,471 305,473 357,476 410,477 462,479 515,480 567,480 619,481 672,482 724,482 777,482 829,482 881,483 934,483 986,483 1039,484 1091,485 1143,486 1196,487 1248,489 1301,491"/>
                <TextEquiv>
                    <Unicode>Probabilia sunt que videntur omnibus aut pluribus vel sapientibus et his vel</Unicode>
                </TextEquiv>
            </TextLine>
            <TextLine id="r2l7" custom="readingOrder {index:5;}">
                <Coords points="255,523 1069,538 1069,491 255,488"/>
                <Baseline points="261,518 301,518 341,519 381,520 421,521 461,521 501,522 541,523 581,523 621,524 661,524 701,525 741,525 781,525 821,525 861,526 901,526 941,526 981,526 1021,526 1062,525"/>
                <TextEquiv>
                    <Unicode>omnibus vel pluribus vel maxime notis et probabilioribus</Unicode>
                </TextEquiv>
            </TextLine>
            <TextLine id="r2l8" custom="readingOrder {index:6;}">
                <Coords points="254,566 1311,587 1289,530 255,522"/>
                <Baseline points="261,558 313,560 365,562 417,563 469,565 521,565 573,566 626,567 678,568 730,568 782,568 834,568 886,569 938,569 991,569 1043,569 1095,570 1147,570 1199,571 1251,572 1304,573"/>
                <TextEquiv>
                    <Unicode>Mundum esse eternum est problema neutrum id est habens rationes pro vtraque parte</Unicode>
                </TextEquiv>
            </TextLine>
            <TextLine id="r2l9" custom="readingOrder {index:7;}">
                <Coords points="251,614 1304,630 1304,589 1262,576 252,567"/>
                <Baseline points="258,604 310,606 362,606 414,607 466,608 518,608 570,608 622,609 674,609 726,609 778,610 830,610 882,610 934,611 986,611 1038,612 1090,613 1142,614 1194,616 1246,617 1298,619"/>
                <TextEquiv>
                    <Unicode>Ex isto apparet Aristo. non fuisse pertinacem quando naturali ratione conclu¬</Unicode>
                </TextEquiv>
            </TextLine>
            <TextLine id="r2l10" custom="readingOrder {index:8;}">
                <Coords points="251,652 1012,668 1012,626 949,617 251,615"/>
                <Baseline points="258,647 295,648 332,648 370,648 407,649 444,649 482,650 519,650 556,650 594,650 631,650 668,651 706,651 743,651 780,651 818,651 855,651 892,651 930,652 967,652 1005,652"/>
                <TextEquiv>
                    <Unicode>derent mundum esse perpetuum. vt quida tantum mentiuntur</Unicode>
                </TextEquiv>
            </TextLine>
            <TextLine id="r2l11" custom="readingOrder {index:9;}">
                <Coords points="248,695 943,701 943,669 839,655 248,656"/>
                <Baseline points="254,689 288,689 322,690 356,690 390,691 424,691 458,691 492,691 526,692 560,692 595,692 629,692 663,692 697,692 731,692 765,693 799,693 833,693 867,693 901,694 936,694"/>
                <TextEquiv>
                    <Unicode>Senus est quod predicatur de pluribus speciebus</Unicode>
                </TextEquiv>
            </TextLine>
            <TextLine id="r2l12" custom="readingOrder {index:10;}">
                <Coords points="251,736 1308,769 1309,703 1267,692 252,695"/>
                <Baseline points="258,729 310,730 362,731 414,731 466,732 519,733 571,734 623,734 675,735 727,736 780,736 832,737 884,738 936,739 988,740 1041,741 1093,742 1145,743 1197,744 1249,746 1302,747"/>
                <TextEquiv>
                    <Unicode>Accidens est quod neque est genus neque species neque proprium neque</Unicode>
                </TextEquiv>
            </TextLine>
            <TextLine id="r2l13" custom="readingOrder {index:11;}">
                <Coords points="255,778 578,793 729,781 729,756 669,739 620,751 567,738 447,737 422,750 255,737"/>
                <Baseline points="262,771 287,772 313,772 338,773 364,773 389,774 415,775 440,775 466,775 492,776 517,776 543,776 568,776 594,776 619,776 645,776 670,775 696,775 722,775"/>
                <TextEquiv>
                    <Unicode>differentia. sed est aliquid rei.</Unicode>
                </TextEquiv>
            </TextLine>
            <TextLine id="r2l14" custom="readingOrder {index:12;}">
                <Coords points="256,811 1092,840 1175,829 1176,795 256,777"/>
                <Baseline points="262,813 307,814 352,815 398,816 443,817 488,818 534,819 579,819 624,820 670,820 715,821 760,821 806,822 851,822 896,822 942,822 987,822 1032,823 1078,823 1123,823 1169,823"/>
                <TextEquiv>
                    <Unicode>Idem dicitur tripliciter. idem genere. idem numero. et idem specie.</Unicode>
                </TextEquiv>
            </TextLine>
            <TextLine id="r2l15" custom="readingOrder {index:13;}">
                <Coords points="257,862 1326,888 1326,847 1226,829 258,815"/>
                <Baseline points="263,855 315,857 368,859 421,860 474,861 527,862 579,863 632,863 685,864 738,864 791,865 843,865 896,865 949,866 1002,866 1055,867 1107,868 1160,869 1213,870 1266,871 1319,874"/>
                <TextEquiv>
                    <Unicode>Omis aqua est eiusdem speciei cum omni aqi. et solum differens accidentali quaelitate</Unicode>
                </TextEquiv>
            </TextLine>
            <TextLine id="r2l16" custom="readingOrder {index:14;}">
                <Coords points="260,911 1079,924 1080,874 260,861"/>
                <Baseline points="267,898 307,900 347,902 387,903 428,904 468,905 508,905 548,906 589,906 629,906 669,906 709,906 750,906 790,906 830,906 870,906 911,907 951,907 991,908 1031,909 1072,910"/>
                <TextEquiv>
                    <Unicode>Inductio est processus a particularibus ad vniuersalia</Unicode>
                </TextEquiv>
            </TextLine>
            <TextLine id="r2l17" custom="readingOrder {index:15;}">
                <Coords points="256,951 1314,961 1305,907 256,912"/>
                <Baseline points="262,943 314,944 366,945 418,945 471,946 523,947 575,947 627,948 680,948 732,949 784,949 836,950 889,950 941,950 993,951 1045,951 1098,952 1150,953 1202,954 1254,954 1307,956"/>
                <TextEquiv>
                    <Unicode>Qui dubitat an oportet deos. id est deum et diuinas substantias vereri et parem</Unicode>
                </TextEquiv>
            </TextLine>
            <TextLine id="r2l18" custom="readingOrder {index:16;}">
                <Coords points="251,996 1263,1008 1263,968 1159,957 251,952"/>
                <Baseline points="258,984 307,986 357,987 407,988 457,989 507,989 557,990 607,991 657,991 707,992 757,992 806,992 856,993 906,993 956,993 1006,994 1056,994 1106,994 1156,995 1206,995 1256,996"/>
                <TextEquiv>
                    <Unicode>tes honorare. non indiget ratione sed pena. quia id naturalis testatur ratio.</Unicode>
                </TextEquiv>
            </TextLine>
            <TextLine id="r2l19" custom="readingOrder {index:17;}">
                <Coords points="252,1040 1306,1057 1306,999 252,995"/>
                <Baseline points="258,1028 310,1029 362,1030 414,1031 466,1031 518,1032 570,1032 622,1033 674,1033 726,1033 778,1033 830,1034 882,1034 934,1035 986,1035 1038,1036 1090,1037 1142,1038 1194,1039 1246,1041 1299,1043"/>
                <TextEquiv>
                    <Unicode>Qui etiam dubitat vtrum nix sit alba vel non. non indigent ratione sed seusu.</Unicode>
                </TextEquiv>
            </TextLine>
            <TextLine id="r2l20" custom="readingOrder {index:18;}">
                <Coords points="251,1077 1176,1094 1177,1055 252,1039"/>
                <Baseline points="258,1070 303,1071 349,1071 394,1071 440,1072 486,1072 531,1073 577,1074 622,1074 668,1075 714,1075 759,1076 805,1076 850,1077 896,1077 942,1078 987,1079 1033,1079 1078,1080 1124,1080 1170,1081"/>
                <TextEquiv>
                    <Unicode>Quot modis dicitur vnum oppositorum tot modis dicitur et reliquum</Unicode>
                </TextEquiv>
            </TextLine>
            <TextLine id="r2l21" custom="readingOrder {index:19;}">
                <Coords points="250,1121 1218,1140 1204,1088 250,1078"/>
                <Baseline points="256,1113 303,1114 351,1114 399,1114 447,1115 495,1115 542,1116 590,1116 638,1117 686,1117 734,1118 781,1119 829,1119 877,1120 925,1120 973,1121 1020,1121 1068,1122 1116,1122 1164,1122 1212,1123"/>
                <TextEquiv>
                    <Unicode>Delectatoni que est circa speculatiua. nulla tristicia est admixta</Unicode>
                </TextEquiv>
            </TextLine>
            <TextLine id="r2l22" custom="readingOrder {index:20;}">
                <Coords points="258,1166 868,1179 868,1137 780,1122 258,1118"/>
                <Baseline points="264,1154 293,1154 323,1155 353,1155 383,1156 413,1156 443,1157 473,1157 503,1158 533,1158 563,1159 592,1159 622,1160 652,1160 682,1160 712,1160 742,1161 772,1161 802,1161 832,1160 862,1160"/>
                <TextEquiv>
                    <Unicode>In definitionibus sepe latet equiuocatio</Unicode>
                </TextEquiv>
            </TextLine>
            <TextLine id="r2l23" custom="readingOrder {index:21;}">
                <Coords points="250,1205 1300,1226 1301,1175 250,1153"/>
                <Baseline points="256,1196 307,1197 359,1198 411,1199 463,1200 515,1201 567,1201 619,1202 671,1203 723,1203 775,1204 826,1205 878,1205 930,1206 982,1207 1034,1207 1086,1208 1138,1209 1190,1210 1242,1211 1294,1213"/>
                <TextEquiv>
                    <Unicode>Diuersorum generum et non subalternatim positorum diuerse sunt</Unicode>
                </TextEquiv>
            </TextLine>
            <TextLine id="r2l24" custom="readingOrder {index:22;}">
                <Coords points="251,1260 311,1256 350,1274 376,1253 401,1263 417,1253 483,1262 498,1253 576,1255 577,1211 252,1205"/>
                <Baseline points="258,1243 284,1242 310,1242 336,1242 362,1242 388,1242 414,1242 440,1243 466,1243 492,1243 518,1243 544,1243 570,1243"/>
                <TextEquiv>
                    <Unicode>species et differentie.</Unicode>
                </TextEquiv>
            </TextLine>
            <TextLine id="r2l25" custom="readingOrder {index:23;}">
                <Coords points="386,1332 996,1343 1012,1342 1013,1293 903,1279 874,1297 736,1267 663,1284 387,1275"/>
                <Baseline points="392,1311 422,1313 453,1314 484,1316 514,1317 545,1318 576,1319 606,1319 637,1320 668,1321 699,1321 729,1322 760,1322 791,1323 821,1323 852,1324 883,1324 913,1325 944,1326 975,1327 1006,1328"/>
                <TextEquiv>
                    <Unicode>⁋ Sequuntur autori. ii libri topicorum</Unicode>
                </TextEquiv>
            </TextLine>
            <TextLine id="r2l26" custom="readingOrder {index:24;}">
                <Coords points="346,1393 1252,1398 1271,1352 347,1328"/>
                <Baseline points="352,1371 397,1372 443,1373 488,1374 534,1375 580,1376 625,1377 671,1378 716,1379 762,1380 808,1380 853,1381 899,1382 944,1383 990,1384 1036,1384 1081,1385 1127,1386 1172,1387 1218,1387 1264,1388"/>
                <TextEquiv>
                    <Unicode>Ullum genus denominatiue praedicatur de suis spenbus sed vniuoce</Unicode>
                </TextEquiv>
            </TextLine>
            <TextLine id="r2l27" custom="readingOrder {index:25;}">
                <Coords points="247,1419 1013,1445 1141,1430 1142,1393 352,1389 248,1346"/>
                <Baseline points="253,1407 297,1409 341,1411 385,1412 429,1413 473,1414 517,1415 561,1416 605,1417 649,1418 694,1419 738,1420 782,1420 826,1421 870,1422 914,1422 958,1423 1002,1424 1046,1425 1090,1425 1135,1426"/>
                <TextEquiv>
                    <Unicode> In paucioribus id est vniuersalibus est via magis facilis</Unicode>
                </TextEquiv>
            </TextLine>
            <TextLine id="r2l28" custom="readingOrder {index:26;}">
                <Coords points="256,1475 1188,1488 1318,1476 1319,1435 256,1422"/>
                <Baseline points="262,1459 314,1458 367,1457 419,1457 472,1457 524,1457 577,1457 629,1458 682,1459 734,1460 787,1461 839,1462 892,1464 944,1465 997,1466 1049,1467 1102,1469 1154,1470 1207,1471 1259,1472 1312,1472"/>
                <TextEquiv>
                    <Unicode>Iniusticiam facere non inest deo. quia iniusticiam facere est idem quod spote no</Unicode>
                </TextEquiv>
            </TextLine>
            <TextLine id="r2l29" custom="readingOrder {index:27;}">
                <Coords points="246,1507 709,1519 789,1509 790,1470 446,1474 422,1461 247,1476"/>
                <Baseline points="253,1500 279,1499 306,1499 332,1499 359,1498 385,1498 412,1498 438,1498 465,1499 491,1499 518,1499 544,1499 571,1500 597,1500 624,1500 650,1501 677,1501 703,1501 730,1501 756,1502 783,1502"/>
                <TextEquiv>
                    <Unicode>cere. sed sponte nocere non est in deo</Unicode>
                </TextEquiv>
            </TextLine>
            <TextLine id="r2l30" custom="readingOrder {index:28;}">
                <Coords points="255,1555 1006,1552 995,1503 714,1523 256,1507"/>
                <Baseline points="262,1545 298,1544 335,1543 372,1542 409,1542 446,1542 483,1542 520,1542 557,1542 594,1543 631,1543 667,1544 704,1544 741,1545 778,1545 815,1546 852,1547 889,1547 926,1548 963,1548 1000,1548"/>
                <TextEquiv>
                    <Unicode>Inuidus est qui tristatur de prosperitate bonorum.</Unicode>
                </TextEquiv>
            </TextLine>
            <TextLine id="r2l31" custom="readingOrder {index:29;}">
                <Coords points="254,1592 1034,1609 1050,1548 974,1568 254,1554"/>
                <Baseline points="261,1587 300,1586 339,1586 378,1585 417,1585 456,1585 495,1585 534,1585 573,1586 612,1586 651,1587 690,1587 729,1588 768,1588 807,1589 846,1590 885,1590 924,1591 963,1592 1002,1592 1042,1593"/>
                <TextEquiv>
                    <Unicode>Reprehensor est qui tristatur de prosperitate malorum</Unicode>
                </TextEquiv>
            </TextLine>
            <TextLine id="r2l32" custom="readingOrder {index:30;}">
                <Coords points="258,1629 1109,1643 1087,1588 1031,1609 258,1592"/>
                <Baseline points="265,1626 306,1627 348,1627 390,1627 432,1628 474,1628 516,1629 557,1629 599,1630 641,1630 683,1631 725,1631 767,1632 809,1632 850,1633 892,1633 934,1634 976,1634 1018,1634 1060,1635 1102,1635"/>
                <TextEquiv>
                    <Unicode>Inuidia est tristicia in apparente prosperitate alicuius</Unicode>
                </TextEquiv>
            </TextLine>
            <TextLine id="r2l33" custom="readingOrder {index:31;}">
                <Coords points="248,1683 1305,1696 1305,1636 248,1627"/>
                <Baseline points="254,1672 306,1671 358,1671 410,1671 462,1671 515,1671 567,1671 619,1671 671,1672 723,1673 776,1673 828,1674 880,1675 932,1676 984,1676 1037,1677 1089,1678 1141,1679 1193,1680 1245,1680 1298,1681"/>
                <TextEquiv>
                    <Unicode>Loquendum est vt plures. sapiendum vero vt pauci Ex quo habtur quod non</Unicode>
                </TextEquiv>
            </TextLine>
            <TextLine id="r2l34" custom="readingOrder {index:32;}">
                <Coords points="244,1723 1308,1728 1266,1687 1155,1682 245,1686"/>
                <Baseline points="251,1714 303,1713 356,1713 408,1713 461,1713 513,1714 566,1714 618,1715 671,1715 723,1716 776,1717 829,1718 881,1718 934,1719 986,1720 1039,1721 1091,1721 1144,1722 1196,1723 1249,1723 1302,1723"/>
                <TextEquiv>
                    <Unicode>est insistendum extraneis et extortis expositoibus Etiam colligitur quod Aristo</Unicode>
                </TextEquiv>
            </TextLine>
            <TextLine id="r2l35" custom="readingOrder {index:33;}">
                <Coords points="251,1766 1293,1783 1310,1726 251,1726"/>
                <Baseline points="258,1757 310,1756 362,1756 414,1756 466,1757 519,1757 571,1757 623,1758 675,1759 727,1759 780,1760 832,1761 884,1761 936,1762 988,1763 1041,1764 1093,1764 1145,1765 1197,1766 1249,1766 1302,1766"/>
                <TextEquiv>
                    <Unicode>teles in sua philosophia ferme per omnia habet modum loquendi cum antiqis</Unicode>
                </TextEquiv>
            </TextLine>
            <TextLine id="r2l36" custom="readingOrder {index:34;}">
                <Coords points="251,1809 1286,1827 1311,1781 251,1772"/>
                <Baseline points="258,1798 310,1798 362,1798 414,1798 467,1799 519,1799 571,1799 624,1800 676,1800 728,1801 781,1802 833,1802 885,1803 937,1804 990,1805 1042,1806 1094,1807 1147,1808 1199,1809 1251,1809 1304,1810"/>
                <TextEquiv>
                    <Unicode>comunem vsque dum venerit ad eum locum in quo necessarium est eos ab erro</Unicode>
                </TextEquiv>
            </TextLine>
            <TextLine id="r2l37" custom="readingOrder {index:35;}">
                <Coords points="246,1849 1056,1838 1282,1868 1309,1823 246,1808"/>
                <Baseline points="253,1842 305,1841 357,1840 410,1840 462,1840 515,1840 567,1840 620,1841 672,1841 725,1842 777,1843 829,1844 882,1845 934,1846 987,1848 1039,1849 1092,1849 1144,1850 1197,1851 1249,1851 1302,1851"/>
                <TextEquiv>
                    <Unicode>re rationibus reuocare et veraci instituere determinatione. Muod quidam non</Unicode>
                </TextEquiv>
            </TextLine>
            <TextLine id="line_1609594968471_1463" custom="readingOrder {index:36;}">
                <Coords points="251,1894 1302,1912 1312,1866 252,1849"/>
                <Baseline points="258,1885 296,1884 334,1883 373,1883 411,1883 449,1883 488,1883 526,1883 564,1884 603,1885 641,1885 679,1886 718,1887 756,1887 794,1888 833,1888 871,1888 909,1888 948,1888 986,1887 1025,1886 1097,1894 1123,1894 1149,1894 1175,1894 1201,1893 1227,1894 1253,1894 1279,1896 1305,1898"/>
                <TextEquiv>
                    <Unicode>aduertentes ineptissime putabant Aristotelem adinuies Augnantia qumque</Unicode>
                </TextEquiv>
            </TextLine>
            <TextLine id="r2l40" custom="readingOrder {index:37;}">
                <Coords points="253,1937 1222,1943 1322,1971 1323,1906 253,1895"/>
                <Baseline points="260,1926 312,1926 365,1926 418,1926 471,1926 524,1927 576,1927 629,1928 682,1929 735,1930 788,1930 840,1931 893,1932 946,1933 999,1935 1052,1935 1104,1937 1157,1938 1210,1939 1263,1940 1316,1941"/>
                <TextEquiv>
                    <Unicode>sentire et a sepo dissidere. quod quanstultum sit Auerrois Albertus Nhomas</Unicode>
                </TextEquiv>
            </TextLine>
            <TextLine id="r2l41" custom="readingOrder {index:38;}">
                <Coords points="264,1974 373,1990 430,1972 810,1988 819,1943 264,1938"/>
                <Baseline points="270,1968 297,1968 324,1968 351,1968 378,1968 405,1968 432,1968 459,1968 486,1968 513,1969 541,1969 568,1970 595,1970 622,1971 649,1971 676,1972 703,1973 730,1973 757,1974 784,1974 812,1975"/>
                <TextEquiv>
                    <Unicode>et Schotus sufficienter ostenderunt</Unicode>
                </TextEquiv>
            </TextLine>
            <TextLine id="r2l42" custom="readingOrder {index:39;}">
                <Coords points="255,2032 913,2052 1007,2036 1008,1978 256,1975"/>
                <Baseline points="262,2013 300,2014 339,2014 378,2015 417,2015 456,2015 495,2015 534,2016 573,2016 612,2016 650,2017 689,2017 728,2018 767,2018 806,2019 845,2020 884,2021 923,2022 962,2023 1001,2024"/>
                <TextEquiv>
                    <Unicode>Animalia semper nutriuntur. non tamen augentur</Unicode>
                </TextEquiv>
            </TextLine>
            <TextEquiv>
                <Unicode>Positio est opinio extranea alicuius notorum secundum phriam. quemadmo
du posuit Craciitus omnia moueri.
Syllogismus est oratio in qua quibusdam positis aliquid accidit ex ne¬
cessitate preter ea que posita sunt.
Probabilia sunt que videntur omnibus aut pluribus vel sapientibus et his vel
omnibus vel pluribus vel maxime notis et probabilioribus
Mundum esse eternum est problema neutrum id est habens rationes pro vtraque parte
Ex isto apparet Aristo. non fuisse pertinacem quando naturali ratione conclu¬
derent mundum esse perpetuum. vt quida tantum mentiuntur
Senus est quod predicatur de pluribus speciebus
Accidens est quod neque est genus neque species neque proprium neque
differentia. sed est aliquid rei.
Idem dicitur tripliciter. idem genere. idem numero. et idem specie.
Omis aqua est eiusdem speciei cum omni aqi. et solum differens accidentali quaelitate
Inductio est processus a particularibus ad vniuersalia
Qui dubitat an oportet deos. id est deum et diuinas substantias vereri et parem
tes honorare. non indiget ratione sed pena. quia id naturalis testatur ratio.
Qui etiam dubitat vtrum nix sit alba vel non. non indigent ratione sed seusu.
Quot modis dicitur vnum oppositorum tot modis dicitur et reliquum
Delectatoni que est circa speculatiua. nulla tristicia est admixta
In definitionibus sepe latet equiuocatio
Diuersorum generum et non subalternatim positorum diuerse sunt
species et differentie.
⁋ Sequuntur autori. ii libri topicorum
Ullum genus denominatiue praedicatur de suis spenbus sed vniuoce
 In paucioribus id est vniuersalibus est via magis facilis
Iniusticiam facere non inest deo. quia iniusticiam facere est idem quod spote no
cere. sed sponte nocere non est in deo
Inuidus est qui tristatur de prosperitate bonorum.
Reprehensor est qui tristatur de prosperitate malorum
Inuidia est tristicia in apparente prosperitate alicuius
Loquendum est vt plures. sapiendum vero vt pauci Ex quo habtur quod non
est insistendum extraneis et extortis expositoibus Etiam colligitur quod Aristo
teles in sua philosophia ferme per omnia habet modum loquendi cum antiqis
comunem vsque dum venerit ad eum locum in quo necessarium est eos ab erro
re rationibus reuocare et veraci instituere determinatione. Muod quidam non
aduertentes ineptissime putabant Aristotelem adinuies Augnantia qumque
sentire et a sepo dissidere. quod quanstultum sit Auerrois Albertus Nhomas
et Schotus sufficienter ostenderunt
Animalia semper nutriuntur. non tamen augentur</Unicode>
            </TextEquiv>
        </TextRegion>
    </Page>
</PcGts>
