2453 3727
687 704 106 97 N
729 704 170 97 albo
835 704 360 97 disciplinarum
1132 704 170 97 quae
1238 704 233 97 humanum
1386 704 276 97 intellectum

683 805 262 62 perficere
884 805 181 62 natae
1005 805 181 62 sunt,
1126 805 282 62 Theologiam
1347 805 201 62 primas
1488 805 161 62 sibi
1568 805 101 62 uen

675 857 204 79 dicare,
824 857 316 79 reliquarumque
1084 857 279 79 scientiarum
1307 857 297 79 absolutricem
1530 857 130 79 coro-

674 920 186 77 nidem
799 920 269 77 existere,
1006 920 145 77 uel
1088 920 104 77 e
1130 920 228 77 triuijs
1295 920 228 77 ignorat
1461 920 186 77 nemo.
1564 920 104 77 Per

424 982 163 90 quas
525 982 203 90 ueluti
667 982 203 90 gradus
810 982 223 90 quosdam
972 982 142 90 cum
1054 982 142 90 sit
1135 982 122 90 ad
1196 982 163 90 hanc
1297 982 122 90 in
1358 982 223 90 supremo
1500 982 163 90 fasti-

409 1059 142 82 gio
490 1059 305 82 sessitantem
734 1059 346 82 perueniendum,
1019 1059 346 82 quotusquisque
1303 1059 142 82 dum
1384 1059 264 82 ascendere
1567 1059 102 82 pa-

415 1120 160 77 rat,
515 1120 140 77 non
595 1120 200 77 statim
735 1120 280 77 auertitur,
956 1120 260 77 neutiquam
1156 1120 120 77 ab
1216 1120 160 77 ipsa
1316 1120 260 77 Theologia
1497 1120 160 77 genui-

410 1175 125 87 no
473 1175 146 87 suo
556 1175 271 87 splendore
765 1175 354 87 micantissima,
1056 1175 146 87 sed
1140 1175 250 87 uestitus
1327 1175 250 87 barbarie
1494 1175 167 87 deter-

417 1238 189 88 ritus,
549 1238 132 88 qua
625 1238 132 88 uel
700 1238 264 88 Lucianicam
908 1238 170 88 illam
1022 1238 302 88 ἑρμογλύφικημ
1267 1238 151 88 situ
1362 1238 94 88 &
1400 1238 227 88 squalore
1551 1238 113 88 exu-

414 1301 211 99 peret,
562 1301 190 99 cuius
688 1301 127 99 in
752 1301 253 99 Insomnio
941 1301 148 99 suo
1026 1301 317 99 Samosatenus
1279 1301 211 99 rabula
1406 1301 253 99 festiuissi

406 1374 126 90 me
469 1374 253 90 meminit.
659 1374 147 90 Nec
743 1374 126 90 id
806 1374 126 90 ab
869 1374 147 90 re.
953 1374 211 90 Etenim
1101 1374 126 90 in
1164 1374 295 90 pulchrorum
1395 1374 211 90 amorem
1522 1374 147 90 cien-

409 1437 117 78 te
468 1437 137 78 sic
546 1437 137 78 nos
625 1437 196 78 natura
762 1437 313 78 propensiores
1016 1437 196 78 sumus,
1153 1437 157 78 quae
1251 1437 176 78 minus
1368 1437 215 78 speciei
1505 1437 157 78 habent

413 1497 193 79 ualere
548 1497 251 79 sinentes.
742 1497 174 79 Atque
858 1497 155 79 hinc
954 1497 213 79 meherde
1109 1497 329 79 proficiscitur
1380 1497 116 79 ut
1419 1497 251 79 pauciusculi

412 1562 285 86 Theolooiae
636 1562 224 86 studijs
799 1562 122 86 se
860 1562 285 86 mancipent,
1084 1562 143 86 dum
1165 1562 163 86 illi
1267 1562 102 86 a
1308 1562 204 86 quibus
1430 1562 224 86 priusquam

408 1625 169 76 adyta
521 1625 225 76 subeant,
689 1625 169 76 uelut
802 1625 112 76 ab
858 1625 244 76 aeditimis
1046 1625 300 76 excipiuntur,
1289 1625 169 76 tanta
1402 1625 225 76 infantia
1552 1625 112 76 bal-

413 1705 228 70 butiunt,
584 1705 114 70 ut
641 1705 247 70 auditores
831 1705 190 70 statim
964 1705 285 70 nauseabundi
1191 1705 266 70 fatiscant,
1400 1705 209 70 crassas
1533 1705 133 70 ipso-

412 1767 150 76 rum
497 1767 322 76 dedoctiones
755 1767 300 76 aspernati.
991 1767 257 76 Quanquam
1184 1767 150 76 non
1270 1767 279 76 negauerim
1484 1767 150 76 eos
1549 1767 107 76 qui

407 1834 198 74 cautim
546 1834 257 74 progressi
744 1834 237 74 fuerint,
922 1834 277 74 primordijs
1139 1834 356 74 inuolutissimis
1417 1834 237 74 extricatos

407 1877 161 108 quae
507 1877 181 108 tamen
628 1877 221 108 clarius
788 1877 201 108 doceri
929 1877 100 108 &
969 1877 221 108 possent
1130 1877 100 108 &
1170 1877 261 108 deberent,
1371 1877 201 108 ueluti
1491 1877 161 108 stagno

410 1945 221 98 quopiam
571 1945 301 98 transmisso,
812 1945 121 98 in
872 1945 322 98 amoenissimum
1133 1945 362 98 florulentumque
1415 1945 241 98 Theologiae

413 2007 202 105 pratum
554 2007 223 105 deduci.
716 2007 283 105 Complurium
939 2007 162 105 enim
1040 2007 304 105 recentioris
1283 2007 223 105 aetatis
1424 2007 223 105 Theologo-

399 2075 145 84 tum
482 2075 248 84 copiosos
668 2075 352 84 commentarios,
958 2075 166 84 haud
1062 2075 207 84 absone
1207 2075 166 84 quis
1310 2075 166 84 uiae
1414 2075 145 84 itu
1476 2075 186 84 diffici

411 2143 162 84 liori
519 2143 306 84 comparauerit,
771 2143 126 84 eos
843 2143 144 84 sane
933 2143 126 84 qui
1005 2143 144 84 περί
1094 2143 108 84 τά
1148 2143 216 84 ἀωούδασα
1310 2143 198 84 aetatem
1454 2143 180 84 terere
1562 2143 90 84 non

405 2205 358 78 instituissent,
704 2205 119 78 ad
763 2205 179 78 arcem
883 2205 299 78 Christianae
1122 2205 299 78 eruditionis
1360 2205 299 78 prouehenti.
1579 2205 80 78 At

400 2266 143 75 cum
481 2266 143 75 per
563 2266 205 75 multos
707 2266 184 75 sciam
829 2266 246 75 mollibus
1014 2266 164 75 adeo
1116 2266 225 75 pedibus
1280 2266 287 75 praeditos,
1505 2266 123 75 ut
1546 2266 102 75 mi-

410 2326 153 94 nima
505 2326 172 94 etiam
620 2326 267 94 asperitate
830 2326 306 94 offendantur,
1078 2326 134 94 nec
1155 2326 153 94 item
1250 2326 191 94 desint
1384 2326 134 94 qui
1460 2326 134 94 uel
1517 2326 134 94 leui-

408 2398 166 75 culo
512 2398 270 75 dispendio
720 2398 208 75 magnum
865 2398 291 75 quantumuis
1094 2398 291 75 compendium
1323 2398 229 75 adsequi
1468 2398 187 75 nolint,

402 2476 270 70 summopere
610 2476 166 70 mihi
714 2476 228 70 placent
880 2476 166 70 hij,
984 2476 145 70 qui
1067 2476 187 70 plano
1191 2476 187 70 calle
1316 2476 104 70 &
1357 2476 249 70 herboso,
1523 2476 125 70 stu-

409 2518 200 86 diosos
549 2518 120 86 eo
609 2518 221 86 ducunt,
770 2518 140 86 quo
850 2518 160 86 illi
950 2518 140 86 per
1030 2518 241 86 salebras
1211 2518 100 86 &
1251 2518 281 86 crepidines
1452 2518 200 86 trahunt.

408 2579 228 87 Proinde
574 2579 166 87 deum
678 2579 166 87 opt.
781 2579 166 87 max.
885 2579 352 87 obsecrabundus
1175 2579 187 87 saepe
1300 2579 249 87 precatus
1486 2579 166 87 sum,
1569 2579 83 87 ut

405 2647 321 81 Sententiarum
666 2647 201 81 libros
807 2647 161 81 quos
907 2647 221 81 uocant,
1068 2647 120 81 ob
1128 2647 321 81 praestantiam
1389 2647 100 81 &
1409 2647 241 81 utilitatem

410 2711 203 81 semper
552 2711 122 81 in
612 2711 223 81 manibus
775 2711 263 81 habendos,
977 2711 223 81 aliquis
1139 2711 203 81 tandem
1281 2711 101 81 e
1322 2711 203 81 doctis
1443 2711 203 81 supremae

399 2771 191 95 notae,
533 2771 248 95 adiunctis
724 2771 306 95 neotcricorum
972 2771 306 95 opinionibus,
1221 2771 134 95 quo
1297 2771 210 95 omnibus
1450 2771 191 95 fieret
1565 2771 76 95 sa
