2453 3727
658 773 144 87 su
730 773 217 87 Pont.
874 773 192 87 Max.
995 773 217 87 summa
1139 773 168 87 est
1235 773 265 87 hominum
1428 773 361 87 contentione
1692 773 265 87 certatum.

653 856 379 72 Philosophorum
965 856 134 72 ne
1031 856 201 72 esset
1165 856 245 72 studijs
1343 856 223 72 latini
1499 856 267 72 sermonis
1678 856 267 72 adhibendu-

637 936 226 59 nitor.
795 936 181 59 Sunt
908 936 181 59 enim
1021 936 203 59 multi
1157 936 339 59 philolophi,
1428 936 158 59 qui
1518 936 158 59 cum
1608 936 316 59 facultatem
1834 936 113 59 uer

650 985 210 93 borum
789 985 349 93 faciendorum
1069 985 349 93 uoluntariam
1348 985 186 93 esse
1465 985 326 93 opinentur,
1698 985 256 93 nihiloque

649 1047 169 65 minus
762 1047 131 65 eis
837 1047 113 65 in
893 1047 225 65 pariendo
1062 1047 188 65 licere
1193 1047 150 65 quam
1287 1047 206 65 priscis
1437 1047 169 65 illis
1550 1047 206 65 licitum
1700 1047 188 65 fuerit
1813 1047 131 65 arbi-

639 1114 250 70 trentur,
827 1114 208 70 negant
973 1114 250 70 quicquam
1160 1114 167 70 esse
1264 1114 229 70 causae,
1431 1114 146 70 cur
1514 1114 250 70 uerborum
1681 1114 271 70 pariendorum

225 1171 309 78 licentiam,
468 1171 287 78 priscorum
688 1171 287 78 angustijs
909 1171 309 78 praefiniri
1151 1171 243 78 uelint.
1328 1171 265 78 Nonnulli
1526 1171 198 78 autem
1658 1171 154 78 cum
1724 1171 221 78 philolo-

219 1244 233 73 phiam,
382 1244 209 73 quasi
521 1244 302 73 marmoream
754 1244 256 73 quandam
940 1244 209 73 aedem
1079 1244 372 73 constituant,
1382 1244 209 73 nullo
1521 1244 186 73 modo
1638 1244 140 73 ei
1684 1244 256 73 tectorium

224 1303 200 66 induci
364 1303 200 66 debere
504 1303 240 66 censent,
683 1303 140 66 nec
763 1303 140 66 fas
843 1303 160 66 esse
943 1303 220 66 putant,
1102 1303 299 66 pulcherrimi
1342 1303 200 66 uultus
1482 1303 220 66 candori
1642 1303 240 66 illiniri
1801 1303 140 66 fucum

230 1359 290 79 Quibusdam
453 1359 201 79 etiam
586 1359 379 79 seuerioribus,
898 1359 357 79 philolophiam
1188 1359 379 79 squallidiorem
1500 1359 111 79 &
1545 1359 334 79 horridiorem
1812 1359 178 79 esse

223 1426 234 80 placet,
393 1426 170 80 quae
500 1426 149 80 nec
585 1426 234 80 aspectu
755 1426 234 80 inuitet
926 1426 277 80 adeuntes,
1139 1426 149 80 nec
1224 1426 170 80 opes
1330 1426 192 80 uulgo
1458 1426 277 80 largiendo
1671 1426 277 80 effundat.
1863 1426 85 80 In

223 1502 158 70 quo
314 1502 226 70 quidem
472 1502 158 70 cum
562 1502 271 70 permagna
765 1502 158 70 res
856 1502 226 70 agatur
1014 1502 316 70 utilitatis
1262 1502 271 70 hominum,
1466 1502 203 70 causa
1601 1502 158 70 est
1692 1502 226 70 contra
1827 1502 113 70 eos

216 1565 179 63 arma
327 1565 290 63 capiendi.
550 1565 268 63 Siquidem
751 1565 134 63 si
818 1565 268 63 uerborum
1019 1565 335 63 faciendorum
1287 1565 290 63 licentiam
1510 1565 179 63 sibi
1622 1565 156 63 non
1711 1565 245 63 negatam
1867 1565 67 63 d

218 1618 176 82 cant,
336 1618 294 82 concessuros
571 1618 255 82 arbitror,
767 1618 157 82 idem
865 1618 215 82 perinde
1021 1618 255 82 posteris,
1217 1618 118 82 ut
1276 1618 176 82 illis
1394 1618 215 82 licere,
1550 1618 98 82 &
1589 1618 196 82 rursum
1727 1618 176 82 aeque
1824 1618 118 82 cae-

226 1681 190 78 teris
353 1681 127 78 ac
416 1681 253 78 caeteris
606 1681 232 78 liberum
775 1681 253 78 futurum,
965 1681 127 78 ex
1028 1681 148 78 quo
1113 1681 127 78 in
1176 1681 274 78 infinitum
1387 1681 211 78 cursus
1535 1681 274 78 dimanaret
1746 1681 148 78 quo
1809 1681 127 78 sanc

213 1744 180 98 nihil
333 1744 160 98 dici
433 1744 200 98 potest
574 1744 120 98 in
634 1744 160 98 omni
734 1744 301 98 philolophia
975 1744 281 98 inscitius.
1195 1744 180 98 Atque
1316 1744 180 98 etiam
1436 1744 120 98 ab
1496 1744 160 98 his,
1596 1744 140 98 qui
1656 1744 281 98 philosophiae

221 1820 198 80 omnia
353 1820 286 80 ornamenta
573 1820 264 80 adimunt,
771 1820 132 80 in
837 1820 242 80 tantula
1013 1820 198 80 causa
1146 1820 352 80 sciscitandum
1432 1820 198 80 puto,
1564 1820 154 80 num
1630 1820 308 80 philolophiae

213 1875 240 84 speciem
388 1875 284 84 naturalem
606 1875 131 84 an
672 1875 350 84 artificiosam
956 1875 240 84 uelint:
1131 1875 153 84 Nam
1218 1875 131 84 si
1284 1875 284 84 naturalem
1502 1875 153 84 eam
1589 1875 175 84 esse
1677 1875 262 84 affirmant,

229 1940 342 89 perquirendum
507 1940 214 89 quidem
656 1940 171 89 est,
763 1940 193 89 utrum
892 1940 342 89 significetur
1170 1940 193 89 nutu,
1298 1940 128 89 an
1362 1940 128 89 in
1427 1940 193 89 mente
1555 1940 107 89 &
1598 1940 321 89 cogitatione
1833 1940 107 89 uer

226 2001 181 86 setur
347 2001 322 86 proptereaque
609 2001 121 86 si
669 2001 141 86 eam
750 2001 121 86 in
810 2001 181 86 mente
931 2001 242 86 insidere
1112 2001 222 86 dicant,
1273 2001 181 86 nihil
1394 2001 181 86 abest
1515 2001 161 86 quin
1616 2001 121 86 ab
1676 2001 141 86 hac
1737 2001 201 86 discepta

213 2062 189 88 tione
339 2062 273 88 recedant,
550 2062 147 88 cum
634 2062 126 88 de
697 2062 210 88 specie
844 2062 252 88 literata
1033 2062 295 88 disputetur
1265 2062 126 88 Si
1328 2062 189 88 autem
1454 2062 231 88 naturae
1601 2062 337 88 pulchritudinem

223 2130 167 90 nutu
328 2130 313 90 significari
578 2130 292 90 opinentur,
808 2130 271 90 perfacile
1016 2130 188 90 etiam
1142 2130 209 90 fateri
1288 2130 271 90 poterunt,
1497 2130 230 90 frustra
1664 2130 251 90 sermonem
1831 2130 104 90 ho-

216 2193 202 75 minum
350 2193 225 75 generi
508 2193 112 75 a
553 2193 225 75 natura
710 2193 225 75 datum,
867 2193 157 75 quo
957 2193 157 75 uno
1047 2193 247 75 belluis
1227 2193 225 75 maxime
1384 2193 337 75 praestamus.
1653 2193 270 75 Siquidem
1833 2193 90 75 ca

213 2262 232 73 terorum
382 2262 296 73 animantium
614 2262 232 73 natura,
783 2262 253 73 inscitia
973 2262 253 73 loquendi
1163 2262 190 73 usque
1290 2262 127 73 eo
1353 2262 274 73 peruenit,
1564 2262 127 73 ut
1627 2262 253 73 uicissim
1796 2262 127 73 inte

217 2326 123 73 se
279 2326 308 73 hilaritatem
525 2326 103 73 &
566 2326 287 73 tristitiam
792 2326 308 73 significent
1038 2326 164 73 uoce
1141 2326 246 73 naturae,
1326 2326 123 73 ut
1387 2326 246 73 praedare
1572 2326 123 73 in
1634 2326 205 73 rugitu
1757 2326 164 73 leonum

211 2384 149 82 uel
296 2384 128 82 in
360 2384 191 82 canum
487 2384 255 82 latratu,
679 2384 170 82 siue
785 2384 234 82 equorum
955 2384 234 82 hinnitu
1126 2384 234 82 apparet
1296 2384 128 82 at
1360 2384 170 82 homo
1466 2384 149 82 qui
1551 2384 255 82 rationis
1743 2384 149 82 est
1806 2384 128 82 con-

210 2450 176 82 pos,
320 2450 242 82 sermone
496 2450 242 82 bonorum
672 2450 110 82 &
716 2450 242 82 malorum
892 2450 220 82 genera
1046 2450 264 82 dedarat.
1243 2450 132 82 Ex
1309 2450 154 82 quo
1397 2450 176 82 erit
1507 2450 286 82 confiteri
1705 2450 220 82 necesse,

210 2520 261 74 eiusmodi
406 2520 348 74 philolophiae
688 2520 239 74 speciem
862 2520 283 74 literatam
1080 2520 109 74 &
1123 2520 348 74 artificiosam
1405 2520 239 74 uideri,
1579 2520 174 74 quae
1688 2520 130 74 ad
1731 2520 196 74 naturae

209 2582 386 81 pulchritudinem
530 2582 300 81 statuatur.
766 2582 172 81 Quod
873 2582 129 81 si
938 2582 322 81 artificiosa
1195 2582 257 81 dicatur,
1388 2582 214 81 nemini
1538 2582 214 81 dubium
1688 2582 172 81 esse
1774 2582 150 81 debet

205 2648 141 74 eam
285 2648 221 74 speciem
446 2648 322 74 philolophiae
707 2648 221 74 studijs
868 2648 161 74 esse
969 2648 261 74 aptiorem,
1169 2648 161 74 quae
1270 2648 201 74 suauis
1411 2648 161 74 quam
1511 2648 161 74 quae
1612 2648 201 74 absona
1732 2648 181 74 feratur

211 2703 334 87 proptereaque
482 2703 250 87 suauitas
670 2703 146 87 cum
754 2703 125 87 in
816 2703 334 87 intelligendi
1087 2703 209 87 sensum
1233 2703 250 87 irrepat,
1421 2703 334 87 philosophiae
1692 2703 209 87 studia
1818 2703 104 87 am
