2453 3727
-43 -4 102 84 e

171 324 332 78 fabricatum,
436 324 177 78 quod
547 324 133 78 ad
613 324 177 78 usum
724 324 155 78 non
812 324 199 78 aeque
945 324 199 78 aptum
1077 324 133 78 ac
1144 324 265 78 uenustum
1342 324 287 78 uideatur:
1564 324 177 78 quid
1652 324 221 78 pulchrum

162 398 316 71 caeterorum
411 398 316 71 animantium
659 398 271 71 utilibus
862 398 271 71 partibus
1065 398 226 71 abest:
1223 398 158 71 lam
1314 398 248 71 arborum
1494 398 226 71 generi
1652 398 181 71 quae
1743 398 135 71 per-

163 462 194 82 tinax
293 462 216 82 florum
444 462 324 82 germinatio,
703 462 173 82 quae
811 462 259 82 fructuum
1005 462 302 82 procreatio
1243 462 216 82 deest:
1394 462 194 82 Eodem
1524 462 302 82 acceditque
1739 462 130 82 mul-

165 528 127 64 ta
228 528 234 64 frustra
398 528 170 64 pene
504 528 106 64 a
547 528 212 64 natura
695 528 170 64 data
802 528 318 64 uiderentur,
1056 528 170 64 nisi
1162 528 127 64 ad
1226 528 234 64 ornatum
1396 528 297 64 dicerentur
1629 528 234 64 naturae
1778 528 85 64 au

175 588 305 74 ctoramento
415 588 218 74 parta.
567 588 152 74 Cur
654 588 174 74 enim
763 588 152 74 uel
850 588 218 74 macula
1002 588 218 74 pardo,
1154 588 152 74 aut
1241 588 218 74 pauoni
1393 588 218 74 cauda,
1546 588 174 74 siue
1654 588 196 74 leoni
1763 588 109 74 es-

172 652 149 70 set
257 652 234 70 adiecta
427 652 192 70 iuba,
555 652 170 70 nisi
661 652 128 70 ad
725 652 234 70 ornatum
895 652 234 70 naturae
1065 652 277 70 pingentis
1278 652 234 70 ingenio
1448 652 234 70 inuenta
1597 652 277 70 dicerentur:

177 717 241 87 Equidem
352 717 329 87 eloquentiam
615 717 131 87 in
681 717 329 87 doctrinarum
944 717 219 87 genere
1097 717 241 87 tanquam
1272 717 131 87 in
1338 717 307 87 celsissimo
1579 717 241 87 corpore
1733 717 131 87 pul-

164 785 321 86 chritudinem
421 785 257 86 putarim,
613 785 171 86 quae
720 785 129 86 ab
785 785 150 86 his
870 785 193 86 uelut
999 785 214 86 decora
1149 785 257 86 sanitate
1342 785 236 86 seiungi
1513 785 150 86 non
1599 785 236 86 possit.
1748 785 129 86 Quod

165 847 180 91 sane
277 847 225 91 maxime
434 847 315 91 coniungere
682 847 247 91 uoluit,
861 847 202 91 totum
996 847 202 91 illud
1131 847 247 91 priscum
1311 847 382 91 philolophorum
1626 847 202 91 genus
1738 847 135 91 quis

162 927 188 72 enim
279 927 164 72 uel
373 927 375 72 amplitudinem
677 927 305 72 Platonis,
912 927 164 72 uel
1006 927 328 72 suauitatem
1263 927 375 72 Xenophontis,
1568 927 164 72 aut
1639 927 234 72 Theophra

172 977 152 84 sti
259 977 282 84 candorem,
476 977 173 84 siue
584 977 217 84 aureum
736 977 325 84 Aristotelis
996 977 217 84 flumen
1148 977 152 84 non
1234 977 282 84 agnoscit:
1451 977 130 84 Ex
1516 977 152 84 quo
1603 977 173 84 mihi
1690 977 173 84 quidem

166 1040 188 83 libet
292 1040 146 83 hos
375 1040 356 83 philosophorum
668 1040 209 83 oreges
815 1040 314 83 sciscitando
1066 1040 230 83 urgere,
1233 1040 146 83 qui
1317 1040 251 83 sanctius
1505 1040 314 83 Aristotelem
1735 1040 126 83 quam

173 1106 245 63 Aegyptij
357 1106 184 63 ibim,
479 1106 143 63 aut
561 1106 286 63 crocodilum
786 1106 225 63 colunt,
950 1106 143 63 cur
1032 1106 123 63 in
1093 1106 123 63 eo
1154 1106 348 63 splendidiorem
1441 1106 245 63 uerborum
1625 1106 164 63 usum
1727 1106 102 63 &
1747 1106 123 63 elo-

170 1164 264 71 quentiam
368 1164 154 71 non
456 1164 374 71 reprehendunt,
764 1164 110 71 &
808 1164 132 71 si
874 1164 154 71 non
962 1164 330 71 uituperant,
1227 1164 154 71 cur
1315 1164 132 71 in
1381 1164 154 71 hoc
1469 1164 132 71 ab
1535 1164 132 71 eo
1579 1164 286 71 desciscunta

167 1229 250 73 Prorsus
349 1229 136 73 si
417 1229 159 73 non
508 1229 386 73 consectantur,
826 1229 250 73 damnare
1007 1229 182 73 sane
1121 1229 227 73 uideri
1280 1229 250 73 possunt
1461 1229 227 73 quando
1620 1229 227 73 quidem
1756 1229 114 73 eum

167 1306 126 71 in
230 1306 253 71 caeteris
420 1306 126 71 ut
483 1306 211 71 nautae
630 1306 211 71 elicem
777 1306 147 71 aut
862 1306 274 71 cynosuram
1072 1306 295 71 sequantur.
1304 1306 189 71 Atqui
1430 1306 147 71 cum
1514 1306 189 71 supra
1619 1306 253 71 octodecies

164 1380 221 67 ceritum
325 1380 181 67 nihil
446 1380 121 67 in
506 1380 121 67 eo
566 1380 241 67 repertum
747 1380 161 67 esse
848 1380 221 67 dicant,
1009 1380 161 67 quod
1109 1380 161 67 iure
1210 1380 262 67 obiurgari
1411 1380 221 67 possit,
1572 1380 282 67 inuolutius
1773 1380 101 67 pu-

175 1423 229 86 gnantia
342 1423 271 86 efferunt,
550 1423 146 86 cum
634 1423 125 86 in
696 1423 125 86 eo
759 1423 208 86 nullum
904 1423 229 86 errorem
1071 1423 229 86 uelint,
1238 1423 104 86 &
1280 1423 188 86 tamen
1405 1423 229 86 aliquid
1571 1423 125 86 ei
1634 1423 208 86 inesse
1759 1423 104 86 ap-

175 1499 233 74 pareat,
344 1499 169 74 quod
450 1499 296 74 consectari
682 1499 233 74 nolint,
852 1499 148 74 cum
936 1499 127 74 in
1000 1499 254 74 caeteris
1190 1499 148 74 eum
1275 1499 360 74 studiosissime
1571 1499 275 74 sequantur
1761 1499 106 74 Sed

177 1557 145 78 ego
260 1557 186 78 Pont.
384 1557 165 78 Max.
488 1557 207 78 multos
632 1557 248 78 arbitror
818 1557 145 78 hoc
901 1557 269 78 scribendi
1108 1557 207 78 genus,
1253 1557 145 78 non
1335 1557 145 78 tam
1418 1557 227 78 iudicio
1583 1557 165 78 quam
1666 1557 207 78 perfici-

163 1615 169 74 undi
268 1615 274 74 inscitia,
479 1615 148 74 aut
564 1615 232 74 naturae
733 1615 211 74 quodam
880 1615 190 74 morbo
1007 1615 295 74 refugisse,
1239 1615 127 74 ut
1302 1615 253 74 nonnulli
1492 1615 190 74 saepe
1619 1615 127 74 ea
1661 1615 211 74 contemne

170 1697 119 71 re
230 1697 198 71 uideri
369 1697 218 71 uolunt,
527 1697 159 71 quae
626 1697 119 71 se
686 1697 218 71 assequi
845 1697 179 71 posse
964 1697 278 71 diffidant,
1182 1697 119 71 ac
1241 1697 238 71 icterici
1420 1697 139 71 mel
1499 1697 218 71 tanquam
1638 1697 238 71 absynthium

164 1744 116 79 &
210 1744 208 79 rutam
349 1744 370 79 aspernantur.
650 1744 208 79 Quare
789 1744 162 79 cum
882 1744 255 79 uiderem
1067 1744 394 79 philolophiam,
1391 1744 139 79 ut
1460 1744 370 79 euanescentem
1738 1744 139 79 sine

167 1815 230 70 colore
328 1815 276 70 picturam
534 1815 276 70 explodi,
741 1815 115 70 &
787 1815 321 70 humaniores
1039 1815 138 70 ut
1108 1815 276 70 uerborum
1315 1815 253 70 tympana
1499 1815 298 70 contemni,
1705 1815 161 70 perma

169 1876 143 87 gni
250 1876 266 87 aestimaui
455 1876 286 87 quoquomodo
680 1876 204 87 possem
823 1876 164 87 quod
925 1876 245 87 utrisque
1109 1876 204 87 deerat
1252 1876 245 87 adijcere
1436 1876 102 87 .
1477 1876 204 87 ltaque
1620 1876 245 87 quamquam
1783 1876 82 87 se

175 1956 225 70 paratim
338 1956 102 70 a
379 1956 184 70 nobis
501 1956 123 70 de
563 1956 245 70 principe
747 1956 163 70 tres
849 1956 225 70 scripti
1012 1956 163 70 sint
1114 1956 204 70 libri,
1257 1956 245 70 multaque
1441 1956 245 70 praecara
1625 1956 123 70 in
1666 1956 204 70 philolo-

174 2007 163 84 phia
276 2007 163 84 sint
378 2007 163 84 quae
479 2007 367 84 illustrioribus
785 2007 224 84 literis
948 2007 285 84 potuissent
1173 2007 285 84 explicari,
1397 2007 143 84 mea
1479 2007 143 84 sum
1560 2007 184 84 tamen
1682 2007 184 84 magis
1784 2007 82 84 in

173 2069 241 78 teresse
348 2069 219 78 ratus,
501 2069 306 78 Theologiam
742 2069 328 78 Christianam
1004 2069 131 78 ex
1070 2069 219 78 intima
1223 2069 350 78 sententiarum
1507 2069 306 78 aurifodina
1748 2069 131 78 ad
1792 2069 87 78 ex

163 2139 268 76 politiones
373 2139 248 76 reuocare.
564 2139 134 76 Nam
641 2139 134 76 cum
717 2139 172 76 finis
832 2139 229 76 bonorum,
1004 2139 248 76 principis
1195 2139 248 76 ueritatis
1386 2139 306 76 contemplatio
1635 2139 153 76 sit,
1711 2139 153 76 facile

172 2199 265 85 intelligi
375 2199 224 85 potest,
538 2199 143 85 eam
620 2199 245 85 caeteris
803 2199 367 85 praestantiorem
1109 2199 204 85 uideri
1252 2199 204 85 quando
1394 2199 204 85 quidem
1537 2199 163 85 eius
1618 2199 245 85 hypothesis

162 2260 236 86 princeps
339 2260 216 86 ueritas
497 2260 236 86 dicatur,
674 2260 157 86 quae
772 2260 138 86 sit
851 2260 157 86 deus
949 2260 177 86 supra
1067 2260 216 86 naturae
1224 2260 256 86 complexum
1421 2260 177 86 notus
1539 2260 98 86 .
1578 2260 197 86 ltaque
1716 2260 118 86 ut
1755 2260 118 86 ele-

176 2341 265 74 gantiorum
379 2341 265 74 nostratum
583 2341 204 74 canora
725 2341 204 74 studia
868 2341 122 74 ad
929 2341 285 74 Theologiam
1153 2341 285 74 reuocarem,
1377 2341 163 74 quae
1478 2341 142 74 est
1560 2341 183 74 uelox
1661 2341 204 74 ingenio-

163 2400 159 74 rum
254 2400 340 74 excitatrix,
526 2400 386 74 Theologumenon
844 2400 227 74 omnium
1003 2400 363 74 sententiarum
1298 2400 227 74 typum,
1457 2400 250 74 quatuor
1615 2400 250 74 complexus

166 2458 146 71 sum
249 2458 208 71 libris
395 2458 146 71 nam
478 2458 125 71 de
540 2458 166 71 deo,
644 2458 125 71 de
707 2458 187 71 mundi
831 2458 187 71 ortu,
956 2458 125 71 de
1019 2458 374 71 instauratione,
1330 2458 125 71 ac
1393 2458 125 71 de
1455 2458 208 71 sacris
1601 2458 270 71 separatim
1788 2458 83 71 di

173 2517 239 88 sputatio
352 2517 298 88 explicatur.
591 2517 119 88 In
651 2517 199 88 quibus
790 2517 159 88 sane
889 2517 279 88 philolophi
1108 2517 199 88 fateri
1247 2517 239 88 cogentur
1426 2517 179 88 cutem
1546 2517 99 88 a
1586 2517 179 88 carne
1685 2517 179 88 seiunge

175 2603 136 60 re,
252 2603 136 60 qui
330 2603 272 60 elegantiam
544 2603 97 60 a
583 2603 291 60 philosophia
816 2603 253 60 secernunt
1010 2603 97 60 .
1049 2603 117 60 Et
1107 2603 272 60 politiores
1321 2603 175 60 solum
1438 2603 117 60 in
1496 2603 272 60 pinacidijs
1690 2603 175 60 nostris

171 2647 308 85 intelligere
418 2647 267 85 poterunt,
623 2647 226 85 quantum
788 2647 185 85 eorum
911 2647 226 85 artifex
1075 2647 267 85 sedulitas
1280 2647 103 85 a
1322 2647 185 85 rerum
1445 2647 267 85 diuinarum
1630 2647 246 85 altitudine

168 2711 207 75 distet
313 2711 124 75 in
376 2711 145 75 quo
459 2711 187 75 multa
583 2711 207 75 diuina
728 2711 249 75 poterunt
915 2711 270 75 diudicare
1122 2711 166 75 esse
1226 2711 187 75 uera,
1350 2711 166 75 quae
1454 2711 187 75 eorum
1579 2711 228 75 rationi
1724 2711 145 75 repu-

173 2770 182 89 gnare
294 2770 303 89 uidebantur,
537 2770 121 89 ut
597 2770 182 89 multi
719 2770 182 89 solem
840 2770 222 89 maiorem
1002 2770 162 89 esse
1103 2770 162 89 quam
1204 2770 202 89 terram
1345 2770 263 89 suspicari
1548 2770 182 89 nullo
1669 2770 162 89 modo
1750 2770 121 89 pos-

161 2848 204 76 sunt,
298 2848 182 76 nisi
411 2848 409 76 Mathematicorum
752 2848 273 76 circinum
956 2848 114 76 &
1002 2848 318 76 decempedam
1252 2848 318 76 attigerint
1502 2848 182 76 Quos
1615 2848 227 76 quidem
1751 2848 114 76 li-

174 2906 156 74 bros
271 2906 156 74 tibi
368 2906 175 74 Pont.
485 2906 156 74 Max.
583 2906 195 74 dicare
719 2906 234 74 decreui.
894 2906 136 74 nam
972 2906 292 74 praeterquam
1206 2906 136 74 que
1284 2906 136 74 iam
1362 2906 136 74 diu
1440 2906 175 74 erat,
1556 2906 97 74 a
1595 2906 175 74 nobis
1712 2906 136 74 hoc
1771 2906 97 74 ti-

166 2969 123 99 bi
228 2969 185 99 aeris
351 2969 349 99 dissoluendum,
639 2969 288 99 percommode
865 2969 185 99 etiam
988 2969 246 99 accidit,
1173 2969 144 99 que
1255 2969 246 99 pontifex
1440 2969 144 99 sis
1522 2969 144 99 his
1604 2969 246 99 proximis
1768 2969 103 99 co
