2453 3827
596 327 211 137 lacrum
744 327 254 137 figulina
934 327 190 137 creta
1061 327 338 137 conficerent,
1336 327 169 137 quod
1441 327 127 137 ad
1505 327 275 137 ueritatis
1716 327 359 137 similitudinem
2012 327 296 137 accederet.
2223 327 85 137 Si

608 416 231 113 quidem
769 416 323 113 Anaximenes
1023 416 184 113 deum
1138 416 138 113 ab
1207 416 277 113 unguibus
1415 416 254 113 pingere
1599 416 277 113 exorsus,
1807 416 207 113 aerem
1945 416 277 113 putauit.
2130 416 184 113 Parme-

609 485 193 121 nides
737 485 171 121 uero
844 485 129 121 ad
908 485 236 121 circuli
1080 485 364 121 similitudinem
1380 485 171 121 lima
1487 485 107 121 &
1530 485 193 121 torno
1658 485 321 121 perpoliuit.
1915 485 129 121 At
1979 485 321 121 Pythagorae,
2215 485 107 121 ani

599 556 141 96 ma
669 556 282 96 commeans
881 556 259 96 uidetur
1069 556 259 96 naturae
1257 556 306 96 uniuersae
1492 556 212 96 fusa.
1633 556 282 96 &enophon
1844 556 212 96 autem
1985 556 118 96 &
2032 556 212 96 Plato
2150 556 165 96 philo

603 619 275 115 sophorum
810 619 252 115 tympana
993 619 252 115 tornant
1177 619 207 115 deum,
1314 619 344 115 affirmantes
1590 619 138 115 ex
1659 619 161 115 his
1750 619 184 115 quae
1865 619 161 115 sub
1957 619 275 115 cernendi
2140 619 184 115 sensum

603 685 242 102 cadant,
779 685 220 102 nullum
933 685 176 102 esse
1043 685 154 102 dei
1131 685 308 102 simulacrum
1373 685 176 102 sole
1482 685 286 102 similius.
1702 685 242 102 Stoicis
1878 685 176 102 uero
1988 685 242 102 auctore
2142 685 176 102 &enone

604 753 178 106 deus
715 753 222 106 Aether
870 753 156 106 est
959 753 222 106 uisus.
1115 753 267 106 quanquam
1315 753 133 106 ex
1382 753 156 106 his
1471 753 267 106 Cleantes
1671 753 222 106 solem.
1826 753 311 106 Chrysippus
2071 753 222 106 mundum
2204 753 111 106 do-

604 821 213 99 minari
753 821 213 99 putet.
902 821 128 99 At
966 821 128 99 in
1030 821 171 99 omni
1137 821 213 99 natura
1286 821 299 99 uaferrimus
1521 821 213 99 auctor
1670 821 341 99 Aristoteles,
1947 821 149 99 cum
2033 821 128 99 ad
2097 821 149 99 dei
2161 821 149 99 prae-

588 879 288 106 hensionem
809 879 354 106 consequendam
1097 879 354 106 claudicaret,
1385 879 354 106 conscientiae
1672 879 288 106 latibulo,
1894 879 155 106 dum
1982 879 155 106 non
2071 879 221 106 potest
2203 879 111 106 in-

603 946 183 110 gredi
725 946 204 110 recta,
867 946 183 110 flexu
990 946 244 110 dedinat,
1173 946 204 110 nihilo
1315 946 163 110 sane
1417 946 224 110 longius
1580 946 244 110 pusillis
1763 946 102 110 &
1804 946 224 110 argutis
1967 946 204 110 oculis
2089 946 224 110 prospici-

592 1016 172 97 ens,
699 1016 172 97 quam
806 1016 215 97 humani
956 1016 236 97 obtutus
1128 1016 215 97 natura
1278 1016 300 97 pateretur.
1514 1016 257 97 Epicurus
1707 1016 193 97 autem
1836 1016 172 97 quem
1943 1016 150 97 ego
2029 1016 236 97 Paridem
2179 1016 129 97 phi-

590 1084 331 102 losophorum
851 1084 213 102 uoco,
993 1084 189 102 deum
1111 1084 284 102 atomorum
1324 1084 213 102 nexu,
1466 1084 213 102 quasi
1608 1084 308 102 harenarum
1845 1084 426 102 coagmentatione
2176 1084 142 102 com-

587 1152 273 100 stituit.
792 1152 205 100 idque
929 1152 137 100 ex
997 1152 296 100 Democriti
1225 1152 228 100 pixide
1384 1152 342 100 deprompsit.
1658 1152 273 100 Reliquos
1863 1152 205 100 autem
1976 1152 342 100 philolophorum

591 1213 398 101 anteambulones,
922 1213 155 101 qui
1011 1213 243 101 tanquam
1188 1213 243 101 statuam
1365 1213 287 101 membratim
1586 1213 309 101 funderent,
1829 1213 221 101 mundum
1983 1213 243 101 corpus,
2160 1213 111 101 &
2182 1213 133 101 deum

596 1278 198 107 mundi
728 1278 176 107 esse
837 1278 219 107 animam
991 1278 285 107 dixerunt,
1211 1278 154 107 aut
1298 1278 154 107 eos
1386 1278 154 107 qui
1474 1278 241 107 homines
1650 1278 219 107 partes
1803 1278 176 107 esse
1913 1278 154 107 dei
2001 1278 241 107 opinati
2154 1278 154 107 sunt,

587 1350 182 100 nihil
708 1350 222 100 attinet
869 1350 202 100 uocare
1011 1350 283 100 hostiatim,
1233 1350 141 100 cum
1313 1350 182 100 satis
1434 1350 182 100 notum
1555 1350 141 100 sit
1636 1350 141 100 eos
1717 1350 182 100 omnes
1838 1350 121 100 in
1898 1350 141 100 dei
1979 1350 202 100 natura
2100 1350 202 100 pnoscent

597 1417 141 96 da
667 1417 282 96 excubare
878 1417 352 96 somniantes.
1160 1417 164 96 Nos
1253 1417 188 96 uero
1371 1417 258 96 negamus
1558 1417 375 96 interminatam
1863 1417 399 96 magnitudinem,
2168 1417 141 96 cir-

591 1485 279 91 cunscripta
810 1485 339 91 intelligentia
1090 1485 219 91 percipi
1249 1485 199 91 posse,
1389 1485 140 91 cum
1468 1485 339 91 circunscripti
1748 1485 120 91 ad
1807 1485 339 91 interminatum,
2087 1485 179 91 nulla
2186 1485 120 91 esse

591 1571 206 73 possit
736 1571 350 73 decempedatrix
1024 1571 268 73 collatio.
1230 1571 185 73 Atque
1353 1571 185 73 etiam
1477 1571 185 73 nihil
1600 1571 165 73 quod
1703 1571 144 73 est
1785 1571 288 73 definitum,
1991 1571 309 73 circumscriben

591 1611 139 109 tis
671 1611 219 109 finibus
830 1611 179 109 exit.
949 1611 119 109 Si
1008 1611 199 109 igitur
1148 1611 219 109 hominum
1306 1611 338 109 intelligentia
1585 1611 139 109 dei
1664 1611 219 109 naturam
1823 1611 298 109 perciperet,
2062 1611 139 109 tum
2141 1611 139 109 dei
2201 1611 99 109 na-

585 1676 182 114 tura,
706 1676 363 114 intelligentiae
1009 1676 182 114 fines
1130 1676 283 114 transilire
1352 1676 141 114 non
1432 1676 222 114 posset,
1594 1676 161 114 quod
1695 1676 182 114 fieri
1816 1676 182 114 nullo
1937 1676 161 114 modo
2038 1676 222 114 potest.
2179 1676 121 114 ergo

588 1751 273 94 intelligi
798 1751 189 94 etiam
924 1751 231 94 potest,
1092 1751 147 94 dei
1176 1751 231 94 naturam
1344 1751 126 94 ab
1407 1751 357 94 intelligentia
1700 1751 231 94 percipi
1868 1751 147 94 non
1952 1751 210 94 posse.
2078 1751 231 94 Praeterea

592 1815 172 94 omne
699 1815 279 94 specierum
914 1815 193 94 genus
1043 1815 215 94 natura
1193 1815 301 94 cognobile,
1430 1815 150 94 quo
1516 1815 258 94 alicuius
1709 1815 150 94 rei
1795 1815 215 94 natura
1946 1815 344 94 pernoscitur,
2204 1815 107 94 eam

582 1879 372 107 repraesentando
893 1879 248 107 percipit
1079 1879 124 107 at
1141 1879 145 107 cum
1223 1879 186 107 fieri
1348 1879 186 107 nullo
1472 1879 165 107 modo
1575 1879 228 107 possit,
1741 1879 124 107 ut
1803 1879 103 107 a
1844 1879 228 107 quapiam
2009 1879 207 107 genita
2134 1879 165 107 simili

576 1954 219 94 tudine
729 1954 284 94 referatur
948 1954 197 94 deus,
1079 1954 153 94 cum
1167 1954 175 94 omne
1276 1954 284 94 genitarum
1495 1954 372 94 similitudinum
1801 1954 219 94 genus,
1954 1954 219 94 aliquo
2085 1954 219 94 praefini

578 2010 122 101 to
639 2010 203 101 genere
781 2010 407 101 circumscribatur,
1127 2010 305 101 confitendum
1371 2010 203 101 quidem
1513 2010 163 101 est,
1615 2010 183 101 fieri
1737 2010 142 101 non
1818 2010 203 101 posse,
1960 2010 122 101 ut
2021 2010 224 101 quapiam
2164 2010 142 101 simi-

591 2091 265 89 litudine
790 2091 221 89 genita
945 2091 332 89 pernoscatur
1210 2091 199 89 deus.
1343 2091 221 89 Etenim
1498 2091 177 89 mens
1608 2091 243 89 humana,
1785 2091 243 89 naturae
1962 2091 265 89 notione,
2139 2091 155 89 phan-

587 2146 224 90 tasmata
750 2146 224 90 tanquam
913 2146 224 90 obiecta
1076 2146 286 90 contuetur,
1301 2146 122 90 ex
1362 2146 224 90 quibus,
1525 2146 122 90 ut
1586 2146 143 90 ait
1668 2146 326 90 Aristoteles,
1933 2146 306 90 cognobilium
2157 2146 143 90 simu-

582 2210 241 98 lacrorum
763 2210 201 98 genera
904 2210 221 98 euocat.
1064 2210 121 98 Ex
1125 2210 141 98 quo
1205 2210 201 98 quidem
1346 2210 261 98 intelligi
1547 2210 221 98 necesse
1708 2210 141 98 est
1788 2210 282 98 quodcumque
2010 2210 121 98 in
2070 2210 181 98 uitae
2170 2210 121 98 cur-

572 2272 208 99 riculo
718 2272 312 99 percipitur,
967 2272 125 99 id
1029 2272 208 99 specie
1175 2272 104 99 a
1216 2272 332 99 phantasmatum
1487 2272 208 99 genere
1632 2272 249 99 seuocata
1819 2272 249 99 percipi.
2006 2272 125 99 At
2068 2272 145 99 cum
2131 2272 166 99 nullum

582 2353 268 83 eiusmodi
782 2353 290 83 specierum
1005 2353 223 83 genus,
1162 2353 156 83 uim
1251 2353 134 83 ad
1318 2353 156 83 dei
1407 2353 245 83 naturam
1585 2353 312 83 referendam
1831 2353 357 83 nanciscatur,
2121 2353 156 83 cum
2187 2353 112 83 na-

580 2416 165 86 tura
683 2416 267 86 sensilium
889 2416 185 86 rerum
1012 2416 288 86 longissime
1239 2416 103 86 a
1280 2416 144 86 dei
1362 2416 206 86 natura
1506 2416 206 86 absit,
1650 2416 288 86 perspicuum
1877 2416 165 86 esse
1979 2416 206 86 debet,
2103 2416 185 86 naturae

575 2474 248 93 notione
756 2474 203 93 nullo
891 2474 180 93 modo
1003 2474 135 93 in
1071 2474 180 93 uita
1183 2474 135 93 ab
1251 2474 248 93 hominum
1431 2474 225 93 genere
1588 2474 293 93 intelligi
1813 2474 203 93 posse
1948 2474 203 93 deum.
2061 2474 225 93 Siquidem

580 2538 165 108 quod
683 2538 144 108 est
766 2538 289 108 superioris
993 2538 227 108 naturae
1158 2538 268 108 proprium,
1364 2538 227 108 nunquam
1529 2538 289 108 assequitur
1756 2538 206 108 natura
1900 2538 268 108 inferior,
2106 2538 165 108 nisi
2189 2538 103 108 su-

572 2630 242 75 perioris
753 2630 182 75 actio
874 2630 323 75 consequatur,
1137 2630 303 75 quemadmodum
1379 2630 161 75 aqua
1479 2630 161 75 nisi
1580 2630 182 75 ignis
1701 2630 222 75 actione
1863 2630 141 75 non
1943 2630 282 75 feruescit.
2145 2630 141 75 Prae-

585 2670 177 96 terea
703 2670 275 96 quodcunque
919 2670 118 96 ad
978 2670 118 96 id
1037 2670 255 96 effertur,
1233 2670 157 96 quod
1332 2670 236 96 terminis
1508 2670 216 96 naturae
1666 2670 157 96 suae
1764 2670 275 96 egreditur,
1980 2670 216 96 necesse
2137 2670 157 96 est,
2215 2670 79 96 ut

567 2752 199 82 illius
706 2752 199 82 habitu
846 2752 299 82 informetur,
1085 2752 159 82 quod
1184 2752 179 82 fines
1304 2752 219 82 naturae
1463 2752 159 82 suae
1562 2752 239 82 transit.
1742 2752 199 82 Quando
1881 2752 159 82 enim
1980 2752 139 82 dei
2060 2752 199 82 abdita
2179 2752 100 82 ab-

574 2806 271 91 strusaque
782 2806 229 91 natura,
949 2806 125 91 ab
1012 2806 229 91 hominum
1178 2806 354 91 intelligentia
1470 2806 312 91 percipitur,
1720 2806 146 91 tum
1803 2806 146 91 sit
1886 2806 167 91 ipsa
1990 2806 208 91 natura
2115 2806 167 91 intel-

570 2875 296 89 ligentiae
798 2875 205 89 forma
934 2875 341 89 cognobilis.
1207 2875 136 89 Ex
1275 2875 159 89 quo
1366 2875 273 89 praedare
1571 2875 296 89 intelligi
1798 2875 227 89 potest
1935 2875 341 89 informationem

562 2957 209 86 supra
701 2957 417 86 intelligentiae
1049 2957 301 86 complexum
1280 2957 185 86 esse
1396 2957 348 86 necessariam
1674 2957 162 86 qua
1767 2957 255 86 tanquam
1953 2957 232 86 quodam
2092 2957 185 86 aestu-

571 3014 194 101 supra
701 3014 366 101 mortanlitatem
1002 3014 366 101 intelligentia
1304 3014 280 101 tollatur,
1519 3014 172 101 quae
1627 3014 237 101 quidem,
1799 3014 237 101 gratia,
1972 3014 151 101 non
2058 3014 215 101 natura
2187 3014 108 101 pa-

556 3072 236 110 ratur.
722 3072 165 110 Sed
816 3072 189 110 deum
934 3072 212 110 esse,
1075 3072 330 110 rationibus
1335 3072 259 110 probari
1523 3072 212 110 posse
1665 3072 283 110 dicimus.
1877 3072 165 110 Nam
1971 3072 165 110 cum
2042 3072 236 110 oculorum
