2453 3826
601 273 221 139 mentem,
762 273 201 139 libera
903 273 261 139 potestate
1104 273 221 139 orbari.
1264 273 141 139 Sed
1345 273 181 139 illud
1466 273 241 139 forsitan
1646 273 322 139 perquirendum
1908 273 161 139 est,
2008 273 141 139 num
2089 273 201 139 certus
2209 273 101 139 se-

603 352 246 117 lectorum
788 352 226 117 numerus
952 352 246 117 dicatur.
1137 352 246 117 Aureolus
1321 352 164 117 enim
1424 352 185 117 quasi
1547 352 164 117 auri
1650 352 185 117 stipe
1773 352 287 117 disserendi
1998 352 287 117 fundamenta
2203 352 103 117 in-

596 416 223 112 choarit,
764 416 111 112 ei
819 416 186 112 dicit,
949 416 130 112 qui
1024 416 260 112 conseruare
1228 416 242 112 uniuersos
1414 416 353 112 foelicitatisque
1711 416 223 112 compotes
1879 416 167 112 fieri
1990 416 186 112 uelit,
2120 416 149 112 haud
2195 416 111 112 qua-

603 481 156 122 quam
701 481 156 122 esse
799 481 332 122 consentaneum,
1072 481 117 122 ut
1130 481 273 122 selectorum
1345 481 215 122 numerum
1501 481 332 122 circunscribat
1774 481 137 122 cum
1852 481 176 122 magis
1969 481 137 122 sua
2047 481 215 122 referat
2184 481 117 122 uni-

594 556 212 115 uersos
742 556 170 115 sine
848 556 297 115 exceptione
1082 556 297 115 conseruari
1315 556 212 115 uelle.
1464 556 127 115 At
1528 556 149 115 cum
1613 556 127 115 id
1676 556 170 115 deum
1782 556 212 115 maxime
1931 556 212 115 decere
2080 556 212 115 putet,
2207 556 106 115 fa-

606 628 160 114 cile
706 628 260 114 intelligi
906 628 200 114 debere
1046 628 200 114 dicit,
1186 628 120 114 ab
1246 628 120 114 eo
1306 628 280 114 selectorum
1526 628 220 114 numerum
1686 628 180 114 nullo
1806 628 160 114 modo
1906 628 340 114 circumscribi.
2166 628 140 114 Idque

596 686 169 103 etiam
709 686 207 103 arctius
859 686 263 103 astringit.
1066 686 131 103 nam
1141 686 113 103 si
1197 686 150 103 deus
1291 686 207 103 inquit,
1441 686 263 103 selectorum
1648 686 207 103 numerum
1798 686 376 103 circunscriberet,
2098 686 207 103 necessa

604 753 137 108 rio
683 753 216 108 quosdam
840 753 274 108 seligeret,
1055 753 216 108 quosdam
1212 753 255 108 reijceret
1408 753 118 108 ad
1467 753 176 108 necem
1584 753 98 108 .
1623 753 118 108 at
1682 753 137 108 cum
1760 753 274 108 periniquum
1976 753 137 108 sit
2054 753 196 108 fateri
2172 753 137 108 quos-

606 817 170 107 dam,
712 817 106 107 a
754 817 149 107 deo
839 817 127 107 ad
903 817 212 107 mortem
1052 817 340 107 praesignando
1328 817 255 107 detrudi,
1519 817 297 107 periniquum
1753 817 191 107 etiam
1880 817 212 107 uideri
2029 817 212 107 debet,
2156 817 149 107 uolun

606 885 187 105 tario
731 885 167 105 motu
835 885 125 105 ab
898 885 125 105 eo
960 885 333 105 circunscribi
1231 885 250 105 numerum,
1418 885 104 105 &
1460 885 229 105 quosdam
1626 885 271 105 cooptari,
1834 885 104 105 &
1876 885 229 105 quosdam
2042 885 250 105 explodi,
2209 885 104 105 cum

596 948 184 123 magis
718 948 122 123 ad
779 948 265 123 ueritatis
983 948 347 123 similitudinem
1269 948 245 123 accedat,
1452 948 122 123 ab
1513 948 122 123 eo
1575 948 265 123 uniuersos
1779 948 122 123 ad
1840 948 184 123 uitam
1962 948 286 123 designari.
2166 948 143 123 Atque

599 1016 188 109 etiam
725 1016 188 109 multi
850 1016 209 109 certam
996 1016 209 109 numeri
1143 1016 209 109 summam
1289 1016 146 109 non
1372 1016 272 109 deducunt,
1581 1016 125 109 ut
1644 1016 125 109 si
1707 1016 251 109 dicatur,
1895 1016 209 109 certum
2041 1016 188 109 esse,
2146 1016 167 109 centum

593 1087 156 99 aut
682 1087 200 99 mille
815 1087 267 99 hominum,
1016 1087 156 99 non
1105 1087 223 99 Fabium
1261 1087 156 99 aut
1350 1087 245 99 Curtium
1528 1087 334 99 conseruatum
1795 1087 178 99 iri,
1906 1087 178 99 quod
2018 1087 223 99 quidem
2151 1087 156 99 nulli

607 1147 159 115 sane
707 1147 299 115 theologorum
946 1147 219 115 placet.
1105 1147 120 115 Ex
1165 1147 139 115 quo
1244 1147 159 115 erit
1344 1147 259 115 confiteri
1543 1147 239 115 necesse,
1722 1147 219 115 auctori
1882 1147 139 115 deo
1961 1147 359 115 praesignatorum
2240 1147 80 115 nu

603 1223 185 107 merum
727 1223 165 107 esse
830 1223 206 107 certum
974 1223 144 107 sed
1057 1223 350 107 intelligendum
1345 1223 144 107 est
1428 1223 144 107 deo
1510 1223 144 107 non
1593 1223 165 107 modo
1696 1223 309 107 cognitione,
1943 1223 144 107 qua
2025 1223 247 107 scilicet
2190 1223 124 107 per-

601 1282 158 103 inde
700 1282 335 103 praesignatos,
976 1282 118 103 ut
1035 1282 256 103 harenarum
1232 1282 217 103 numerum
1390 1282 315 103 internoscat,
1646 1282 138 103 sed
1725 1282 177 103 etiam
1843 1282 276 103 selectione
2060 1282 197 103 certum
2198 1282 158 103 esse

594 1351 267 100 numerum.
794 1351 200 100 Quare
928 1351 134 100 ut
995 1351 334 100 Architector
1262 1351 334 100 praefinitum
1529 1351 245 100 modulum
1708 1351 134 100 in
1774 1351 334 100 aedificandi
2019 1351 290 100 descriptio-

599 1415 130 107 ne
664 1415 260 107 metitur,
860 1415 369 107 praefinitaque
1164 1415 282 107 membrorum
1381 1415 217 107 genera
1533 1415 304 107 describit,
1771 1415 152 107 nec
1858 1415 391 107 circumscriptum
2162 1415 152 107 lapi-

595 1479 149 96 dum
680 1479 234 96 numerum
850 1479 276 96 secernit,
1063 1479 149 96 sed
1148 1479 213 96 tantum
1296 1479 255 96 arripit,
1488 1479 234 96 quantum
1658 1479 149 96 sit
1743 1479 128 96 ad
1807 1479 298 96 cumulandam
2041 1479 255 96 parietum
2211 1479 106 96 men

605 1575 204 82 sionem
747 1575 204 82 satis,
890 1575 143 82 sic
972 1575 163 82 deum
1073 1575 224 82 uolumus
1237 1575 122 82 in
1298 1575 183 82 rerum
1420 1575 326 82 uniuersitate
1685 1575 224 82 metiri.
1848 1575 204 82 Etenim
1991 1575 204 82 auctor
2134 1575 163 82 ille
2215 1575 102 82 re-

598 1612 154 102 rum
686 1612 176 102 deus
796 1612 220 102 mundum
950 1612 264 102 efficere
1148 1612 242 102 uolens,
1324 1612 242 102 statuit
1501 1612 154 102 qua
1589 1612 286 102 mensione,
1809 1612 154 102 quo
1897 1612 242 102 numero,
2073 1612 198 102 rerum
2183 1612 132 102 uni-

604 1683 238 107 uersitas
783 1683 337 107 contineretur,
1060 1683 119 107 ut
1120 1683 238 107 scilicet
1298 1683 159 107 quot
1397 1683 198 107 essent
1536 1683 258 107 astrorum,
1734 1683 297 107 sphaerarum,
1972 1683 139 107 uel
2031 1683 278 107 primordiorum

601 1747 213 116 genera
750 1747 234 116 futura,
920 1747 128 116 at
984 1747 362 116 tabescibilium
1282 1747 341 116 indiuiduorum
1559 1747 234 116 genera,
1729 1747 170 116 haud
1836 1747 234 116 quaquam
2006 1747 128 116 in
2070 1747 213 116 primis
2198 1747 106 116 sed

614 1813 199 97 tanquam
758 1813 199 97 minoris
903 1813 199 97 gentium
1047 1813 108 97 in
1102 1813 289 97 uniuersitate
1337 1813 271 97 constituit.
1553 1813 181 97 itaque
1680 1813 145 97 quam
1770 1813 145 97 quam
1860 1813 163 97 horum
1969 1813 199 97 generum
2113 1813 199 97 numerum
2240 1813 72 97 ei

600 1881 209 99 notum
739 1881 186 99 esse
855 1881 348 99 affirmamus,
1134 1881 186 99 haud
1250 1881 209 99 tamen
1389 1881 278 99 pecudum,
1598 1881 325 99 formicarum
1853 1881 162 99 aut
1946 1881 255 99 culicum
2108 1881 209 99 numerum

602 1946 171 102 ante
708 1946 320 102 constitutum
964 1946 171 102 esse
1071 1946 256 102 dicimus,
1263 1946 149 102 sed
1349 1946 213 102 tantum
1498 1946 256 102 eiusmodi
1690 1946 235 102 generis
1861 1946 128 102 ab
1925 1946 128 102 eo
1989 1946 213 102 fuisse
2117 1946 192 102 eductum

605 2038 237 82 quantum
777 2038 194 82 esset
906 2038 129 82 ad
970 2038 237 82 speciem
1142 2038 344 82 conseruandam
1422 2038 215 82 satis.
1572 2038 129 82 At
1637 2038 151 82 cum
1723 2038 129 82 in
1787 2038 172 82 omni
1895 2038 280 82 creatarum
2110 2038 194 82 rerum
2217 2038 86 82 ge

602 2086 176 98 nere,
720 2086 196 98 natura
857 2086 235 98 rationis
1033 2086 215 98 compos,
1190 2086 117 98 in
1249 2086 255 98 primisque
1444 2086 117 98 ea
1503 2086 157 98 quae
1601 2086 137 98 sit
1679 2086 313 98 foelicitatis
1934 2086 196 98 capax,
2071 2086 117 98 ad
2110 2086 196 98 uniuersi

598 2141 191 98 tatis
725 2141 297 98 probitatem
958 2141 297 98 statuatur,
1191 2141 339 98 consentaneum
1467 2141 212 98 uideri
1615 2141 212 98 debet,
1764 2141 297 98 generatori
1997 2141 148 98 deo
2061 2141 254 98 praesigna-

599 2213 196 98 torum
730 2213 196 98 notum
860 2213 174 98 esse
969 2213 261 98 numerum.
1165 2213 152 98 Sed
1252 2213 239 98 interim
1426 2213 196 98 causa
1557 2213 283 98 indagandi
1774 2213 218 98 datur,
1926 2213 152 98 num
2013 2213 283 98 molitoris
2209 2213 109 98 dei

600 2279 287 101 uoluntate
821 2279 221 101 quidam
975 2279 353 101 improbentur,
1262 2279 110 101 &
1306 2279 287 101 quorundam
1527 2279 265 101 selectus
1725 2279 287 101 habeatur.
1946 2279 132 101 In
2012 2279 265 101 eiusmodi
2189 2279 132 101 enim

603 2380 312 62 quaestione
848 2380 289 62 Aureolus,
1070 2380 134 62 d.
1137 2380 223 62 Thomae
1293 2380 245 62 gloriae
1471 2380 334 62 ambitiosius
1738 2380 334 62 obtrectans,
2005 2380 156 62 hoc
2094 2380 178 62 modo
2183 2380 134 62 con-

610 2439 221 61 cludit
765 2439 199 61 Omnis
897 2439 155 61 qui
985 2439 309 61 uoluntario
1228 2439 177 61 motu
1339 2439 133 61 in
1405 2439 243 61 alterum
1582 2439 376 61 animaduertit,
1891 2439 221 61 eumque
2046 2439 133 61 in
2090 2439 221 61 tabifica

603 2472 244 103 scelerum
785 2472 203 103 genera
928 2472 264 103 incurrere
1131 2472 203 103 sinit,
1273 2472 142 103 quo
1354 2472 244 103 puniendi
1537 2472 142 103 aut
1618 2472 264 103 plectendi
1821 2472 284 103 occasionem
2024 2472 284 103 nanciscatur,

602 2541 198 92 saeuus
741 2541 179 92 omino
860 2541 99 92 &
900 2541 198 92 imanis
1039 2541 198 92 uideri
1177 2541 198 92 debet,
1316 2541 139 92 cum
1396 2541 258 92 tormentis
1594 2541 99 92 &
1634 2541 179 92 poena
1753 2541 238 92 pascatur
1931 2541 99 92 .
1971 2541 119 92 at
2030 2541 119 92 si
2090 2541 159 92 deus
2169 2541 139 92 uolun

595 2615 189 87 tario
721 2615 168 87 motu
826 2615 231 87 quosdam
994 2615 273 87 improbare
1203 2615 294 87 diceretur,
1434 2615 231 87 necesse
1602 2615 189 87 esset
1728 2615 189 87 etiam
1854 2615 210 87 fateri
2000 2615 147 87 eum
2063 2615 252 87 saeuiendi-

604 2697 258 76 uoluptate
803 2697 278 76 delectari,
1021 2697 119 76 ac
1081 2697 238 76 crudelem
1259 2697 278 76 immanemque
1478 2697 199 76 uideri
1617 2697 139 76 quo
1696 2697 179 76 nihil
1816 2697 159 76 dici
1915 2697 199 76 potest
2054 2697 119 76 in
2113 2697 159 76 tota
2193 2697 119 76 dei-

607 2773 188 66 natura
739 2773 263 66 absurdius.
946 2773 169 66 Atque
1058 2773 169 66 etiam
1171 2773 188 66 inquit
1303 2773 150 66 quam
1397 2773 150 66 quam
1491 2773 150 66 sine
1585 2773 207 66 iniuria
1735 2773 207 66 figulus
1886 2773 113 66 ex
1942 2773 169 66 eadem
2055 2773 169 66 creta
2149 2773 169 66 quaedam

609 2812 232 93 escaria
777 2812 189 93 uasa,
904 2812 232 93 quaedam
1072 2812 295 93 latrinaria
1304 2812 232 93 tornet,
1472 2812 105 93 &
1514 2812 295 93 uitriarius
1746 2812 232 93 cyathum
1914 2812 105 93 &
1956 2812 232 93 matulam
2125 2812 168 93 sine
2209 2812 105 93 in-

605 2877 186 93 iuria
729 2877 248 93 comflet,
915 2877 165 93 haud
1018 2877 186 93 tamen
1142 2877 165 93 idem
1245 2877 144 93 his
1328 2877 248 93 accidere
1513 2877 227 93 potest,
1678 2877 144 93 qui
1761 2877 227 93 bonorum
1926 2877 103 93 &
1967 2877 248 93 malorum,
2132 2877 186 93 honorum

590 2943 103 82 &
632 2943 310 82 contumeliae
880 2943 207 82 genera
1024 2943 310 82 secernunt,.
1272 2943 145 82 nec
1355 2943 165 82 enim
1458 2943 227 82 homines
1623 2943 165 82 sine
1727 2943 248 82 iniuria,
1912 2943 207 82 debita
2036 2943 269 82 absolutione

597 3006 284 97 fraudantur,
824 3006 132 97 aut
899 3006 113 97 in
956 3006 189 97 tentro
1089 3006 321 97 sempiternoque
1353 3006 246 97 erumnarum
1542 3006 189 97 angore
1674 3006 246 97 uersantur
1863 3006 95 97 .
1901 3006 189 97 igitur
2034 3006 132 97 nec
2109 3006 151 97 deus
2185 3006 132 97 uolum
