2453 3826
613 261 211 137 causa,
761 261 148 137 qui
845 261 274 137 ientantes
1056 261 105 137 &
1098 261 253 137 potantes
1288 261 358 137 flagitiosaque
1583 261 253 137 libidine
1773 261 253 137 ardentes
1963 261 295 137 induxerunt
2173 261 148 137 deosi

1152 346 270 102 DE
1242 346 541 102 TRINITATE.

1051 413 691 101 DISTINCTIO
1544 413 346 101 NONA.

878 482 224 118 Actenus
1041 482 122 118 de
1102 482 143 118 dei
1183 482 204 118 natura
1326 482 367 118 conscripsimus,
1631 482 163 118 nunc
1733 482 244 118 sequitur
1917 482 122 118 ut
1978 482 122 118 ea
2039 482 204 118 diuina
2161 482 163 118 genera

853 550 338 115 apersequamur,
1132 550 199 115 quibus
1271 550 159 115 deum
1371 550 159 115 unum
1470 550 100 115 &
1510 550 199 115 trinum
1649 550 159 115 esse
1749 550 279 115 ostenditur
1968 550 119 115 de
2027 550 139 115 qua
2107 550 199 115 quidem
2226 550 100 115 re.

865 626 187 108 magna
990 626 228 108 hominem
1155 626 290 108 certatione
1383 626 269 108 pugnatur.
1591 626 145 108 Nam
1674 626 311 108 literatores
1922 626 207 108 multi,
2067 626 145 108 qui
2129 626 187 108 tanquam

873 699 217 95 tubera
1025 699 173 95 sine
1133 699 217 95 radice
1285 699 238 95 uiuunt,
1458 699 130 95 id
1523 699 130 95 ob
1588 699 152 95 eam
1675 699 217 95 causam
1827 699 238 95 negant,
2000 699 282 95 propterea
2195 699 130 95 quod

614 751 198 108 minime
753 751 158 108 esse
852 751 178 108 posse
971 751 317 108 arbitrentur.
1228 751 238 108 Nonnulli
1407 751 158 108 vero
1506 751 139 108 dum
1585 751 198 108 habent
1724 751 198 108 ratum,
1862 751 158 108 quod
1961 751 277 108 probarint,
2179 751 99 108 &
2199 751 119 108 fal-

626 826 141 100 sum
707 826 161 100 quod
807 826 282 100 opinatione
1029 826 323 100 suspicantur,
1291 826 282 100 foedissime
1513 826 121 100 in
1574 826 141 100 dei
1654 826 202 100 natura
1796 826 262 100 labuntur.
1997 826 262 100 Quibusdam
2179 826 141 100 etiam

620 883 137 106 qui
699 883 117 106 ne
757 883 176 106 ignem
874 883 195 106 quidem
1011 883 195 106 calere
1148 883 215 106 putant,
1304 883 156 106 nisi
1402 883 137 106 eum
1480 883 176 106 manum
1597 883 352 106 contrectarint,
1890 883 176 106 nihil
2007 883 254 106 credendum
2203 883 156 106 esse

621 950 202 111 placet
762 950 162 111 quod
863 950 182 111 supra
984 950 343 111 progredientem
1267 950 222 111 naturam
1429 950 263 111 uideatur.
1630 950 242 111 Multorum
1812 950 202 111 quoque
1954 950 202 111 studia
2075 950 242 111 tardantur.

626 1013 144 115 que
709 1013 123 115 id
770 1013 226 115 credere
935 1013 226 115 nolint,
1099 1013 164 115 quod
1202 1013 185 115 minus
1325 1013 144 115 sub
1408 1013 185 115 eorum
1531 1013 308 115 cognitionem
1778 1013 185 115 cadat
1901 1013 164 115 quae
2004 1013 206 115 quidem
2127 1013 185 115 errorum

625 1080 233 112 prauitas
799 1080 117 112 ex
858 1080 272 112 ingeniorum
1071 1080 330 112 imbecillitate
1343 1080 253 112 defluxit.
1538 1080 233 112 siquidem
1713 1080 136 112 cum
1790 1080 214 112 sensuum
1946 1080 272 112 angustiae,
2160 1080 117 112 ex
2198 1080 117 112 qui-

617 1148 143 100 bus
698 1148 225 100 hominum
862 1148 225 100 agnitio
1025 1148 245 100 eruitur,
1209 1148 122 100 in
1270 1148 286 100 externorum
1494 1148 265 100 sensilium
1699 1148 204 100 genere
1841 1148 286 100 uersentur,
2066 1148 184 100 satis
2168 1148 143 100 notum

615 1215 151 109 esse
710 1215 189 109 debet,
842 1215 151 109 his,
937 1215 208 109 tanquam
1088 1215 284 109 compedibus,
1315 1215 341 109 intelligentiae
1599 1215 189 109 cursum
1731 1215 265 109 retardari,
1940 1215 246 109 diuinaque
2110 1215 208 109 capessere

608 1285 248 93 nequire.
795 1285 124 93 At
857 1285 166 93 mihi
960 1285 207 93 quidem
1105 1285 186 93 nullo
1229 1285 166 93 modo
1333 1285 331 93 consentaneum
1602 1285 207 93 uideri
1747 1285 207 93 solet,
1891 1285 228 93 quoniam
2057 1285 186 93 multa
2160 1285 166 93 inter-

619 1355 148 94 dum
703 1355 338 94 incredibilia
978 1355 296 94 uideantur,
1211 1355 127 94 ea
1275 1355 190 94 fieri
1401 1355 190 94 posse
1528 1355 233 94 negare.
1698 1355 148 94 nam
1782 1355 190 94 eodem
1909 1355 169 94 modo
2015 1355 148 94 nec
2078 1355 233 94 credendum

607 1435 193 85 esset,
742 1435 135 85 aut
819 1435 116 85 ab
876 1435 212 85 electro
1030 1435 212 85 paleam,
1185 1435 135 85 aut
1262 1435 212 85 ferrum,
1416 1435 96 85 a
1454 1435 212 85 magnete
1608 1435 193 85 trahi,
1743 1435 135 85 cum
1820 1435 154 85 illi
1917 1435 212 85 lapideo
2071 1435 193 85 rigori
2186 1435 135 85 nulla

603 1483 195 94 inesse
740 1483 234 94 appareat
916 1483 234 94 rapiendi
1091 1483 156 94 uis,
1189 1483 137 94 nec
1267 1483 195 94 ferrum
1403 1483 215 94 ductile
1559 1483 195 94 suapte
1696 1483 195 94 natura
1832 1483 273 94 uideatur,.
2047 1483 137 94 nec
2125 1483 156 94 item
2203 1483 117 94 cen-

603 1551 202 94 sendum
744 1551 182 94 esset
865 1551 121 94 ab
925 1551 222 94 iaspide
1087 1551 282 94 defluentem
1309 1551 182 94 sisti
1430 1551 282 94 sanguinem,
1652 1551 161 94 quae
1752 1551 161 94 enim
1853 1551 161 94 esse
1954 1551 202 94 potest
2095 1551 202 94 lapidi
2216 1551 101 94 cum

611 1616 256 97 sanguine
803 1616 277 97 cognatio:
1016 1616 192 97 Atque
1144 1616 192 97 etiam
1272 1616 171 97 quis
1379 1616 235 97 credere
1550 1616 256 97 deberet,
1742 1616 107 97 a
1784 1616 363 97 struthocamelo
2083 1616 256 97 concoqui
2254 1616 64 97 &

610 1675 229 105 molliri
777 1675 229 105 ferrum,
943 1675 104 105 a
985 1675 187 105 leone
1110 1675 250 105 concoqui
1297 1675 250 105 nequire:
1485 1675 146 105 cum
1568 1675 187 105 multo
1693 1675 146 105 sit
1776 1675 208 105 leonis
1922 1675 167 105 quam
2006 1675 312 105 struthocameli

611 1770 195 78 natura
748 1770 273 78 feruidior:
963 1770 254 78 nihiloque
1158 1770 234 78 facilius
1334 1770 313 78 existimandum
1588 1770 195 78 esset,
1725 1770 215 78 cyathum
1881 1770 195 78 cinere
2018 1770 215 78 fartum,
2155 1770 156 78 tantum

601 1812 152 97 dem
688 1812 195 97 aquae
818 1812 260 97 refertum
1013 1812 174 97 quam
1122 1812 282 97 exhaustum
1339 1812 217 97 capere
1491 1812 108 97 :
1534 1812 260 97 Eodemque
1729 1812 174 97 modo
1838 1812 152 97 nec
1925 1812 260 97 putandum
2120 1812 130 97 ab
2163 1812 152 97 Echi-

615 1883 195 86 naeide
751 1883 253 86 pisciculo
945 1883 234 86 uolantia
1121 1883 214 86 nauigia
1276 1883 175 86 sisti
1393 1883 156 86 quae
1490 1883 156 86 enim
1588 1883 136 86 uis
1666 1883 234 86 tantillo
1841 1883 253 86 pisciculo
2035 1883 195 86 inesse
2152 1883 156 86 potest

602 1944 198 91 contra
741 1944 198 91 tantum
879 1944 316 91 impellentium
1136 1944 217 91 remigum
1294 1944 237 91 conatum,
1472 1944 198 91 contra
1610 1944 138 91 tam
1689 1944 198 91 uarios
1828 1944 237 91 ruentium
2006 1944 237 91 uentorum
2164 1944 138 91 impe-

608 2018 158 90 tus,
707 2018 198 90 contra
845 2018 198 90 tantas
984 2018 257 90 procellas
1181 2018 277 90 aestuantis
1399 2018 198 90 maris:
1537 2018 158 90 quis
1636 2018 217 90 putaret
1794 2018 158 90 quae
1893 2018 138 90 nec
1972 2018 257 90 ancorarum
2150 2018 158 90 iactu.

607 2083 135 95 nec
684 2083 193 95 funium
819 2083 135 95 aut
896 2083 251 95 catenarum
1089 2083 154 95 nexu
1186 2083 309 95 continentur,
1437 2083 174 95 unius
1553 2083 251 95 pisciculi
1746 2083 174 95 adhae
1862 2083 135 95 sum
1939 2083 270 95 contineri:
2152 2083 154 95 Quod
2229 2083 77 95 si

606 2146 160 90 haec
706 2146 180 90 fieri
826 2146 220 90 uidemus
986 2146 220 90 naturae
1146 2146 340 90 progredientis
1426 2146 160 90 uia,
1526 2146 200 90 quorum
1666 2146 180 90 nulla
1786 2146 220 90 afferri
1946 2146 180 90 ratio
2066 2146 220 90 potest,
2206 2146 100 90 num

604 2228 331 75 existimandum
874 2228 145 75 est
956 2228 207 75 nobis,
1101 2228 228 75 quaedam
1267 2228 373 75 incredibiliora
1578 2228 124 75 in
1640 2228 145 75 dei
1723 2228 207 75 natura
1868 2228 269 75 existere,
2075 2228 166 75 quae
2158 2228 145 75 nullo

594 2271 173 96 modo
703 2271 152 96 sub
789 2271 238 96 hominis
963 2271 260 96 notionem
1158 2271 238 96 cadant:
1331 2271 195 96 Neque
1461 2271 173 96 enim
1569 2271 152 96 ego
1656 2271 152 96 fas
1743 2271 173 96 esse
1851 2271 195 96 puto,
1981 2271 152 96 cum
2068 2271 152 96 tam
2133 2271 173 96 uariae

601 2349 170 100 inter
714 2349 113 100 se
771 2349 283 100 uoluntates,
998 2349 208 100 tanquam
1149 2349 283 100 dissidentes
1375 2349 302 100 intelligendi
1620 2349 378 100 dissimilitudines
1941 2349 170 100 sint,
2055 2349 151 100 quod
2130 2349 170 100 cuiquam

591 2406 223 102 tanquam
753 2406 182 102 ratum
874 2406 304 102 inhaeserit,
1118 2406 122 102 id
1178 2406 122 102 ab
1239 2406 122 102 eo
1300 2406 203 102 debere
1442 2406 324 102 pugnacissime
1705 2406 223 102 defendi
1867 2406 203 102 etenim
2009 2406 122 102 id
2070 2406 162 102 quod
2151 2406 142 102 saepe

592 2474 206 87 facile
737 2474 124 87 in
798 2474 247 87 alterius
984 2474 206 87 sensum
1128 2474 247 87 irrepit,
1314 2474 124 87 ab
1376 2474 206 87 altero
1520 2474 227 87 percipi
1685 2474 185 87 nullo
1808 2474 165 87 modo
1911 2474 227 87 potest.
2076 2474 124 87 An
2118 2474 185 87 censen-

590 2544 137 89 dum
669 2544 137 89 est
747 2544 176 89 solis
865 2544 137 89 aut
943 2544 176 89 lunae
1060 2544 235 89 naturam,
1237 2544 215 89 perinde
1393 2544 117 89 in
1452 2544 255 89 opilionis
1648 2544 117 89 ut
1707 2544 117 89 in
1765 2544 215 89 eruditi
1922 2544 352 89 intelligentiam
2196 2544 98 89 in-

590 2617 234 87 fluere:
760 2617 106 87 &
802 2617 212 87 rursum
951 2617 212 87 eandem
1099 2617 191 87 aeque
1227 2617 234 87 erudito
1397 2617 127 87 ac
1460 2617 297 87 philolopho
1694 2617 255 87 liquere:
1885 2617 149 87 Num
1970 2617 234 87 igitur,
2119 2617 191 87 quoniam

584 2672 190 92 multa
711 2672 254 92 interdum
901 2672 106 92 a
943 2672 296 92 philolopho
1176 2672 254 92 dicantur
1366 2672 169 92 quae
1472 2672 254 92 alterius
1663 2672 381 92 intelligentiam
1980 2672 254 92 fugiant,
2149 2672 148 92 dicen

582 2743 152 85 dum
669 2743 195 85 erit,
799 2743 130 85 ea
864 2743 195 85 credi
994 2743 152 85 non
1081 2743 239 85 debere:
1255 2743 130 85 Ac
1320 2743 217 85 rursum
1472 2743 130 85 si
1537 2743 152 85 qua
1624 2743 260 85 interdum
1819 2743 260 85 inducat,
2014 2743 174 85 quae
2101 2743 195 85 suprana

583 2806 197 83 turae
715 2806 285 83 complexum
934 2806 307 83 uideantur,
1175 2806 132 83 ob
1241 2806 153 83 eam
1328 2806 219 83 causam
1482 2806 241 83 neganda
1657 2806 307 83 putabimus,
1898 2806 285 83 propterea
2118 2806 153 83 que
2183 2806 110 83 ra-

577 2864 189 93 tione
703 2864 252 93 indagari
892 2864 273 93 nequeant:
1101 2864 126 93 An
1164 2864 147 93 non
1248 2864 168 93 usum
1353 2864 252 93 cernimus
1542 2864 378 93 intelligentiam
1857 2864 126 93 in
1919 2864 168 93 ueri
2024 2864 231 93 iudicio
2171 2864 126 93 per-

584 2937 272 86 noscendo,
794 2937 251 86 caligine
982 2937 251 86 offundi:
1171 2937 126 86 an
1234 2937 147 86 non
1317 2937 230 86 uidemus
1485 2937 189 86 multa
1611 2937 126 86 in
1673 2937 251 86 lapidum,
1862 2937 230 86 aquarum
2030 2937 147 86 uel
2092 2937 210 86 herbarum

579 3012 196 104 genere
716 3012 254 104 ignorari:
912 3012 176 104 Atqui
1030 3012 157 104 haud
1128 3012 137 104 tij
1206 3012 176 104 sequi
1323 3012 235 104 dicimus,
1499 3012 117 104 si
1558 3012 117 104 ea
1617 3012 176 104 minus
1734 3012 137 104 sub
1813 3012 176 104 aciem
1930 3012 352 104 intelligentiae
2204 3012 98 104 ca
