2453 3826
604 274 131 119 so
670 274 174 119 modo
778 274 261 119 eiusmodi
974 274 370 119 progressionem
1279 274 305 119 definimus,
1518 274 261 119 quatenus
1714 274 131 119 in
1779 274 196 119 rerum
1910 274 326 119 corporearum
2149 274 174 119 natura

602 346 263 111 uersatur,
804 346 142 111 sed
885 346 303 111 dimanatione
1128 346 162 111 quae
1229 346 263 111 intelligi
1431 346 222 111 potest,
1593 346 243 111 metimur,
1775 346 121 111 ut
1836 346 202 111 uerbum
1977 346 101 111 a
2018 346 263 111 loquente,
2200 346 121 111 quod

611 410 259 117 intelligi
810 410 219 117 potest,
969 410 119 117 in
1029 410 179 117 eoque
1149 410 239 117 insidet.
1328 410 119 117 Ex
1387 410 139 117 quo
1467 410 179 117 sciri
1586 410 179 117 debet
1706 410 179 117 uerbi
1825 410 299 117 prooressum,
2044 410 279 117 generationem

609 471 130 114 in
674 471 152 114 dei
761 471 217 114 natura
913 471 238 114 uocari,
1086 471 282 114 uerbumque
1303 471 260 114 dimanans
1498 471 260 114 nominari
1693 471 238 114 filium.
1867 471 195 114 Quare
1997 471 152 114 non
2084 471 173 114 sine
2170 471 152 114 causa

609 551 198 106 magno
741 551 286 106 certamine
961 551 308 106 disceptari
1204 551 220 106 solet,
1358 551 132 106 an
1424 551 264 106 spiritus
1622 551 132 106 ut
1688 551 176 106 amor
1798 551 110 106 &
1842 551 264 106 uoluntas
2041 551 264 106 dimanet.
2217 551 110 106 Di-

612 615 150 111 uus
697 615 171 111 enim
804 615 214 111 Thomas
954 615 235 111 maturus
1125 615 107 111 &
1167 615 192 111 sanus
1296 615 278 111 theologus
1510 615 257 111 personam
1702 615 235 111 aliquam
1873 615 171 111 quam
1980 615 214 111 Graeci
2108 615 214 111 πρώσωπομ

619 672 207 110 uocant
764 672 207 110 amoris
909 672 186 110 modo,
1034 672 124 110 in
1096 672 145 110 dei
1179 672 207 110 natura
1324 672 249 110 progredi
1510 672 311 110 arbitratur.
1759 672 124 110 At
1821 672 269 110 acerrimus
2028 672 249 110 bellator
2194 672 124 110 Sco-

608 745 160 106 tus,
708 745 140 106 qui
788 745 180 106 uelut
908 745 200 106 ferrum
1048 745 140 106 usu
1128 745 320 106 splendescit,
1388 745 240 106 spiritum
1567 745 220 106 tanquam
1727 745 200 106 amoris
1867 745 180 106 actum
1987 745 240 106 dimanare
2147 745 180 106 censet,

606 802 267 125 affirmans
812 802 123 125 in
874 802 165 125 his,
977 802 165 125 quae
1080 802 123 125 in
1141 802 185 125 rerum
1265 802 267 125 diuinarum
1471 802 226 125 notione
1635 802 288 125 uersantur,
1861 802 226 125 diuorum
2026 802 206 125 coetum
2149 802 165 125 sequem

605 880 159 103 dum
696 880 182 103 esse
810 880 228 103 ducem,
970 880 159 103 qui
1061 880 137 103 in
1129 880 182 103 omni
1243 880 296 103 methodice
1471 880 319 103 Christiana
1722 880 273 103 spiritum
1927 880 228 103 amorem
2063 880 251 103 nominent.

617 940 255 106 Henricus
808 940 191 106 autem
936 940 149 106 qui
1021 940 276 106 peruenire
1233 940 128 106 ad
1297 940 340 106 triumuiratum
1574 940 213 106 cupit,
1723 940 128 106 ex
1786 940 149 106 his
1871 940 191 106 rebus
1999 940 276 106 affirmat,
2190 940 128 106 quae

609 1019 175 94 usum
719 1019 307 94 experimur,
959 1019 153 94 nos
1047 1019 219 94 debere
1200 1019 131 94 ad
1266 1019 241 94 naturae
1441 1019 241 94 diuinae
1616 1019 263 94 notionem
1813 1019 263 94 permeare
2010 1019 219 94 quando
2142 1019 175 94 quidem

594 1071 128 104 in
658 1071 192 104 nobis
786 1071 299 104 tergeminae
1020 1071 320 104 diuinitatis
1276 1071 299 104 simulacrum
1511 1071 256 104 insidere
1703 1071 256 104 dicatur.
1895 1071 128 104 At
1958 1071 149 104 cum
2044 1071 171 104 aiat
2150 1071 149 104 nos
2214 1071 107 104 du-

600 1174 174 74 plex
709 1174 218 74 amoris
862 1174 262 74 experiri
1058 1174 218 74 genus,
1211 1174 218 74 quorum
1363 1174 174 74 unus
1473 1174 349 74 blandissimus
1756 1174 131 74 ex
1821 1174 153 74 rei
1909 1174 262 74 obiectae
2083 1174 240 74 iuuitamen

599 1240 129 73 to
664 1240 259 73 oriatur,
858 1240 194 73 alter
987 1240 216 73 igneus
1138 1240 108 73 &
1181 1240 323 73 exardescens
1440 1240 172 73 sit,
1548 1240 151 73 quo
1634 1240 259 73 uoluntas
1828 1240 129 73 ad
1893 1240 151 73 rem
1979 1240 259 73 obiectam
2152 1240 172 73 impel-

601 1278 216 95 latur,
752 1278 259 95 utrumque
946 1278 280 95 anaiogica
1162 1278 302 95 collatione
1399 1278 129 95 in
1464 1278 151 95 deo
1550 1278 172 95 esse
1658 1278 280 95 opinatur.
1873 1278 151 95 Nos
1960 1278 172 95 uero
2067 1278 151 95 cum
2132 1278 194 95 dicamus

601 1340 253 98 quippiam
791 1340 253 98 ὀυσίωδαs
980 1340 211 98 amoris
1128 1340 379 98 diuinitatisque
1444 1340 169 98 actu
1549 1340 126 98 in
1612 1340 295 98 diuinitate
1844 1340 274 98 progredi,
2055 1340 211 98 facile
2181 1340 148 98 sequi

607 1401 263 103 uolumus,
804 1401 263 103 prosopon
1002 1401 241 103 aliquam
1177 1401 197 103 esse,
1309 1401 219 103 amoris
1462 1401 110 103 &
1506 1401 307 103 uoluntatis
1747 1401 351 103 progressione
2032 1401 263 103 manantem
2207 1401 110 103 sed

605 1467 144 117 cum
688 1467 288 117 perspicuum
914 1467 144 117 sit
997 1467 206 117 nullam
1141 1467 165 117 quam
1244 1467 165 117 spus
1347 1467 247 117 prosopon
1532 1467 227 117 uideri,
1697 1467 124 117 in
1759 1467 227 117 promptu
1924 1467 165 117 esse
2027 1467 247 117 dicimus,
2191 1467 124 117 spi-

605 1534 190 100 ritum
732 1534 212 100 amoris
880 1534 360 100 uoluntatisque
1176 1534 296 100 progressum
1409 1534 275 100 dimanare.
1620 1534 148 100 Sed
1705 1534 190 100 causa
1832 1534 190 100 Scoto
1958 1534 275 100 exoritur,
2170 1534 148 100 cur
2233 1534 85 100 no

594 1629 165 77 lit,
698 1629 103 77 a
739 1629 227 77 parente
904 1629 103 77 &
945 1629 186 77 filio
1069 1629 248 77 spiritum
1254 1629 206 77 natura
1399 1629 206 77 educi,
1543 1629 144 77 cui
1626 1629 144 77 ita
1708 1629 144 77 est
1791 1629 268 77 Gregorius
1997 1629 309 77 Ariminensis
2224 1629 103 77 as-

606 1667 237 106 sensus,
779 1667 130 106 ut
844 1667 151 106 nec
930 1667 151 106 eum
1017 1667 216 106 libere
1168 1667 259 106 dimanare
1362 1667 281 106 opinetur.
1578 1667 130 106 At
1643 1667 173 106 uero
1751 1667 151 106 cum
1837 1667 302 106 affirmamus
2075 1667 216 106 filium
2204 1667 108 106 in-

594 1733 354 110 telligentiae
882 1733 177 110 modo
992 1733 133 110 ut
1059 1733 244 110 uerbum,
1236 1733 133 110 ac
1302 1733 266 110 spiritum
1502 1733 310 110 uoluntatis
1745 1733 199 110 modo,
1878 1733 133 110 ut
1945 1733 221 110 amorem
2077 1733 244 110 progredi-

604 1804 231 94 necesse
772 1804 168 94 erit
877 1804 273 94 confiteri
1086 1804 210 94 nobis,
1233 1804 231 94 amorem,
1401 1804 105 94 a
1443 1804 189 94 uerbo
1569 1804 273 94 dimanare.
1779 1804 189 94 idque
1904 1804 210 94 maxime
2051 1804 189 94 rerum
2156 1804 168 94 ordine

610 1894 270 72 probatur.
818 1894 249 72 Siquidem
1005 1894 228 72 nunquam
1171 1894 228 72 cernere
1337 1894 208 72 licet,
1482 1894 125 72 ab
1544 1894 145 72 uno
1627 1894 187 72 plura
1752 1894 166 72 sine
1855 1894 208 72 ordine
2001 1894 270 72 progredi,
2187 1894 125 72 nisi

591 1933 117 102 in
650 1933 176 102 eorum
767 1933 215 102 genere,
923 1933 156 102 quae
1021 1933 176 102 inter
1138 1933 117 102 se
1197 1933 215 102 materia
1353 1933 273 102 differant,
1567 1933 117 102 ut
1626 1933 215 102 figulus
1782 1933 176 102 ollas
1899 1933 215 102 materia
2055 1933 176 102 inter
2172 1933 117 102 se
2211 1933 98 102 di-

603 2003 237 98 stinctas
781 2003 217 98 tornat,
939 2003 158 98 quae
1038 2003 178 98 inter
1157 2003 119 98 se
1216 2003 198 98 nullum
1354 2003 198 98 certum
1493 2003 217 98 ordinem
1651 2003 336 98 nanciscuntur,
1928 2003 119 98 at
1987 2003 119 98 in
2046 2003 138 98 his
2106 2003 217 98 generibus

592 2076 124 94 in
654 2076 206 94 quibus
798 2076 185 94 nulla
922 2076 144 94 est
1004 2076 247 94 materiae
1190 2076 268 94 distincta
1396 2076 309 94 descriptio,
1643 2076 206 94 semper
1787 2076 227 94 ordinem
1952 2076 247 94 reperiri
2117 2076 206 94 dicimus.

601 2130 178 109 Quod
712 2130 133 109 si
778 2130 133 109 ab
845 2130 155 109 una
934 2130 267 109 parentis
1134 2130 267 109 persona,
1334 2130 267 109 πρώσωπα,
1534 2130 178 109 duas
1645 2130 267 109 dimanare
1845 2130 378 109 affirmabimus,
2133 2130 178 109 faten-

592 2194 137 103 dum
671 2194 157 103 erit
769 2194 176 103 etiam
886 2194 98 103 a
925 2194 196 103 nobis,
1062 2194 117 103 in
1121 2194 137 103 his
1199 2194 215 103 ordinem
1356 2194 235 103 quempiam
1532 2194 235 103 uersari.
1708 2194 117 103 At
1767 2194 137 103 cum
1845 2194 196 103 nullum
1982 2194 137 103 his
2061 2194 215 103 praeter
2198 2194 117 103 natu

592 2263 136 92 rae
669 2263 214 92 ordinem
825 2263 214 92 ascribi
981 2263 175 92 posse
1098 2263 253 92 uideamus,
1293 2263 136 92 quo
1371 2263 156 92 unus
1468 2263 117 92 ab
1527 2263 195 92 altero
1663 2263 234 92 existit,
1838 2263 175 92 fieri
1955 2263 136 92 non
2033 2263 175 92 posse
2131 2263 175 92 scimus.

599 2329 118 103 ut
658 2329 197 103 filius
796 2329 99 103 &
836 2329 158 103 spus
935 2329 138 103 ita
1013 2329 99 103 a
1053 2329 217 103 parente
1211 2329 355 103 progrediantur,
1506 2329 118 103 ut
1566 2329 177 103 eorum
1684 2329 158 103 nemo
1783 2329 118 103 ab
1842 2329 197 103 altero
1980 2329 237 103 dimanet,
2157 2329 158 103 nisi
2236 2329 79 103 in

592 2399 144 102 his
675 2399 247 102 materiae
860 2399 267 102 distincta
1065 2399 288 102 descriptio
1292 2399 288 102 statuatur,
1518 2399 165 102 quod
1621 2399 185 102 fieri
1744 2399 165 102 ullo
1847 2399 165 102 modo
1950 2399 123 102 in
2012 2399 144 102 dei
2094 2399 206 102 natura
2217 2399 103 102 ne-

596 2462 181 96 quit.
717 2462 121 96 Ex
777 2462 141 96 quo
858 2462 141 96 fas
938 2462 161 96 erit
1039 2462 282 96 confiteri,
1261 2462 242 96 spiritum
1442 2462 101 96 a
1482 2462 181 96 filio
1603 2462 262 96 dimanare.
1804 2462 201 96 ltaque
1945 2462 121 96 ob
2006 2462 141 96 eam
2086 2462 201 96 causam
2207 2462 101 96 di-

599 2527 249 101 uinitati
786 2527 228 101 prosopa
952 2527 311 101 ascribimus,
1201 2527 353 101 inquirimusque
1491 2527 187 101 primo
1616 2527 124 101 an
1678 2527 145 101 hae
1761 2527 187 101 inter
1885 2527 124 101 se
1948 2527 249 101 aequales
2134 2527 166 101 esse
2217 2527 104 101 di-

595 2591 246 108 cantur.
773 2591 134 108 In
840 2591 156 108 quo
930 2591 156 108 non
1019 2591 223 108 desino
1175 2591 201 108 eorum
1309 2591 357 108 haereticorum
1599 2591 268 108 laetalem
1800 2591 447 108 stolidissimamque
2158 2591 156 108 super

591 2673 179 91 biam
703 2673 292 91 illudere,
927 2673 157 91 qui
1017 2673 292 91 opinionum
1241 2673 292 91 prauitate
1466 2673 314 91 lacerarunt
1712 2673 202 91 deum,
1847 2673 179 91 quod
1959 2673 179 91 enim
2071 2673 224 91 dolium
2206 2673 112 91 tam

594 2728 252 100 pertusum
783 2728 168 100 quam
888 2728 294 100 Macedonius
1119 2728 252 100 Pontifex
1308 2728 252 100 inueniri
1496 2728 231 100 potest,
1664 2728 147 100 cui
1748 2728 252 100 spiritus
1937 2728 147 100 non
2021 2728 231 100 uidetur
2168 2728 147 100 deuso

591 2797 137 97 aut
670 2797 156 97 quid
767 2797 195 97 Donato
904 2797 195 97 Numida
1040 2797 254 97 crassius,
1235 2797 117 97 qu
1294 2797 215 97 Africam
1450 2797 176 97 totam
1567 2797 137 97 hoc
1645 2797 176 97 tetro
1762 2797 195 97 latice
1898 2797 273 97 respersit,
2113 2797 117 97 ut
2152 2797 156 97 parent

599 2865 118 87 te
658 2865 216 87 filius,
816 2865 98 87 &
855 2865 177 87 spuns
973 2865 177 87 filio
1091 2865 177 87 minor
1209 2865 275 87 uideretur:
1425 2865 138 87 nam
1503 2865 157 87 quid
1602 2865 118 87 de
1661 2865 216 87 Eunomio
1818 2865 197 87 moroso
1955 2865 236 87 sophista
2132 2865 197 87 dicam,
2250 2865 59 87 a

598 2924 138 94 quo
677 2924 138 94 est
756 2924 276 94 diuinitati
973 2924 335 94 dissimilitudo
1249 2924 237 94 adiecta:
1427 2924 138 94 qud
1506 2924 335 94 Priscillianum
1782 2924 296 94 commemorem,
2019 2924 138 94 qui
2098 2924 118 94 ut
2137 2924 178 94 bigener

599 3020 226 84 quondam
764 3020 247 84 monstrum
949 3020 288 84 conflaret,
1176 3020 247 84 Gnostica
1361 3020 103 84 &
1402 3020 247 84 Manichea
1588 3020 206 84 uenena
1732 3020 144 84 per
1814 3020 247 84 miscuit:
1999 3020 144 84 lam
2061 3020 247 84 quidArrium
