2453 3693
165 327 219 59 uariam
318 327 109 59 &
362 327 240 59 uberem,
537 327 109 59 &
580 327 197 59 quasi
712 327 306 59 Christiano
952 327 219 59 quodam
1105 327 197 59 suctu
1236 327 240 59 tinctam
1411 327 219 59 laudo,
1564 327 153 59 sed
1651 327 197 59 uideo
1761 327 87 59 ex

164 374 166 83 eius
268 374 249 83 tentorio
455 374 311 83 Aristarchum
704 374 353 83 philolophorum
994 374 228 83 prodire
1160 374 332 83 Aristotelem,
1430 374 145 83 qui
1513 374 145 83 eam
1575 374 270 83 disciplinam

172 437 241 78 tanquam
348 437 219 78 adamas
501 437 285 78 adamantem
721 437 263 78 scalpit.
918 437 198 78 Ipsum
1050 437 198 78 autem
1182 437 329 78 Aristotelem
1445 437 198 78 quasi
1577 437 241 78 lapidem
1730 437 110 78 ly-

169 498 174 86 dium
278 498 369 86 philolophorum
582 498 217 86 probo.
734 498 174 86 Quis
842 498 174 86 enim
951 498 152 86 uel
1038 498 195 86 rerum
1168 498 347 86 compressione
1450 498 282 86 crebrior,
1667 498 152 86 uel
1732 498 109 86 par

174 563 216 75 titione
332 563 255 75 lucidior,
528 563 157 75 siue
626 563 196 75 robore
764 563 275 75 neruosior,
980 563 138 75 aut
1058 563 118 75 in
1117 563 157 75 ueri
1215 563 216 75 iudicio
1373 563 196 75 sanior
1510 563 236 75 reperiri
1667 563 177 75 potesta

164 640 210 72 Natura
311 640 252 72 profecto
501 640 168 72 haud
606 640 231 72 perinde
774 640 126 72 se
837 640 252 72 interius
1027 640 337 72 introspicit,
1300 640 126 72 ut
1363 640 168 72 ipse
1468 640 126 72 ea
1531 640 168 72 manu
1637 640 189 72 prope
1742 640 105 72 ex-

171 705 282 79 terebrando
392 705 302 79 contrectat.
633 705 141 79 Sed
714 705 161 79 quid
814 705 241 79 dicendum
995 705 161 79 est,
1096 705 121 79 si
1156 705 141 79 cum
1237 705 141 79 hoc
1317 705 221 79 naturae
1478 705 261 79 prodigio,
1659 705 181 79 nostro-

164 752 143 92 rum
245 752 286 92 legionaria
470 752 204 92 cohors
613 752 225 92 aduersa
777 752 286 92 concurrat:
1002 752 164 92 quid
1104 752 123 92 si
1165 752 245 92 bellator
1349 752 164 92 acer
1452 752 204 92 Scotus
1595 752 123 92 in
1636 752 204 92 coelitum

177 833 236 64 notitia,
354 833 137 64 eum
433 833 236 64 rationum
609 833 157 64 nexu
707 833 216 64 tanquam
864 833 275 64 elephantem
1080 833 177 64 draco
1198 833 275 64 astringat:
1414 833 157 64 quid
1512 833 118 64 si
1571 833 216 64 lychnus
1709 833 137 64 theo-

165 883 254 77 logorum,
355 883 127 77 d.
419 883 233 77 Thomas,
588 883 233 77 perinde
758 883 169 77 eius
864 883 318 77 endelechiam
1118 883 254 77 illudat,
1308 883 127 77 ac
1372 883 148 77 qui
1457 883 127 77 ex
1520 883 339 77 auripigmento
1774 883 85 77 au

174 950 143 75 rum
255 950 265 75 conficere
459 950 224 75 uolunt,
622 950 305 75 irridentur:
866 950 122 75 An
927 950 143 75 ego
1008 950 143 75 aut
1090 950 305 75 subtilitate
1334 950 305 75 disputandi,
1578 950 143 75 aut
1639 950 204 75 partien-

175 1013 118 71 di
234 1013 177 71 luce,
353 1013 138 71 aut
431 1013 276 71 altitudine
648 1013 197 71 rerum,
786 1013 118 71 d.
845 1013 197 71 Thomam
983 1013 236 71 Platoni,
1160 1013 138 71 aut
1239 1013 276 71 Aristoteli
1455 1013 197 71 Scotum
1593 1013 236 71 opponere
1751 1013 98 71 non

170 1088 217 69 audeam,
328 1088 138 69 uel
407 1088 276 69 alterutrum
623 1088 236 69 utrique:
801 1088 138 69 Ego
880 1088 158 69 uero
978 1088 236 69 neutrum,
1155 1088 118 69 si
1215 1088 335 69 reuiuisceret,
1490 1088 256 69 negaturum
1668 1088 177 69 putarem

175 1150 118 69 se
234 1150 98 69 a
273 1150 216 69 nostris
430 1150 118 69 in
489 1150 157 69 omni
587 1150 294 69 scientiarum
822 1150 216 69 genere,
979 1150 137 69 uel
1058 1150 255 69 aequatum,
1254 1150 137 69 uel
1332 1150 255 69 superatum
1528 1150 157 69 iri.
1626 1150 118 69 At
1685 1150 157 69 uero
1764 1150 78 69 mo

172 1207 130 72 do
237 1207 259 72 serotini
432 1207 238 72 naturae
605 1207 238 72 foetus,
777 1207 324 72 Themistius.
1037 1207 303 72 Porphyrius
1275 1207 108 72 &
1318 1207 324 72 Aphrodiseus
1577 1207 281 72 Alexander
1772 1207 86 72 iu

164 1269 124 70 re
226 1269 332 70 celebrantur:
496 1269 166 70 Quid
599 1269 124 70 si
662 1269 124 70 ex
724 1269 187 70 eadem
848 1269 394 70 Aristotelicorum
1180 1269 228 70 armorum
1346 1269 269 70 officina,
1553 1269 290 70 Auerrominm
1760 1269 83 70 S&

173 1323 299 88 Auicennam
403 1323 161 88 duo
495 1323 391 88 philolophorum
816 1323 253 88 fulmina
1000 1323 276 88 eduxero,
1207 1323 207 88 omnia
1345 1323 230 88 Arabum
1505 1323 253 88 mapalia
1666 1323 184 88 uesti-

166 1396 215 86 garo,
309 1396 239 86 eumque
477 1396 263 86 coetum.
668 1396 287 86 PARISIVS
883 1396 287 86 theatrum
1098 1396 119 86 &
1146 1396 215 86 domum
1289 1396 287 86 doctrine
1504 1396 311 86 deduxero:
1720 1396 119 86 nu-

178 1457 260 92 putandum
374 1457 174 92 est,
482 1457 152 92 non
569 1457 217 92 obuiam
721 1457 174 92 omne
829 1457 325 92 theologorum
1090 1457 260 92 uenturum
1285 1457 217 92 robur,
1437 1457 152 92 non
1524 1457 239 92 equitum
1675 1457 174 92 turmas

176 1524 149 76 non
261 1524 276 76 phalanges
473 1524 298 76 occursuras
707 1524 170 76 quae
813 1524 170 76 enim
920 1524 276 76 patefacto
1132 1524 361 76 armamentario,
1430 1524 149 76 uel
1515 1524 255 76 hystrice
1685 1524 170 76 spino-

170 1578 183 85 sior.
291 1578 122 85 G.
352 1578 203 85 Ochan,
494 1578 142 85 uel
576 1578 122 85 ex
636 1578 183 85 Scoti
758 1578 183 85 sinu.
880 1578 122 85 E.
941 1578 183 85 Maro,
1063 1578 162 85 siue
1164 1578 244 85 Tragicus
1347 1578 264 85 theologus
1550 1578 264 85 Riccardus
1732 1578 122 85 Vil-

171 1639 137 84 la,
250 1639 255 84 iaculorum
446 1639 196 84 genera
583 1639 294 84 arriperent,
818 1639 118 84 si
877 1639 176 84 illis
995 1639 176 84 esset
1112 1639 137 84 cum
1191 1639 137 84 hac
1269 1639 274 84 gralatorum
1485 1639 333 84 philolophorum
1739 1639 118 84 manu

171 1718 363 77 confligendum
466 1718 113 77 :
511 1718 159 77 lam
602 1718 181 77 uero
715 1718 159 77 qua
806 1718 385 77 oppugnatione,
1123 1718 204 77 copia
1259 1718 317 77 Landulphi.
1508 1718 295 77 Argentini
1712 1718 136 77 acu-

174 1775 165 76 men,
277 1775 226 76 audacia
442 1775 267 76 Capreoli,
647 1775 165 76 tela
750 1775 267 76 Garronis.
956 1775 185 76 Pauli
1079 1775 206 76 astus,
1223 1775 288 76 affluentia
1450 1775 247 76 Gannaci,
1635 1775 144 76 uel
1696 1775 165 76 litera

183 1837 165 84 tior
286 1837 247 84 solertia
472 1837 185 84 Pici,
595 1837 165 84 siue
698 1837 288 84 caeterorum
925 1837 268 84 recentium
1131 1837 309 84 theologorum
1378 1837 165 84 arma
1481 1837 268 84 urgerent:
1687 1837 144 84 qui
1749 1837 103 84 non

181 1898 171 85 modo
288 1898 192 85 omnia
416 1898 321 85 doctrinarum
672 1898 214 85 genera
822 1898 235 85 tanquam
993 1898 150 85 per
1078 1898 235 85 cribrum
1249 1898 299 85 farinarium
1485 1898 342 85 secreuerunt,
1741 1898 107 85 sec

168 1977 197 78 etiam
299 1977 197 78 usque
430 1977 131 78 eo
496 1977 328 78 dilatarunt,
758 1977 131 78 ut
824 1977 240 78 longius
999 1977 175 78 mens
1108 1977 219 78 humana
1261 1977 262 78 progredi
1458 1977 197 78 nullo
1589 1977 175 78 modo
1676 1977 175 78 possit

180 2031 201 84 Quare
314 2031 269 84 Pontifex
515 2031 224 84 Maxime
672 2031 157 84 cum
761 2031 246 84 uiderem
940 2031 269 84 proprium
1142 2031 179 84 esse
1254 2031 246 84 seminis
1433 2031 336 84 Christiani,
1679 2031 179 84 omnium

179 2100 238 92 gentium
352 2100 281 92 hominibus
569 2100 346 92 antecellere,
850 2100 238 92 dolebam
1023 2100 151 92 nos
1110 2100 130 92 in
1175 2100 216 92 aliquo
1326 2100 216 92 genere
1478 2100 281 92 superari.
1694 2100 151 92 nam
1759 2100 108 92 cum

186 2169 297 74 quodcunque
419 2169 191 74 esset
546 2169 212 74 ubique
695 2169 318 74 praeclarum,
950 2169 106 74 a
992 2169 233 74 nostris
1162 2169 233 74 haustum
1332 2169 106 74 &
1374 2169 233 74 ereptum
1544 2169 297 74 uideretur,
1756 2169 106 74 non

184 2218 243 93 poteram
361 2218 155 93 non
449 2218 199 93 turpe
582 2218 287 93 iudicare,
803 2218 177 93 pati
913 2218 155 93 nos
1002 2218 111 93 a
1046 2218 287 93 quibusdam
1267 2218 133 93 in
1333 2218 332 93 doctrinarum
1599 2218 221 93 genere
1731 2218 133 93 elo-

182 2296 225 73 quentia
345 2296 184 73 uinci
468 2296 102 73 .
509 2296 143 73 cum
591 2296 286 73 praesertim
816 2296 184 73 multa
938 2296 307 73 praestantia
1184 2296 123 73 ob
1245 2296 307 73 eloquentiae
1491 2296 225 73 inopiam
1654 2296 123 73 in
1695 2296 164 73 Biblio

186 2355 224 82 thecis
342 2355 336 82 obsolescere
611 2355 291 82 cernerem,
835 2355 336 82 quemadmodum
1104 2355 202 82 multa
1239 2355 202 82 saepe
1373 2355 179 82 auri
1485 2355 157 82 aut
1575 2355 269 82 gemmarum
1754 2355 112 82 ge-

181 2431 194 62 nera,
311 2431 280 62 artificum
526 2431 259 62 egestate
720 2431 302 62 obteguntur
957 2431 259 62 siquidem
1151 2431 302 62 humaniorum
1388 2431 237 62 teretes
1560 2431 108 62 &
1603 2431 259 62 superbae
1776 2431 86 62 au

180 2476 171 79 res,
287 2476 128 79 ad
351 2476 193 79 omnem
479 2476 257 79 sermonis
672 2476 343 79 asperitatem,
950 2476 236 79 tanquam
1122 2476 128 79 ad
1186 2476 257 79 labentis
1379 2476 171 79 Nili
1486 2476 257 79 fragorem
1657 2476 214 79 obsurde-

188 2541 209 74 scunt
327 2541 232 74 contra
489 2541 186 74 uero
605 2541 348 74 philolophi,
884 2541 162 74 qui
977 2541 162 74 dum
1069 2541 278 74 uerborum
1278 2541 325 74 splendorem
1533 2541 139 74 ut
1603 2541 255 74 amictum
1765 2541 93 74 me

179 2614 256 75 tiuntur,
371 2614 149 75 nec
456 2614 213 75 multum
605 2614 213 75 curant
755 2614 320 75 cuiuscemodi
1011 2614 213 75 pamnno
1160 2614 320 75 uestiantur,
1416 2614 171 75 modo
1523 2614 149 75 ita
1608 2614 213 75 amicti
1736 2614 128 75 pro-

197 2673 206 73 deant,
342 2673 124 73 ut
404 2673 268 73 penulatos
610 2673 103 73 &
651 2673 248 73 uestitos
837 2673 124 73 se
899 2673 165 73 esse
1002 2673 330 73 intelligant,
1271 2673 186 73 omnia
1394 2673 248 73 uerborum
1580 2673 268 73 ornamenta
1766 2673 103 73 tan

187 2727 168 88 quam
292 2727 252 88 putamina
481 2727 294 88 aduenticia
712 2727 336 88 aspernantur.
985 2727 210 88 Itaque
1131 2727 189 88 Pont.
1257 2727 168 88 Max.
1362 2727 147 88 hoc
1446 2727 252 88 ingressu
1614 2727 252 88 patefacto-

185 2805 199 84 perge
318 2805 310 84 cunctantes
561 2805 266 84 excitare
760 2805 332 84 promerendo,
1026 2805 133 84 ut
1092 2805 310 84 absolutius
1336 2805 155 84 hoc
1424 2805 288 84 copulandi
1624 2805 243 84 cumuletur

187 2860 189 82 munus
313 2860 147 82 nam
397 2860 168 82 quod
502 2860 147 82 est
586 2860 168 82 tibi
691 2860 210 82 natura
838 2860 252 82 insitum,
1027 2860 126 82 ut
1090 2860 210 82 semper
1237 2860 294 82 ingeniorum
1468 2860 294 82 sedulitati
1678 2860 189 82 faueasi

182 2920 121 86 id
242 2920 161 86 nunc
343 2920 161 86 tibi
443 2920 221 86 imperij
604 2920 262 86 magnitudo
806 2920 262 86 concedit,
1007 2920 121 86 ut
1067 2920 302 86 affluentius
1309 2920 282 86 suffragari
1510 2920 181 86 possis,
