2453 3693
177 307 283 90 aeternum.
395 307 130 90 In
460 307 152 90 qua
547 307 217 90 quidem
699 307 283 90 sententia
916 307 196 90 omnem
1047 307 413 90 Peripateticorum
1395 307 217 90 gregem
1547 307 239 90 tanquam
1699 307 152 90 suber

174 377 140 77 in
244 377 186 77 aqua
360 377 210 77 retis
500 377 256 77 plumbum
687 377 303 77 suspensum
920 377 280 77 continet
1129 377 280 77 siquidem
1339 377 326 77 Themistius
1596 377 117 77 &
1619 377 233 77 Auerrois

175 440 296 89 pertinaces
408 440 317 89 Aristotelis
661 440 275 89 asseclae,
873 440 275 89 tantillum
1084 440 190 89 nodum
1211 440 338 89 exquirentes,
1486 440 338 89 pugnacissime
1740 440 127 89 hanc

176 515 287 72 sententiam
402 515 185 72 tueri
525 515 205 72 uolunt
669 515 103 72 &
710 515 123 72 si
772 515 226 72 sarcina
936 515 123 72 in
998 515 226 72 alteram
1162 515 246 72 ditellae
1347 515 205 72 partem
1490 515 287 72 propendet,
1696 515 164 72 alteri

173 567 298 82 adijciunt
402 567 275 82 lapides.
609 567 344 82 Verecundius
884 567 206 82 autem
1021 567 138 82 ex
1090 567 206 82 eadem
1227 567 252 82 familia
1411 567 298 82 Alexander
1617 567 229 82 Aphrodi-

183 636 182 77 seus,
304 636 182 77 dicit
425 636 121 77 se
486 636 141 77 non
567 636 182 77 aliam
688 636 121 77 ob
748 636 202 77 causam
890 636 162 77 hanc
991 636 283 77 potissimum
1213 636 283 77 sententiam
1435 636 242 77 secutum,
1617 636 162 77 nisi
1718 636 141 77 que
1778 636 81 77 ea

174 706 169 75 sibi
279 706 190 75 minus
406 706 253 75 ambigua,
595 706 105 75 &
638 706 105 75 a
680 706 337 75 reprobatione
954 706 253 75 semotior
1143 706 295 75 uideretur,
1375 706 190 75 quasi
1502 706 211 75 nondum
1649 706 232 75 certam,
1797 706 63 75 &

183 773 182 72 ueram
304 773 162 72 esse
405 773 263 72 censeret.
608 773 121 72 Ex
669 773 142 72 quo
750 773 202 72 quidem
891 773 324 72 intelligitur
1154 773 223 72 homines
1316 773 182 72 nandi
1438 773 243 72 peritos,
1600 773 263 72 uoraginibus

178 836 197 67 tamen
309 836 219 67 obrui.
463 836 153 67 Nam
550 836 175 67 quae
660 836 175 67 sunt
769 836 131 67 ab
835 836 307 67 Aristotele
1076 836 285 67 exqsitius
1295 836 285 67 argumenta
1514 836 285 67 collecta,
1711 836 153 67 proba

175 890 208 80 biliora
327 890 171 80 sunt,
440 890 227 80 magisque
611 890 114 80 ad
668 890 341 80 contradicendum
952 890 208 80 parata,
1104 890 152 80 quam
1199 890 152 80 uera
1293 890 95 80 .
1331 890 171 80 idque
1445 890 227 80 perspici
1616 890 208 80 potest,
1748 890 95 80 quo

171 950 232 83 semper
333 950 139 83 in
403 950 162 83 hoc
495 950 348 83 quaestionis
773 950 232 83 genere
935 950 348 83 Anaxagoram.
1213 950 324 83 Empedodem,
1468 950 116 83 &
1515 950 278 83 Platonem
1700 950 139 83 exag

175 1026 141 67 tat
255 1026 161 67 quod
356 1026 181 67 magis
476 1026 201 67 uideri
617 1026 181 67 debet
737 1026 382 67 persuasibiliter
1059 1026 281 67 probantis,
1280 1026 161 67 quam
1380 1026 281 67 necessaria
1601 1026 221 67 ratione
1741 1026 121 67 con-

177 1074 232 80 dudentis
351 1074 97 80 .
390 1074 213 80 lpseque
545 1074 155 80 sibi
641 1074 252 80 repugnat,
835 1074 136 80 cum
912 1074 252 80 confirmet
1106 1074 116 80 in
1164 1074 213 80 topicis
1319 1074 213 80 quaedam
1474 1074 155 80 esse
1571 1074 290 80 dialectica.
1784 1074 58 80 a

168 1148 236 67 blemata,
345 1148 197 67 quorum
483 1148 177 67 certa
601 1148 177 67 ratio
719 1148 217 67 afferri
877 1148 138 67 non
956 1148 217 67 possit,
1113 1148 118 67 ut
1172 1148 118 67 si
1231 1148 256 67 quaeratur
1428 1148 177 67 utrum
1546 1148 138 67 sit
1625 1148 118 67 ex
1664 1148 197 67 aeterni-

177 1199 155 83 tate
274 1199 194 83 mundus
410 1199 97 83 .
449 1199 194 83 ltaque
585 1199 117 83 ab
643 1199 117 83 eo
701 1199 136 83 hoc
779 1199 175 83 loco,
895 1199 272 83 sciscitor,
1109 1199 117 83 si
1168 1199 194 83 mundus
1304 1199 233 83 aeternus
1478 1199 194 83 fuisse
1614 1199 233 83 dicatur,
1770 1199 97 83 num

174 1270 207 82 semper
319 1270 228 82 homines
485 1270 269 82 extitisse
692 1270 207 82 uelit.
837 1270 145 82 nam
920 1270 124 82 si
982 1270 207 82 semper
1127 1270 207 82 fuisse
1272 1270 207 82 neget,
1417 1270 228 82 concedi
1583 1270 249 82 oportere
1748 1270 104 82 pu-

185 1333 132 77 to,
261 1333 113 77 id
317 1333 245 77 pabsurdum
506 1333 207 77 uideri,
656 1333 132 77 cum
732 1333 189 77 negari
864 1333 132 77 non
939 1333 207 77 possit,
1090 1333 207 77 hominum
1241 1333 170 77 causa
1354 1333 189 77 mundum
1486 1333 151 77 esse
1580 1333 283 77 constitutu,
1788 1333 75 77 si

188 1402 143 68 aunt
278 1402 197 68 homines
421 1402 179 68 semper
546 1402 179 68 fuisse
671 1402 250 68 confirmet,
868 1402 179 68 rursum
993 1402 107 68 ab
1047 1402 107 68 eo
1101 1402 286 68 sciscitandum
1333 1402 233 68 arbitror,
1512 1402 125 68 cur
1584 1402 125 68 sit
1655 1402 197 68 illorum
1780 1402 72 68 ho

188 1464 191 79 minum
315 1464 233 79 memoria
484 1464 233 79 deleta,
654 1464 148 79 aut
738 1464 212 79 curnon
887 1464 169 79 sint
993 1464 191 79 nobis
1120 1464 148 79 per
1204 1464 212 79 manus,
1353 1464 318 79 scientiarum
1607 1464 212 79 genera
1734 1464 127 79 tra-

182 1521 194 92 dita,
312 1521 172 92 quae
419 1521 215 92 quidem
570 1521 151 92 suo
656 1521 237 92 ingenio
829 1521 259 92 perfecta
1023 1521 172 92 esse
1130 1521 215 92 uideri
1281 1521 215 92 cupit,
1432 1521 151 92 dum
1518 1521 172 92 omne
1604 1521 259 92 superiorum

185 1581 386 100 philosophorum
503 1581 227 100 genus,
662 1581 136 100 ut
730 1581 272 100 hebetius
934 1581 272 100 exagitat
1139 1581 159 100 nam
1229 1581 136 100 si
1298 1581 272 100 memoriam
1502 1581 204 100 rerum
1615 1581 250 100 eluuione,

177 1663 140 77 aut
257 1663 280 77 exustione,
477 1663 320 77 intercidisse
737 1663 200 77 dicat,
877 1663 260 77 perfacile
1078 1663 160 77 erit
1178 1663 180 77 secum
1298 1663 280 77 obsignatis
1518 1663 280 77 syngraphis
1718 1663 140 77 agen-

184 1722 176 81 dum,
294 1722 220 81 quando
448 1722 220 81 quidem
602 1722 132 81 in
667 1722 264 81 meteoris
865 1722 308 81 catholicum
1107 1722 198 81 fieri
1239 1722 308 81 catadysmum
1480 1722 220 81 neget.
1612 1722 242 81 Eodemquam

182 1798 165 70 modo
285 1798 165 70 erit
388 1798 124 70 de
450 1798 268 70 exustione
656 1798 268 70 dicendum,
862 1798 144 70 cum
945 1798 185 70 satis
1068 1798 247 70 physicis
1254 1798 227 70 placere
1418 1798 268 70 uideamus,
1624 1798 227 70 calorem
1769 1798 82 70 hu

177 1841 153 87 more
273 1841 134 87 ali
349 1841 96 87 &
387 1841 153 87 quam
483 1841 153 87 quam
579 1841 230 87 uicissim
751 1841 172 87 saepe
866 1841 211 87 alterum
1019 1841 191 87 altero
1153 1841 230 87 superari
1325 1841 249 87 opinetur,
1517 1841 211 87 neutrum
1670 1841 172 87 tamen
1765 1841 96 87 ita

183 1905 224 83 opprimi
346 1905 184 83 posse
468 1905 224 83 uolunt,
631 1905 122 83 ut
692 1905 143 83 uim
774 1905 367 83 instauratitiam
1080 1905 224 83 amittat
1243 1905 122 83 ex
1304 1905 143 83 quo
1386 1905 204 83 facile
1529 1905 286 83 intellectu
1733 1905 122 83 est,

187 1966 291 74 exustionem
416 1966 291 74 catholicam
645 1966 166 74 esse
749 1966 146 74 non
832 1966 208 74 posse.
978 1966 166 74 Quod
1082 1966 125 74 si
1144 1966 208 74 neutra
1290 1966 271 74 catholica
1498 1966 166 74 esse
1602 1966 229 74 potest,
1748 1966 104 74 per

182 2031 221 77 spicuum
343 2031 181 77 etiam
464 2031 201 77 uideri
605 2031 201 77 debet,
746 2031 242 77 memoriam
927 2031 181 77 rerum
1048 2031 262 77 propagari
1249 2031 242 77 potuisse
1430 2031 101 77 .
1470 2031 121 77 id
1531 2031 121 77 si
1591 2031 141 77 ita
1672 2031 161 77 est,
1752 2031 101 77 du-

184 2094 290 85 bitationem
412 2094 145 85 non
495 2094 207 85 habet,
640 2094 166 85 quin
744 2094 124 85 ad
806 2094 145 85 nos
889 2094 207 85 quoque
1035 2094 249 85 dimanare
1221 2094 270 85 potuisset
1429 2094 166 85 quod
1532 2094 124 85 si
1594 2094 124 85 ad
1657 2094 166 85 hanc
1740 2094 124 85 aeta

185 2168 143 76 tem
266 2168 265 76 propagari
470 2168 245 76 potuisse
654 2168 286 76 diceretur,
878 2168 184 76 nihil
1001 2168 224 76 prorsus
1164 2168 204 76 esset,
1307 2168 163 76 quod
1409 2168 122 76 ei
1470 2168 306 76 scientiarum
1695 2168 163 76 primae

191 2222 288 78 ferrentur,
418 2222 144 78 cum
500 2222 309 78 perabsurdum
747 2222 185 78 esset
871 2222 226 78 negare,
1036 2222 247 78 aeternis
1221 2222 226 78 annorum
1385 2222 288 78 curriculis
1591 2222 268 78 innumerabi-

192 2300 137 72 les
271 2300 293 72 Aristoteles
505 2300 137 72 aut
583 2300 234 72 Platones
759 2300 137 72 non
837 2300 215 72 fuisse.
993 2300 195 72 Atquam
1130 2300 176 72 etiam
1247 2300 117 72 si
1305 2300 195 72 mundus
1442 2300 234 72 aeternum
1618 2300 156 72 omni
1696 2300 156 72 specie

191 2346 138 84 rum
270 2346 197 84 genere
408 2346 256 84 absolutus
604 2346 275 84 diceretur,
820 2346 177 84 causa
938 2346 138 84 non
1017 2346 177 84 esset
1135 2346 157 84 quin
1233 2346 177 84 multa
1351 2346 314 84 incredibilia
1587 2346 275 84 sequerentur.

187 2410 146 86 nam
271 2410 104 86 &
312 2410 230 86 necesse
480 2410 188 86 esset
605 2410 292 86 confiteri,
835 2410 146 86 non
918 2410 167 86 modo
1023 2410 355 86 innumerabiles
1315 2410 209 86 animas
1461 2410 167 86 actu
1566 2410 272 86 existere,
1754 2410 104 86 sed

181 2474 187 72 etiam
306 2474 333 72 interminatas
577 2474 333 72 conuersiones
847 2474 229 72 fuisse.
1014 2474 125 72 Ex
1076 2474 146 72 quo
1159 2474 291 72 perspicuum
1388 2474 208 72 uideri
1534 2474 229 72 posset,
1700 2474 146 72 tot
1763 2474 83 72 so

189 2544 164 87 lis,
292 2544 164 87 quot
395 2544 185 87 lunae
518 2544 328 87 conuersiones
784 2544 287 87 extitisse.
1010 2544 144 87 Cum
1092 2544 185 87 autem
1215 2544 246 87 fatendum
1400 2544 185 87 esset
1523 2544 287 87 utrorumque
1728 2544 123 87 innu

192 2605 259 81 merabiles
391 2605 319 81 conuersiones
650 2605 219 81 fuisse,
809 2605 179 81 satis
929 2605 179 81 esset
1048 2605 279 81 argumenti,
1268 2605 199 81 partem
1407 2605 159 81 toto
1507 2605 199 81 omnino
1646 2605 159 81 esse
1726 2605 139 81 aequa

188 2678 157 73 tam.
287 2678 138 73 quo
365 2678 216 73 quidem,
522 2678 177 73 nihil
640 2678 255 73 insulsius
837 2678 157 73 dici
935 2678 216 73 posset.
1092 2678 177 73 Atque
1210 2678 177 73 etiam
1328 2678 196 73 fateri
1465 2678 196 73 licet,
1603 2678 177 73 aeque
1701 2678 157 73 leonem

193 2733 103 82 a
235 2733 144 82 deo
317 2733 124 82 ex
379 2733 247 82 materia,
564 2733 124 82 ac
626 2733 124 82 ex
688 2733 206 82 nihilo
832 2733 186 82 gigni
956 2733 247 82 potuisse
1142 2733 330 82 proptereaque
1410 2733 330 82 quandocumque
1677 2733 103 82 a
1719 2733 144 82 deo
1781 2733 82 82 ma

187 2791 186 81 teria
311 2791 186 81 gigni
435 2791 248 81 potuisse
621 2791 248 81 dicatur,
806 2791 227 81 necesse
971 2791 144 81 est
1054 2791 186 81 etiam
1177 2791 206 81 fateri
1322 2791 124 81 ab
1384 2791 186 81 eodem
1507 2791 330 81 coagmentatum
1755 2791 103 81 edu

185 2853 127 92 ci
248 2853 274 92 potuisse,
459 2853 232 92 alioqui
628 2853 232 92 materia
797 2853 169 92 sine
902 2853 190 92 forma
1029 2853 317 92 gigneretur.
1282 2853 190 92 Atqui
1409 2853 148 92 cum
1493 2853 190 92 notum
1620 2853 148 92 sit
1704 2853 169 92 haud
1789 2853 84 92 ex

182 2922 235 95 materia
353 2922 214 95 leonem
503 2922 107 95 a
545 2922 150 95 deo
631 2922 257 95 aeternum
824 2922 257 95 potuisse
1016 2922 214 95 gigni,
1166 2922 235 95 apertum
1337 2922 171 95 esse
1444 2922 214 95 debet,
1594 2922 150 95 nec
1679 2922 193 95 etiam
1786 2922 86 95 ex
