2453 3693
399 323 287 78 DE
543 323 623 78 CREATIONE
974 323 527 78 CORPORVM.

466 401 700 77 DISTINCTIO
966 401 450 77 QVARTA.

423 470 157 75 Odo
512 470 202 75 autem
647 470 291 75 sequitur,
871 470 134 75 ut
938 470 134 75 de
1005 470 269 75 corporum
1207 470 179 75 ortu
1319 470 269 75 dicatur,
1521 470 157 75 quo
1610 470 179 75 loco
1700 470 157 75 primo

407 529 229 88 uidendum
579 529 153 88 est,
674 529 133 88 que
750 529 133 88 nec
826 529 153 88 sunt
922 529 95 88 a
960 529 267 88 coelitibus
1170 529 210 88 tanquam
1322 529 95 88 a
1360 529 229 88 secundis
1532 529 153 88 dijs
1627 529 210 88 corpora
1761 529 95 88 ef-

444 590 209 97 fecta,
590 590 146 97 nec
674 590 125 97 ad
736 590 230 97 mulctam
903 590 230 97 sontium
1070 590 250 97 daemonum
1258 590 271 97 generata,
1466 590 125 97 ut
1529 590 230 97 Origeni
1696 590 146 97 est
1759 590 83 97 ui

430 648 162 96 sum.
531 648 121 96 In
592 648 142 96 qua
672 648 202 96 quidem
814 648 263 96 sententia
1016 648 202 96 tantus
1158 648 162 96 uir,
1259 648 142 96 sal
1340 648 162 96 omne
1441 648 303 96 consumprsit
1683 648 142 96 nec
1744 648 101 96 ita

176 725 161 91 sunt
277 725 242 91 gradatim
458 725 302 91 constructa,
700 725 121 91 ut
760 725 222 91 alterum
921 725 121 91 ab
982 725 201 91 altero
1123 725 222 91 eatenus
1284 725 302 91 gigneretur,
1526 725 181 91 quoad
1647 725 121 91 ad
1687 725 161 91 corpo-

181 790 164 77 ream
284 790 226 77 naturam
448 790 349 77 perueniretur.
736 790 144 77 Nec
818 790 185 77 etiam
941 790 185 77 illud
1065 790 267 77 probatur,
1270 790 164 77 quod
1373 790 226 77 Platoni
1537 790 226 77 placet,
1701 790 123 77 ut
1742 790 103 77 fo-

187 854 149 71 mae
272 854 255 71 scilicet
463 854 276 71 corporum,
676 854 128 71 ex
739 854 213 71 formis
888 854 106 71 a
931 854 234 71 materia
1101 854 276 71 seiunctis
1314 854 340 71 defluxerint.
1569 854 276 71 Quemadmodum

175 914 118 86 si
234 914 314 86 constituatur
489 914 177 86 canis
607 914 137 86 per
685 914 118 86 se
744 914 255 86 existens,
941 914 177 86 nulla
1058 914 235 86 materiae
1235 914 275 86 admixtione
1451 914 216 86 cretus,
1608 914 137 86 qui
1686 914 137 86 sit
1745 914 98 86 cau

168 965 126 105 sa
231 965 210 105 omnium
378 965 315 105 gignendorum
630 965 210 105 canum,
777 965 105 105 &
819 965 147 105 sus
903 965 189 105 suum,
1030 965 105 105 &
1072 965 147 105 bos
1156 965 168 105 boum
1261 965 105 105 .
1303 965 231 105 idemque
1471 965 126 105 de
1534 965 273 105 omnigenum
1723 965 126 105 ani-

182 1043 241 74 mantium
358 1043 219 74 natura
511 1043 373 74 intelligatur.
818 1043 175 74 Quae
928 1043 219 74 quidem
1081 1043 263 74 doctorum
1279 1043 241 74 hominum
1454 1043 307 74 sententiae
1695 1043 132 74 ab
1739 1043 110 74 uno

181 1103 189 87 fonte
307 1103 273 87 manarunt.
516 1103 147 87 nam
600 1103 147 87 cum
684 1103 252 87 formarum
873 1103 210 87 causas
1020 1103 335 87 exquirerent,
1292 1103 147 87 dum
1376 1103 210 87 apros,
1523 1103 126 87 ac
1585 1103 189 87 ursos
1690 1103 168 87 perse-

172 1174 149 68 qui
257 1174 149 68 non
342 1174 277 68 poterant,
555 1174 213 68 muscas
704 1174 107 68 &
747 1174 234 68 culices
917 1174 320 68 uenabantur.
1173 1174 149 68 Quo
1258 1174 170 68 sane
1365 1174 170 68 loco
1471 1174 362 68 intelligendum
1748 1174 107 68 est

185 1240 142 79 que
266 1240 163 79 omne
368 1240 346 79 coagmentatum,
652 1240 122 79 ex
713 1240 203 79 formis
856 1240 224 79 naturam
1018 1240 244 79 arripit,
1201 1240 142 79 cum
1283 1240 183 79 autem
1405 1240 163 79 omne
1506 1240 203 79 simile
1649 1240 122 79 ab
1689 1240 163 79 aliquo

173 1302 141 78 sui
254 1302 262 78 simillimo
455 1302 262 78 gignatur,
657 1302 282 78 perspicuum
879 1302 161 78 esse
980 1302 202 78 debet,
1121 1302 242 78 formarum
1302 1302 303 78 corporearum
1544 1302 141 78 non
1625 1302 161 78 esse
1706 1302 141 78 aliam

172 1353 301 85 indagandam
409 1353 215 85 causam
560 1353 129 85 ex
625 1353 215 85 formis
775 1353 108 85 a
818 1353 237 85 materia
991 1353 280 85 secretis.
1206 1353 151 85 Sed
1292 1353 258 85 sciendum
1486 1353 215 85 potius
1615 1353 237 85 corporeas

169 1419 201 81 formas
310 1419 141 81 non
390 1419 221 81 tanquam
551 1419 281 81 defluentes
771 1419 121 81 ex
832 1419 181 81 forma
952 1419 100 81 a
992 1419 221 81 materia
1153 1419 261 81 seiuncta,
1354 1419 141 81 sed
1434 1419 221 81 tanquam
1595 1419 221 81 materia
1736 1419 100 81 de-

179 1484 193 79 ducta
307 1484 129 79 ex
372 1484 258 79 potentia
565 1484 129 79 in
630 1484 193 79 actum
759 1484 129 79 ab
823 1484 215 79 aliquo
974 1484 322 79 coagmentato
1232 1484 215 79 agente
1382 1484 215 79 oriri.
1533 1484 150 79 Cum
1619 1484 193 79 autem
1726 1484 129 79 omne

161 1552 348 88 coagmentatum
444 1552 196 88 agens
575 1552 131 88 ut
640 1552 240 88 corpus,
815 1552 174 88 spus
923 1552 218 88 natura
1076 1552 283 88 moueatur,
1294 1552 283 88 praeclare
1511 1552 261 88 sequitur
1686 1552 152 88 corpo

173 1617 154 76 rum
261 1617 219 76 formas
414 1617 110 76 a
458 1617 176 76 spus
568 1617 219 76 natura
722 1617 241 76 manare,
897 1617 219 76 eamque
1051 1617 154 76 non
1139 1617 241 76 tanquam
1314 1617 263 76 fusionem
1512 1617 176 76 esse
1600 1617 241 76 formarum-

173 1679 136 94 sed
250 1679 214 94 tanquam
406 1679 234 94 motionem
581 1679 117 94 ad
640 1679 195 94 formas
776 1679 195 94 uideri
912 1679 214 94 debere,
1068 1679 156 94 quae
1165 1679 117 94 in
1223 1679 234 94 auctorem
1398 1679 175 94 deum,
1515 1679 214 94 tanquam
1671 1679 117 94 in
1710 1679 136 94 prin-

173 1739 180 85 cipem
293 1739 200 85 causam
432 1739 239 85 conuersa
612 1739 239 85 feratur.
792 1739 239 85 Illudque
971 1739 180 85 etiam
1091 1739 299 85 annectitur,
1330 1739 120 85 in
1390 1739 319 85 institutione
1649 1739 200 85 rerum,
1769 1739 80 85 ex

167 1813 243 76 potentia
349 1813 122 76 in
410 1813 203 76 actum,
552 1813 385 76 transgressionem
876 1813 142 76 non
957 1813 284 76 intelligi,
1180 1813 142 76 cum
1261 1813 101 76 a
1302 1813 304 76 fabricatore
1545 1813 182 76 mundi
1667 1813 162 76 deo,
1748 1813 101 76 nul

175 1875 125 71 so
238 1875 291 71 intermedio
466 1875 187 71 rerum
591 1875 145 71 sit
674 1875 187 71 facta
798 1875 228 71 molitio
965 1875 125 71 et
1027 1875 270 71 propterea
1235 1875 291 71 praeclarus
1463 1875 312 71 uaticinator
1692 1875 145 71 Moses

161 1942 139 76 in
230 1942 185 76 omni
346 1942 323 76 primigenum
599 1942 231 76 dierum
761 1942 277 76 exordio,
969 1942 185 76 deum
1084 1942 254 76 inducit
1269 1942 208 76 ortum
1407 1942 208 76 rerum
1546 1942 300 76 iubentem.
1754 1942 92 76 ex

172 2000 137 80 quo
251 2000 255 80 intelligi
447 2000 196 80 potest
585 2000 177 80 uerbo
702 2000 275 80 imperantis
918 2000 157 80 dei,
1016 2000 137 80 non
1095 2000 177 80 calce
1213 2000 98 80 &
1252 2000 275 80 coctilibus
1468 2000 275 80 lateribus,
1664 2000 177 80 exaedi-

164 2064 239 82 ficatum
338 2064 174 82 esse
447 2064 239 82 mundum.
621 2064 174 82 Inde
729 2064 196 82 inter
860 2064 239 82 nostros
1034 2064 196 82 magna
1164 2064 152 82 est
1251 2064 174 82 nata
1360 2064 283 82 luctatio,
1577 2064 196 82 utrum
1686 2064 152 82 mate-

165 2123 162 96 ries
266 2123 263 96 incondita
469 2123 203 96 rerum,
611 2123 142 96 sit
692 2123 223 96 tempore
854 2123 345 96 informationem
1138 2123 304 96 antegressa.
1381 2123 122 96 In
1442 2123 142 96 quo
1523 2123 284 96 praeclarus
1725 2123 122 96 coe-

168 2185 237 92 sestium
341 2185 280 92 arcanorum
556 2185 216 92 praeco
707 2185 194 92 diuus
837 2185 302 92 Augustinus
1074 2185 151 92 non
1160 2185 194 92 putat
1289 2185 302 92 primigenam
1526 2185 259 92 corporum
1699 2185 129 92 mat.

172 2259 166 72 riem
276 2259 332 72 informatione
546 2259 228 72 priorem
712 2259 291 72 extitisse.
941 2259 228 72 Basilio
1107 2259 208 72 autem,
1252 2259 270 72 Ambrosio,
1460 2259 104 72 &
1502 2259 291 72 Cassiodoro
1709 2259 125 72 pla-

162 2312 174 89 cet,
271 2312 240 89 tempore
445 2312 261 89 materiam
642 2312 174 89 esse
751 2312 349 89 antegressam.
1034 2312 305 89 Augustinus
1273 2312 261 89 materiem
1470 2312 305 89 inconditam
1709 2312 174 89 esse

170 2377 180 93 uult,
290 2377 260 93 quacunque
490 2377 180 93 forma
610 2377 260 93 carentem.
810 2377 120 93 ex
870 2377 140 93 quo
950 2377 180 93 fieri
1071 2377 180 93 nullo
1191 2377 160 93 modo
1291 2377 220 93 posset,
1451 2377 120 93 ut
1511 2377 240 93 materies
1671 2377 160 93 incom-

169 2441 185 85 dita,
293 2441 226 85 tempore
457 2441 185 85 esset
580 2441 308 85 formationem
827 2441 308 85 antegressa,
1074 2441 185 85 alijs
1197 2441 164 85 enim
1300 2441 267 85 incondita
1505 2441 247 85 materies
1670 2441 164 85 uideri

170 2501 203 87 solet,
312 2501 142 87 non
393 2501 163 87 quae
495 2501 305 87 qualicunque
739 2501 183 87 forma
861 2501 224 87 careat,
1024 2501 142 87 sed
1105 2501 163 87 quae
1207 2501 203 87 formam
1349 2501 264 87 excludat,
1552 2501 142 87 qua
1613 2501 224 87 pulchritu

155 2571 132 85 do
221 2571 110 85 &
265 2571 265 85 formatio
464 2571 265 85 corporum
663 2571 265 85 ambitur.
861 2571 331 85 Salubriorum
1126 2571 199 85 autem
1259 2571 221 85 opinio
1413 2571 155 85 est
1502 2571 110 85 a
1546 2571 265 85 molitore
1723 2571 110 85 deo

162 2638 211 88 cuncta
310 2638 127 88 in
373 2638 169 88 actu
478 2638 127 88 ex
542 2638 211 88 nihilo
689 2638 169 88 esse
795 2638 274 88 generata.
1006 2638 211 88 Quidam
1154 2638 169 88 uero
1259 2638 169 88 unam
1365 2638 317 88 corporearum
1618 2638 190 88 rerum
1723 2638 106 88 ma-

157 2702 212 81 teriem
305 2702 233 81 opinati
474 2702 169 81 sunt
580 2702 254 81 siquidem
771 2702 169 81 ante
876 2702 339 81 Aristotelem,
1152 2702 296 81 incredulum
1385 2702 360 81 philolophorum
1660 2702 169 81 genus.

165 2764 147 77 omia
257 2764 202 77 corpora
404 2764 110 77 ex
459 2764 166 77 rerum
569 2764 257 77 primordijs
771 2764 166 77 oriri
882 2764 202 77 putauit
1029 2764 129 77 nam
1102 2764 129 77 cum
1176 2764 184 77 qutuor
1305 2764 202 77 illorum
1452 2764 313 77 principiorum,
1709 2764 129 77 una
1764 2764 74 77 es

161 2817 136 92 set
238 2817 117 92 in
297 2817 175 92 eadem
414 2817 214 92 materia
570 2817 292 92 communitas,
803 2817 117 92 ut
862 2817 175 92 pdare
979 2817 117 92 in
1037 2817 175 92 mutuo
1154 2817 175 92 rerum
1271 2817 175 92 ortu,
1388 2817 97 92 &
1427 2817 156 92 tabe
1524 2817 195 92 patet,
1641 2817 195 92 concedi-

163 2883 145 85 sibi
254 2883 236 85 uolebant,
435 2883 109 85 ut
490 2883 182 85 omnium
617 2883 218 85 corporum
780 2883 218 85 materies
944 2883 127 85 una
1017 2883 254 85 diceretur.
1216 2883 127 85 Cum
1289 2883 163 85 autem
1398 2883 200 85 quindam
1543 2883 218 85 corporum
1689 2883 145 85 genera

161 2945 148 100 haud
254 2945 278 100 extabescere
477 2945 167 100 posse
588 2945 278 100 uiderentur,
811 2945 204 100 eentque
959 2945 223 100 absurdum
1126 2945 111 100 ut
1182 2945 204 100 quppiam
1330 2945 93 100 &
1367 2945 297 100 tabescibile,
1608 2945 93 100 &
1627 2945 204 100 aeternum,
