2453 3696
171 296 222 105 amissa,
332 296 323 105 immortalique
595 296 222 105 naturae
756 296 141 105 sit
837 296 222 105 attexta
999 296 263 105 mortalis.
1201 296 141 105 Nec
1282 296 162 105 item
1383 296 182 105 minor
1504 296 263 105 contentio
1685 296 162 105 exori-

160 395 163 79 tur,
262 395 143 79 num
343 395 163 79 ante
446 395 184 79 noxam
568 395 163 79 homo
670 395 123 79 in
732 395 266 79 coelibatu
936 395 184 79 esset
1059 395 266 79 generandi
1263 395 286 79 facultatem
1488 395 286 79 habiturus.
1712 395 123 79 In
1753 395 82 79 Go

174 454 202 73 quidem
315 454 222 73 Graeci,
477 454 141 73 quo
558 454 263 73 subtilius
759 454 202 73 contra
901 454 222 73 nostros
1062 454 263 73 scribant,
1264 454 202 73 pumice
1406 454 222 73 calamos
1567 454 263 73 exterunt.
1749 454 101 73 nam

166 511 162 74 dum
258 511 417 74 commiscendorum
606 511 278 74 corporum
814 511 324 74 foeditatem
1068 511 301 74 respuunt,
1300 511 208 74 quasi
1439 511 301 74 augustius
1647 511 208 74 hominis

164 574 177 81 ortum
282 574 295 81 incoharent,
518 574 334 81 propagationem
794 574 216 81 sobolis
951 574 216 81 tanquam
1109 574 256 81 coelitum,
1305 574 157 81 sine
1404 574 216 81 uenere,
1561 574 216 81 futuram
1699 574 157 81 fuisse

172 655 242 69 censent.
353 655 141 69 Nos
434 655 181 69 autem
554 655 221 69 negamus
715 655 141 69 res
796 655 262 69 naturales
997 655 181 69 dari,
1118 655 141 69 aut
1199 655 181 69 adimi
1320 655 181 69 posse
1440 655 221 69 peccato
1601 655 201 69 cumque
1722 655 121 69 homi

172 705 147 76 nem
256 705 231 76 animali
424 705 168 76 uita
529 705 273 76 metiamur,
740 705 273 76 intelligi
950 705 252 76 uolumus,
1139 705 231 76 commune
1307 705 210 76 fuisse
1455 705 231 76 hominum
1623 705 231 76 naturae
1770 705 84 76 ex

164 765 214 72 uenere
313 765 300 72 procreandi
549 765 193 72 munus
677 765 107 72 .
720 765 193 72 idque
849 765 128 72 ex
913 765 278 72 membrorum
1127 765 257 72 partibus
1320 765 278 72 dedarari,
1534 765 171 72 quae
1641 765 214 72 essent
1769 765 86 72 ad

167 834 216 77 naturae
324 834 314 77 necessitatem
579 834 196 77 datae.
717 834 177 77 Atque
835 834 235 77 absurdum
1011 834 177 77 etiam
1129 834 216 77 uideri,
1286 834 235 77 quicquam
1463 834 216 77 partium
1620 834 118 77 in
1678 834 196 77 homine
1796 834 59 77 a

163 908 205 69 natura
307 908 308 69 fabricatum,
554 908 205 69 quorum
698 908 144 69 non
780 908 185 69 esset
903 908 308 69 necessarius
1150 908 164 69 usus
1252 908 247 69 futurus.
1437 908 144 69 nam
1519 908 103 69 &
1560 908 226 69 ueretra
1725 908 103 69 &
1745 908 103 69 in-

167 977 181 66 guina
288 977 222 66 frustra
449 977 101 66 a
489 977 202 66 natura
630 977 242 66 effecta,
812 977 202 66 putari
953 977 202 66 debere
1094 977 242 66 dicimus,
1276 977 161 66 nisi
1376 977 121 66 ad
1437 977 282 66 procreandi
1659 977 161 66 usum
1739 977 101 66 da-

172 1028 126 75 ta
235 1028 293 75 dicerentur
465 1028 147 75 Sed
549 1028 230 75 sobolem
717 1028 189 75 tamen
842 1028 168 75 sine
947 1028 230 75 ueneris
1115 1028 251 75 flagitio
1303 1028 272 75 propagari
1513 1028 251 75 potuisse
1680 1028 168 75 affir-

166 1089 208 73 mamus,
312 1089 145 73 cum
395 1089 208 73 partes
540 1089 125 73 ad
603 1089 291 73 procreandi
831 1089 332 73 necessitatem
1101 1089 229 73 factae,
1267 1089 145 73 non
1350 1089 332 73 irritarentur
1600 1089 249 73 obscenius,

175 1146 149 85 sed
260 1146 213 85 suapte
409 1146 234 85 natura,
579 1146 128 85 ut
643 1146 234 85 caetera
813 1146 213 85 membra
962 1146 170 85 sine
1068 1146 255 85 libidine
1259 1146 298 85 mouerentur
1493 1146 213 85 quando
1642 1146 213 85 quidem
1770 1146 85 85 ra

175 1231 194 69 tioni,
310 1231 116 69 ut
368 1231 155 69 duci
465 1231 368 69 morigerarentur.
775 1231 116 69 Ex
833 1231 136 69 quo
911 1231 310 69 sententiarum
1163 1231 233 69 principi
1337 1231 174 69 causa
1453 1231 213 69 uidetur
1608 1231 213 69 fuisse,
1744 1231 97 69 cur

165 1275 150 76 non
250 1275 193 76 secus
379 1275 214 76 membra
529 1275 236 76 coitura
700 1275 214 76 fuisse
850 1275 278 76 censeret,
1064 1275 128 76 ac
1128 1275 193 76 manus
1257 1275 150 76 ori
1342 1275 321 76 admouentur,
1599 1275 171 76 quam
1685 1275 150 76 quidi

164 1348 276 68 sententiam
381 1348 335 68 clarissimorum
657 1348 296 68 interpretum
894 1348 217 68 coetus,
1052 1348 197 68 uerens
1190 1348 118 68 ne
1249 1348 178 68 lupum
1368 1348 217 68 auribus
1525 1348 296 68 contineret,
1742 1348 99 68 euo

175 1402 212 76 lutam,
323 1402 106 76 &
365 1402 233 76 resutam
535 1402 254 76 retexit.
725 1402 148 76 Nam
810 1402 148 76 cum
895 1402 191 76 parum
1021 1402 339 76 consentaneum
1297 1402 296 76 uideretur,
1530 1402 127 76 ut
1593 1402 254 76 serendae
1762 1402 85 76 am

162 1465 370 84 plificandaeque
471 1465 226 84 naturae
635 1465 185 84 opera
759 1465 165 84 sine
862 1465 267 84 uoluptate
1067 1465 350 84 conficeretur,
1355 1465 288 84 uoluntario
1582 1465 247 84 obsequio
1746 1465 103 84 uo-

162 1544 165 67 luit
265 1544 165 67 sine
368 1544 206 67 aemula
512 1544 247 67 lasciuia
697 1544 247 67 utrinque
882 1544 247 67 obeundum
1067 1544 206 67 fuisse
1211 1544 185 67 munus
1335 1544 288 67 sublataque
1561 1544 267 67 libidinum
1746 1544 103 67 fa-

171 1607 130 66 ce
236 1607 259 66 genialem
430 1607 194 66 torum
560 1607 259 66 sternit,
754 1607 194 66 eorum
884 1607 302 66 procreandi
1121 1607 216 66 causa,
1272 1607 151 66 qui
1359 1607 259 66 praedara
1553 1607 216 66 quadam
1682 1607 173 66 condi-

166 1660 172 80 tione
281 1660 115 80 ad
338 1660 134 80 dei
415 1660 191 80 cultum
548 1660 306 80 gignerentur.
797 1660 115 80 In
854 1660 134 80 quo
931 1660 172 80 etiam
1046 1660 191 80 quaeri
1180 1660 191 80 solet,
1313 1660 191 80 quinam
1447 1660 153 80 ante
1543 1660 191 80 poenam
1658 1660 191 80 sontium,

175 1724 194 77 liberi
311 1724 253 77 nascituri
505 1724 253 77 fuissent,
699 1724 194 77 multis
835 1724 155 77 enim
932 1724 175 77 uisum
1049 1724 136 77 est
1126 1724 233 77 infantes
1301 1724 214 77 simulac
1457 1724 155 77 nati
1554 1724 214 77 essent,
1690 1724 155 77 commen

172 1793 242 73 datione
348 1793 242 73 naturae
524 1793 286 73 membrorum
743 1793 264 73 compotes
941 1793 264 73 futuros.
1139 1793 264 73 Siquidem
1337 1793 154 73 cum
1425 1793 242 73 quaedam
1578 1793 264 73 animantium

159 1847 226 89 genera,
324 1847 144 89 ita
406 1847 185 89 primo
530 1847 165 89 ortu
632 1847 247 89 absoluta
818 1847 288 89 cernerent,
1044 1847 123 89 ut
1106 1847 144 89 non
1188 1847 165 89 modo
1291 1847 309 89 ingrediendi
1537 1847 288 89 facultatem
1743 1847 103 89 ha-

169 1917 203 83 beant,
311 1917 142 83 sed
392 1917 183 83 etiam
514 1917 264 83 quacunque
717 1917 203 83 matres
859 1917 325 83 persequantur
1124 1917 163 83 ipsa
1225 1917 142 83 per
1306 1917 142 83 se,
1388 1917 203 83 cumque
1530 1917 122 83 in
1591 1917 203 83 homine
1713 1917 142 83 uide-

170 1975 162 81 rent
271 1975 283 81 caeterorum
494 1975 283 81 animantium
716 1975 202 81 inesse
858 1975 324 81 principatum,
1121 1975 263 81 confiteri
1324 1975 162 81 esse
1425 1975 223 81 necesse
1587 1975 263 81 dicebant,
1769 1975 81 81 ho

160 2048 202 77 minem
294 2048 202 77 primo
429 2048 247 77 naturae
609 2048 202 77 ortu,
743 2048 225 77 omnium
901 2048 292 77 membrorum
1125 2048 180 77 usum
1238 2048 359 77 consecuturum
1530 2048 247 77 fuisse.
1687 2048 157 77 Perab

176 2103 203 77 surdum
318 2103 162 77 enim
419 2103 162 77 esse
520 2103 223 77 hominem
682 2103 243 77 rationis
865 2103 263 77 compotem,
1068 2103 162 77 quem
1169 2103 203 77 nullum
1311 2103 203 77 unquam
1453 2103 203 77 scelus
1574 2103 284 77 inquinasset,

170 2173 125 65 in
233 2173 250 65 corporis
420 2173 270 65 ingressum
628 2173 250 65 manibus,
815 2173 125 65 ut
877 2173 250 65 pedibus,
1065 2173 166 65 uti,
1169 2173 125 65 ut
1231 2173 166 65 modo
1335 2173 270 65 anniculos
1543 2173 250 65 infantes
1709 2173 146 65 mani-

174 2235 146 83 bus
257 2235 229 83 repere,
424 2235 146 83 nec
507 2235 166 83 nisi
611 2235 125 83 in
673 2235 291 83 plostellis
902 2235 208 83 rectos
1048 2235 229 83 ingredi
1214 2235 250 83 uidemus,
1401 2235 166 83 quod
1505 2235 208 83 quidem
1651 2235 208 83 malum,
1776 2235 83 83 ad

163 2308 154 74 eam
251 2308 220 74 poenam
405 2308 242 74 referre
582 2308 287 74 conantur,
802 2308 154 74 qua
890 2308 242 74 humanum
1067 2308 331 74 plecteretur
1331 2308 220 74 genus,
1485 2308 154 74 quo
1574 2308 264 74 cognito,
1750 2308 88 74 ma

180 2361 163 79 xime
281 2361 285 79 uerisimile
505 2361 183 79 esse,
628 2361 204 79 pueros
770 2361 163 79 ante
872 2361 224 79 pedicas
1035 2361 244 79 lethalis
1218 2361 183 79 mali,
1340 2361 326 79 comendatione
1605 2361 224 79 naturae
1747 2361 102 79 in-

183 2425 248 87 grediendi
374 2425 286 87 habilitatem
602 2425 248 87 adepturos
793 2425 95 87 .
831 2425 114 87 ac
888 2425 152 87 sine
983 2425 229 87 corporum
1155 2425 286 87 tegumentis,
1384 2425 152 87 sine
1479 2425 210 87 tectis,
1631 2425 152 87 sine
1708 2425 133 87 culci

179 2511 142 59 tra
260 2511 223 59 plumea,
422 2511 162 59 sine
523 2511 243 59 conditis
706 2511 223 59 denique
868 2511 243 59 obsonijs
1050 2511 365 59 fortunatissime
1354 2511 263 59 uicturos,
1557 2511 142 59 cum
1638 2511 142 59 sua
1699 2511 162 59 sponte

180 2548 327 86 suppeditatura
449 2548 193 86 essent
584 2548 135 86 (ut
661 2548 135 86 ait
738 2548 270 86 ille)terra
950 2548 173 86 cibum
1066 2548 212 86 pueris,
1220 2548 193 86 uestem
1354 2548 193 86 uapor,
1489 2548 173 86 herba
1605 2548 212 86 cubile.
1739 2548 116 86 Qui-

176 2619 181 75 autem
297 2619 322 75 Physiologiam
558 2619 342 75 persequuntur,
840 2619 201 75 negant
980 2619 221 75 naturae
1141 2619 282 75 congruere,
1362 2619 121 75 ut
1423 2619 181 75 primo
1543 2619 161 75 ortu
1644 2619 181 75 pueri
1744 2619 101 75 in-

170 2685 261 81 grediendi
371 2685 281 81 facultatem
591 2685 381 81 nanciscerentur,
912 2685 140 81 nam
992 2685 140 81 cum
1073 2685 120 81 in
1133 2685 201 81 homine
1273 2685 241 81 cerebrum
1454 2685 341 81 humidissimum,
1735 2685 100 81 &
1755 2685 100 81 cor

183 2748 180 82 poris
303 2748 321 82 comparatione
564 2748 180 82 maius
684 2748 160 82 quam
784 2748 120 82 in
844 2748 281 82 caeterorum
1065 2748 281 82 animantium
1285 2748 200 82 genere
1425 2748 160 82 esse
1525 2748 240 82 probent,
1686 2748 160 82 facile

185 2801 304 85 confirmant
424 2801 326 85 magnitudine
685 2801 239 85 humoris
858 2801 109 85 &
902 2801 261 85 ponderis
1097 2801 261 85 pueriles
1293 2801 239 85 neruos,
1466 2801 152 85 qui
1553 2801 174 85 sint
1640 2801 217 85 agitatio

176 2866 151 76 nis
263 2866 324 76 instrumenta
522 2866 130 76 ad
587 2866 259 76 corporis
781 2866 259 76 actionem
976 2866 216 76 mouere
1127 2866 216 76 membra
1279 2866 259 76 nequire.
1473 2866 216 76 ltaque
1624 2866 130 76 si
1668 2866 194 76 quibus-

177 2935 137 87 dam
256 2935 274 87 animantium
471 2935 274 87 generibus,
686 2935 215 87 simulac
842 2935 156 87 nata
940 2935 176 87 sint,
1057 2935 254 87 gradiundi
1252 2935 234 87 facultas
1428 2935 156 87 data
1526 2935 234 87 dicatur,
1702 2935 117 87 id
1741 2935 117 87 ari
