<?xml version="1.0" encoding="UTF-8"?>
<alto xmlns:xsi="http://www.w3.org/2001/XMLSchema-instance"
      xmlns="http://www.loc.gov/standards/alto/ns-v2#"
      xmlns:page="http://schema.primaresearch.org/PAGE/gts/pagecontent/2013-07-15"
      xsi:schemaLocation="http://www.loc.gov/standards/alto/ns-v2# http://www.loc.gov/standards/alto/alto.xsd">
   <Description>
      <MeasurementUnit>pixel</MeasurementUnit>
      <OCRProcessing ID="IdOcr">
         <ocrProcessingStep>
            <processingDateTime>2020-10-02T14:16:20.345-04:00</processingDateTime>
            <processingSoftware>
               <softwareCreator>READ COOP</softwareCreator>
               <softwareName>Transkribus</softwareName>
            </processingSoftware>
         </ocrProcessingStep>
      </OCRProcessing>
   </Description>
   <Tags/>
   <Layout>
      <Page ID="Page1" PHYSICAL_IMG_NR="1" HEIGHT="3696" WIDTH="2453">
         <TopMargin HEIGHT="0" WIDTH="2453" VPOS="0" HPOS="0"/>
         <LeftMargin HEIGHT="3696" WIDTH="0" VPOS="0" HPOS="0"/>
         <RightMargin HEIGHT="3696" WIDTH="0" VPOS="0" HPOS="2453"/>
         <BottomMargin HEIGHT="0" WIDTH="2453" VPOS="3696" HPOS="0"/>
         <PrintSpace HEIGHT="3696" WIDTH="2453" VPOS="0" HPOS="0">
            <TextBlock ID="r1" HEIGHT="2828" WIDTH="1648" VPOS="271" HPOS="227">
               <Shape>
                  <Polygon POINTS="227,271 227,3099 1875,3099 1875,271"/>
               </Shape>
               <TextLine ID="r1l3"
                         BASELINE="412"
                         HEIGHT="81"
                         WIDTH="1649"
                         VPOS="331"
                         HPOS="228">
                  <String HEIGHT="81"
                          WIDTH="343"
                          VPOS="331"
                          HPOS="207"
                          CONTENT="qualemcumque"/>
                  <SP HEIGHT="81" WIDTH="21" VPOS="331" HPOS="549"/>
                  <String HEIGHT="81"
                          WIDTH="193"
                          VPOS="331"
                          HPOS="485"
                          CONTENT="posse"/>
                  <SP HEIGHT="81" WIDTH="21" VPOS="331" HPOS="678"/>
                  <String HEIGHT="81"
                          WIDTH="236"
                          VPOS="331"
                          HPOS="613"
                          CONTENT="naturam"/>
                  <SP HEIGHT="81" WIDTH="21" VPOS="331" HPOS="849"/>
                  <String HEIGHT="81"
                          WIDTH="193"
                          VPOS="331"
                          HPOS="785"
                          CONTENT="sumi,"/>
                  <SP HEIGHT="81" WIDTH="21" VPOS="331" HPOS="978"/>
                  <String HEIGHT="81"
                          WIDTH="193"
                          VPOS="331"
                          HPOS="913"
                          CONTENT="diuus"/>
                  <SP HEIGHT="81" WIDTH="21" VPOS="331" HPOS="1106"/>
                  <String HEIGHT="81"
                          WIDTH="193"
                          VPOS="331"
                          HPOS="1042"
                          CONTENT="auntm"/>
                  <SP HEIGHT="81" WIDTH="21" VPOS="331" HPOS="1235"/>
                  <String HEIGHT="81"
                          WIDTH="214"
                          VPOS="331"
                          HPOS="1170"
                          CONTENT="Thomas"/>
                  <SP HEIGHT="81" WIDTH="21" VPOS="331" HPOS="1384"/>
                  <String HEIGHT="81"
                          WIDTH="236"
                          VPOS="331"
                          HPOS="1320"
                          CONTENT="Lunensi"/>
                  <SP HEIGHT="81" WIDTH="21" VPOS="331" HPOS="1556"/>
                  <String HEIGHT="81"
                          WIDTH="236"
                          VPOS="331"
                          HPOS="1492"
                          CONTENT="marmore"/>
                  <SP HEIGHT="81" WIDTH="21" VPOS="331" HPOS="1727"/>
                  <String HEIGHT="81"
                          WIDTH="236"
                          VPOS="331"
                          HPOS="1641"
                          CONTENT="candidior"/>
               </TextLine>
               <TextLine ID="r1l4"
                         BASELINE="474"
                         HEIGHT="62"
                         WIDTH="1643"
                         VPOS="412"
                         HPOS="232">
                  <String HEIGHT="62"
                          WIDTH="164"
                          VPOS="412"
                          HPOS="211"
                          CONTENT="deum"/>
                  <SP HEIGHT="62" WIDTH="21" VPOS="412" HPOS="376"/>
                  <String HEIGHT="62"
                          WIDTH="205"
                          VPOS="412"
                          HPOS="314"
                          CONTENT="censet"/>
                  <SP HEIGHT="62" WIDTH="21" VPOS="412" HPOS="520"/>
                  <String HEIGHT="62"
                          WIDTH="164"
                          VPOS="412"
                          HPOS="458"
                          CONTENT="mera"/>
                  <SP HEIGHT="62" WIDTH="21" VPOS="412" HPOS="622"/>
                  <String HEIGHT="62" WIDTH="103" VPOS="412" HPOS="561" CONTENT="&amp;"/>
                  <SP HEIGHT="62" WIDTH="21" VPOS="412" HPOS="663"/>
                  <String HEIGHT="62"
                          WIDTH="205"
                          VPOS="412"
                          HPOS="602"
                          CONTENT="libera"/>
                  <SP HEIGHT="62" WIDTH="21" VPOS="412" HPOS="807"/>
                  <String HEIGHT="62"
                          WIDTH="267"
                          VPOS="412"
                          HPOS="745"
                          CONTENT="potestate"/>
                  <SP HEIGHT="62" WIDTH="21" VPOS="412" HPOS="1012"/>
                  <String HEIGHT="62"
                          WIDTH="267"
                          VPOS="412"
                          HPOS="951"
                          CONTENT="quanlibet"/>
                  <SP HEIGHT="62" WIDTH="21" VPOS="412" HPOS="1218"/>
                  <String HEIGHT="62"
                          WIDTH="226"
                          VPOS="412"
                          HPOS="1156"
                          CONTENT="naturam"/>
                  <SP HEIGHT="62" WIDTH="21" VPOS="412" HPOS="1382"/>
                  <String HEIGHT="62"
                          WIDTH="246"
                          VPOS="412"
                          HPOS="1320"
                          CONTENT="rationis"/>
                  <SP HEIGHT="62" WIDTH="21" VPOS="412" HPOS="1567"/>
                  <String HEIGHT="62"
                          WIDTH="246"
                          VPOS="412"
                          HPOS="1505"
                          CONTENT="expertem"/>
                  <SP HEIGHT="62" WIDTH="21" VPOS="412" HPOS="1752"/>
                  <String HEIGHT="62"
                          WIDTH="205"
                          VPOS="412"
                          HPOS="1670"
                          CONTENT="arripere"/>
               </TextLine>
               <TextLine ID="r1l5"
                         BASELINE="549"
                         HEIGHT="76"
                         WIDTH="1643"
                         VPOS="473"
                         HPOS="238">
                  <String HEIGHT="76"
                          WIDTH="176"
                          VPOS="473"
                          HPOS="218"
                          CONTENT="posse"/>
                  <SP HEIGHT="76" WIDTH="20" VPOS="473" HPOS="394"/>
                  <String HEIGHT="76" WIDTH="137" VPOS="473" HPOS="336" CONTENT="sed"/>
                  <SP HEIGHT="76" WIDTH="20" VPOS="473" HPOS="473"/>
                  <String HEIGHT="76"
                          WIDTH="156"
                          VPOS="473"
                          HPOS="414"
                          CONTENT="rato"/>
                  <SP HEIGHT="76" WIDTH="20" VPOS="473" HPOS="571"/>
                  <String HEIGHT="76"
                          WIDTH="254"
                          VPOS="473"
                          HPOS="512"
                          CONTENT="potentiae"/>
                  <SP HEIGHT="76" WIDTH="20" VPOS="473" HPOS="766"/>
                  <String HEIGHT="76"
                          WIDTH="215"
                          VPOS="473"
                          HPOS="707"
                          CONTENT="ordine,"/>
                  <SP HEIGHT="76" WIDTH="20" VPOS="473" HPOS="923"/>
                  <String HEIGHT="76"
                          WIDTH="176"
                          VPOS="473"
                          HPOS="864"
                          CONTENT="negat"/>
                  <SP HEIGHT="76" WIDTH="20" VPOS="473" HPOS="1040"/>
                  <String HEIGHT="76" WIDTH="117" VPOS="473" HPOS="981" CONTENT="ab"/>
                  <SP HEIGHT="76" WIDTH="20" VPOS="473" HPOS="1099"/>
                  <String HEIGHT="76" WIDTH="117" VPOS="473" HPOS="1040" CONTENT="eo"/>
                  <SP HEIGHT="76" WIDTH="20" VPOS="473" HPOS="1157"/>
                  <String HEIGHT="76"
                          WIDTH="176"
                          VPOS="473"
                          HPOS="1099"
                          CONTENT="ullam"/>
                  <SP HEIGHT="76" WIDTH="20" VPOS="473" HPOS="1275"/>
                  <String HEIGHT="76"
                          WIDTH="215"
                          VPOS="473"
                          HPOS="1216"
                          CONTENT="praeter"/>
                  <SP HEIGHT="76" WIDTH="20" VPOS="473" HPOS="1431"/>
                  <String HEIGHT="76"
                          WIDTH="235"
                          VPOS="473"
                          HPOS="1372"
                          CONTENT="rationis"/>
                  <SP HEIGHT="76" WIDTH="20" VPOS="473" HPOS="1607"/>
                  <String HEIGHT="76"
                          WIDTH="235"
                          VPOS="473"
                          HPOS="1548"
                          CONTENT="compotem"/>
                  <SP HEIGHT="76" WIDTH="20" VPOS="473" HPOS="1783"/>
                  <String HEIGHT="76"
                          WIDTH="176"
                          VPOS="473"
                          HPOS="1705"
                          CONTENT="naturam"/>
               </TextLine>
               <TextLine ID="r1l6"
                         BASELINE="617"
                         HEIGHT="72"
                         WIDTH="1634"
                         VPOS="545"
                         HPOS="241">
                  <String HEIGHT="72"
                          WIDTH="175"
                          VPOS="545"
                          HPOS="222"
                          CONTENT="posse"/>
                  <SP HEIGHT="72" WIDTH="19" VPOS="545" HPOS="397"/>
                  <String HEIGHT="72"
                          WIDTH="233"
                          VPOS="545"
                          HPOS="338"
                          CONTENT="ascisci,"/>
                  <SP HEIGHT="72" WIDTH="19" VPOS="545" HPOS="572"/>
                  <String HEIGHT="72"
                          WIDTH="156"
                          VPOS="545"
                          HPOS="513"
                          CONTENT="quam"/>
                  <SP HEIGHT="72" WIDTH="19" VPOS="545" HPOS="669"/>
                  <String HEIGHT="72"
                          WIDTH="195"
                          VPOS="545"
                          HPOS="611"
                          CONTENT="quidem"/>
                  <SP HEIGHT="72" WIDTH="19" VPOS="545" HPOS="805"/>
                  <String HEIGHT="72"
                          WIDTH="272"
                          VPOS="545"
                          HPOS="747"
                          CONTENT="sententiam"/>
                  <SP HEIGHT="72" WIDTH="19" VPOS="545" HPOS="1019"/>
                  <String HEIGHT="72"
                          WIDTH="292"
                          VPOS="545"
                          HPOS="961"
                          CONTENT="integriores"/>
                  <SP HEIGHT="72" WIDTH="19" VPOS="545" HPOS="1253"/>
                  <String HEIGHT="72"
                          WIDTH="156"
                          VPOS="545"
                          HPOS="1194"
                          CONTENT="imis"/>
                  <SP HEIGHT="72" WIDTH="19" VPOS="545" HPOS="1350"/>
                  <String HEIGHT="72"
                          WIDTH="214"
                          VPOS="545"
                          HPOS="1291"
                          CONTENT="auribus"/>
                  <SP HEIGHT="72" WIDTH="19" VPOS="545" HPOS="1505"/>
                  <String HEIGHT="72"
                          WIDTH="272"
                          VPOS="545"
                          HPOS="1447"
                          CONTENT="excipiunt."/>
                  <SP HEIGHT="72" WIDTH="19" VPOS="545" HPOS="1719"/>
                  <String HEIGHT="72"
                          WIDTH="136"
                          VPOS="545"
                          HPOS="1661"
                          CONTENT="Sed"/>
                  <SP HEIGHT="72" WIDTH="19" VPOS="545" HPOS="1797"/>
                  <String HEIGHT="72"
                          WIDTH="156"
                          VPOS="545"
                          HPOS="1719"
                          CONTENT="nascit"/>
               </TextLine>
               <TextLine ID="r1l7"
                         BASELINE="678"
                         HEIGHT="65"
                         WIDTH="1645"
                         VPOS="613"
                         HPOS="235">
                  <String HEIGHT="65" WIDTH="130" VPOS="613" HPOS="213" CONTENT="de"/>
                  <SP HEIGHT="65" WIDTH="22" VPOS="613" HPOS="343"/>
                  <String HEIGHT="65"
                          WIDTH="195"
                          VPOS="613"
                          HPOS="278"
                          CONTENT="ipsis"/>
                  <SP HEIGHT="65" WIDTH="22" VPOS="613" HPOS="473"/>
                  <String HEIGHT="65"
                          WIDTH="281"
                          VPOS="613"
                          HPOS="408"
                          CONTENT="membrorum"/>
                  <SP HEIGHT="65" WIDTH="22" VPOS="613" HPOS="690"/>
                  <String HEIGHT="65"
                          WIDTH="260"
                          VPOS="613"
                          HPOS="625"
                          CONTENT="partibus"/>
                  <SP HEIGHT="65" WIDTH="22" VPOS="613" HPOS="884"/>
                  <String HEIGHT="65"
                          WIDTH="281"
                          VPOS="613"
                          HPOS="819"
                          CONTENT="certamen,"/>
                  <SP HEIGHT="65" WIDTH="22" VPOS="613" HPOS="1101"/>
                  <String HEIGHT="65" WIDTH="130" VPOS="613" HPOS="1036" CONTENT="in"/>
                  <SP HEIGHT="65" WIDTH="22" VPOS="613" HPOS="1166"/>
                  <String HEIGHT="65"
                          WIDTH="152"
                          VPOS="613"
                          HPOS="1101"
                          CONTENT="quo"/>
                  <SP HEIGHT="65" WIDTH="22" VPOS="613" HPOS="1252"/>
                  <String HEIGHT="65"
                          WIDTH="216"
                          VPOS="613"
                          HPOS="1187"
                          CONTENT="maxime"/>
                  <SP HEIGHT="65" WIDTH="22" VPOS="613" HPOS="1404"/>
                  <String HEIGHT="65"
                          WIDTH="368"
                          VPOS="613"
                          HPOS="1339"
                          CONTENT="praestigiator"/>
                  <SP HEIGHT="65" WIDTH="22" VPOS="613" HPOS="1707"/>
                  <String HEIGHT="65"
                          WIDTH="260"
                          VPOS="613"
                          HPOS="1620"
                          CONTENT="Manichaeus"/>
               </TextLine>
               <TextLine ID="r1l8"
                         BASELINE="749"
                         HEIGHT="76"
                         WIDTH="1657"
                         VPOS="673"
                         HPOS="227">
                  <String HEIGHT="76"
                          WIDTH="315"
                          VPOS="673"
                          HPOS="206"
                          CONTENT="exploditur,"/>
                  <SP HEIGHT="76" WIDTH="21" VPOS="673" HPOS="521"/>
                  <String HEIGHT="76" WIDTH="147" VPOS="673" HPOS="458" CONTENT="qui"/>
                  <SP HEIGHT="76" WIDTH="21" VPOS="673" HPOS="605"/>
                  <String HEIGHT="76"
                          WIDTH="231"
                          VPOS="673"
                          HPOS="542"
                          CONTENT="negauit"/>
                  <SP HEIGHT="76" WIDTH="21" VPOS="673" HPOS="772"/>
                  <String HEIGHT="76"
                          WIDTH="189"
                          VPOS="673"
                          HPOS="709"
                          CONTENT="ullum"/>
                  <SP HEIGHT="76" WIDTH="21" VPOS="673" HPOS="898"/>
                  <String HEIGHT="76"
                          WIDTH="210"
                          VPOS="673"
                          HPOS="835"
                          CONTENT="omnino"/>
                  <SP HEIGHT="76" WIDTH="21" VPOS="673" HPOS="1045"/>
                  <String HEIGHT="76" WIDTH="147" VPOS="673" HPOS="982" CONTENT="dei"/>
                  <SP HEIGHT="76" WIDTH="21" VPOS="673" HPOS="1129"/>
                  <String HEIGHT="76"
                          WIDTH="168"
                          VPOS="673"
                          HPOS="1066"
                          CONTENT="esse"/>
                  <SP HEIGHT="76" WIDTH="21" VPOS="673" HPOS="1234"/>
                  <String HEIGHT="76"
                          WIDTH="231"
                          VPOS="673"
                          HPOS="1171"
                          CONTENT="corpus,"/>
                  <SP HEIGHT="76" WIDTH="21" VPOS="673" HPOS="1402"/>
                  <String HEIGHT="76"
                          WIDTH="168"
                          VPOS="673"
                          HPOS="1339"
                          CONTENT="quod"/>
                  <SP HEIGHT="76" WIDTH="21" VPOS="673" HPOS="1506"/>
                  <String HEIGHT="76"
                          WIDTH="315"
                          VPOS="673"
                          HPOS="1444"
                          CONTENT="aspectabile"/>
                  <SP HEIGHT="76" WIDTH="21" VPOS="673" HPOS="1758"/>
                  <String HEIGHT="76"
                          WIDTH="210"
                          VPOS="673"
                          HPOS="1674"
                          CONTENT="oculorum"/>
               </TextLine>
               <TextLine ID="r1l9"
                         BASELINE="804"
                         HEIGHT="74"
                         WIDTH="1650"
                         VPOS="730"
                         HPOS="235">
                  <String HEIGHT="74"
                          WIDTH="204"
                          VPOS="730"
                          HPOS="215"
                          CONTENT="sensum"/>
                  <SP HEIGHT="74" WIDTH="20" VPOS="730" HPOS="418"/>
                  <String HEIGHT="74"
                          WIDTH="285"
                          VPOS="730"
                          HPOS="357"
                          CONTENT="cerneretu."/>
                  <SP HEIGHT="74" WIDTH="20" VPOS="730" HPOS="642"/>
                  <String HEIGHT="74" WIDTH="143" VPOS="730" HPOS="581" CONTENT="Nam"/>
                  <SP HEIGHT="74" WIDTH="20" VPOS="730" HPOS="724"/>
                  <String HEIGHT="74" WIDTH="122" VPOS="730" HPOS="663" CONTENT="si"/>
                  <SP HEIGHT="74" WIDTH="20" VPOS="730" HPOS="785"/>
                  <String HEIGHT="74"
                          WIDTH="163"
                          VPOS="730"
                          HPOS="724"
                          CONTENT="deus"/>
                  <SP HEIGHT="74" WIDTH="20" VPOS="730" HPOS="887"/>
                  <String HEIGHT="74"
                          WIDTH="224"
                          VPOS="730"
                          HPOS="826"
                          CONTENT="humanam"/>
                  <SP HEIGHT="74" WIDTH="20" VPOS="730" HPOS="1050"/>
                  <String HEIGHT="74"
                          WIDTH="224"
                          VPOS="730"
                          HPOS="989"
                          CONTENT="naturam"/>
                  <SP HEIGHT="74" WIDTH="20" VPOS="730" HPOS="1213"/>
                  <String HEIGHT="74"
                          WIDTH="265"
                          VPOS="730"
                          HPOS="1152"
                          CONTENT="arripuit,"/>
                  <SP HEIGHT="74" WIDTH="20" VPOS="730" HPOS="1416"/>
                  <String HEIGHT="74"
                          WIDTH="326"
                          VPOS="730"
                          HPOS="1355"
                          CONTENT="consentaneum"/>
                  <SP HEIGHT="74" WIDTH="20" VPOS="730" HPOS="1681"/>
                  <String HEIGHT="74"
                          WIDTH="204"
                          VPOS="730"
                          HPOS="1620"
                          CONTENT="uideri"/>
                  <SP HEIGHT="74" WIDTH="20" VPOS="730" HPOS="1824"/>
                  <String HEIGHT="74"
                          WIDTH="143"
                          VPOS="730"
                          HPOS="1742"
                          CONTENT="dici"
                          SUBS_TYPE="HypPart1"
                          SUBS_CONTENT="dicimus,"/>
                  <HYP CONTENT="-"/>
               </TextLine>
               <TextLine ID="r1l10"
                         BASELINE="867"
                         HEIGHT="75"
                         WIDTH="1647"
                         VPOS="792"
                         HPOS="232">
                  <String HEIGHT="75"
                          WIDTH="153"
                          VPOS="792"
                          HPOS="213"
                          CONTENT="mus,"
                          SUBS_TYPE="HypPart2"
                          SUBS_CONTENT="dicimus,"/>
                  <SP HEIGHT="75" WIDTH="19" VPOS="792" HPOS="366"/>
                  <String HEIGHT="75" WIDTH="115" VPOS="792" HPOS="309" CONTENT="ut"/>
                  <SP HEIGHT="75" WIDTH="19" VPOS="792" HPOS="424"/>
                  <String HEIGHT="75"
                          WIDTH="172"
                          VPOS="792"
                          HPOS="366"
                          CONTENT="merum"/>
                  <SP HEIGHT="75" WIDTH="19" VPOS="792" HPOS="538"/>
                  <String HEIGHT="75"
                          WIDTH="172"
                          VPOS="792"
                          HPOS="481"
                          CONTENT="etiam"/>
                  <SP HEIGHT="75" WIDTH="19" VPOS="792" HPOS="653"/>
                  <String HEIGHT="75"
                          WIDTH="211"
                          VPOS="792"
                          HPOS="596"
                          CONTENT="humanum"/>
                  <SP HEIGHT="75" WIDTH="19" VPOS="792" HPOS="807"/>
                  <String HEIGHT="75"
                          WIDTH="192"
                          VPOS="792"
                          HPOS="749"
                          CONTENT="corpus"/>
                  <SP HEIGHT="75" WIDTH="19" VPOS="792" HPOS="941"/>
                  <String HEIGHT="75"
                          WIDTH="249"
                          VPOS="792"
                          HPOS="883"
                          CONTENT="asciuerit"/>
                  <SP HEIGHT="75" WIDTH="19" VPOS="792" HPOS="1132"/>
                  <String HEIGHT="75"
                          WIDTH="172"
                          VPOS="792"
                          HPOS="1075"
                          CONTENT="atque"/>
                  <SP HEIGHT="75" WIDTH="19" VPOS="792" HPOS="1247"/>
                  <String HEIGHT="75"
                          WIDTH="172"
                          VPOS="792"
                          HPOS="1190"
                          CONTENT="etiam"/>
                  <SP HEIGHT="75" WIDTH="19" VPOS="792" HPOS="1362"/>
                  <String HEIGHT="75"
                          WIDTH="211"
                          VPOS="792"
                          HPOS="1304"
                          CONTENT="negatur"/>
                  <SP HEIGHT="75" WIDTH="19" VPOS="792" HPOS="1515"/>
                  <String HEIGHT="75" WIDTH="96" VPOS="792" HPOS="1458" CONTENT="a"/>
                  <SP HEIGHT="75" WIDTH="19" VPOS="792" HPOS="1553"/>
                  <String HEIGHT="75"
                          WIDTH="172"
                          VPOS="792"
                          HPOS="1496"
                          CONTENT="nobis"/>
                  <SP HEIGHT="75" WIDTH="19" VPOS="792" HPOS="1668"/>
                  <String HEIGHT="75"
                          WIDTH="153"
                          VPOS="792"
                          HPOS="1611"
                          CONTENT="eius"/>
                  <SP HEIGHT="75" WIDTH="19" VPOS="792" HPOS="1764"/>
                  <String HEIGHT="75"
                          WIDTH="192"
                          VPOS="792"
                          HPOS="1687"
                          CONTENT="coeleste"/>
               </TextLine>
               <TextLine ID="r1l11"
                         BASELINE="923"
                         HEIGHT="69"
                         WIDTH="1635"
                         VPOS="854"
                         HPOS="240">
                  <String HEIGHT="69"
                          WIDTH="212"
                          VPOS="854"
                          HPOS="219"
                          CONTENT="fuisse"/>
                  <SP HEIGHT="69" WIDTH="21" VPOS="854" HPOS="431"/>
                  <String HEIGHT="69"
                          WIDTH="234"
                          VPOS="854"
                          HPOS="367"
                          CONTENT="corpus,"/>
                  <SP HEIGHT="69" WIDTH="21" VPOS="854" HPOS="601"/>
                  <String HEIGHT="69" WIDTH="127" VPOS="854" HPOS="537" CONTENT="ut"/>
                  <SP HEIGHT="69" WIDTH="21" VPOS="854" HPOS="665"/>
                  <String HEIGHT="69"
                          WIDTH="297"
                          VPOS="854"
                          HPOS="601"
                          CONTENT="Valentinus"/>
                  <SP HEIGHT="69" WIDTH="21" VPOS="854" HPOS="898"/>
                  <String HEIGHT="69"
                          WIDTH="212"
                          VPOS="854"
                          HPOS="835"
                          CONTENT="uideri"/>
                  <SP HEIGHT="69" WIDTH="21" VPOS="854" HPOS="1047"/>
                  <String HEIGHT="69"
                          WIDTH="255"
                          VPOS="854"
                          HPOS="983"
                          CONTENT="uolebat."/>
                  <SP HEIGHT="69" WIDTH="21" VPOS="854" HPOS="1238"/>
                  <String HEIGHT="69"
                          WIDTH="149"
                          VPOS="854"
                          HPOS="1174"
                          CONTENT="nam"/>
                  <SP HEIGHT="69" WIDTH="21" VPOS="854" HPOS="1323"/>
                  <String HEIGHT="69"
                          WIDTH="149"
                          VPOS="854"
                          HPOS="1259"
                          CONTENT="cum"/>
                  <SP HEIGHT="69" WIDTH="21" VPOS="854" HPOS="1408"/>
                  <String HEIGHT="69"
                          WIDTH="191"
                          VPOS="854"
                          HPOS="1344"
                          CONTENT="forma"/>
                  <SP HEIGHT="69" WIDTH="21" VPOS="854" HPOS="1535"/>
                  <String HEIGHT="69"
                          WIDTH="234"
                          VPOS="854"
                          HPOS="1472"
                          CONTENT="hominis"/>
                  <SP HEIGHT="69" WIDTH="21" VPOS="854" HPOS="1705"/>
                  <String HEIGHT="69"
                          WIDTH="149"
                          VPOS="854"
                          HPOS="1641"
                          CONTENT="(ut"/>
                  <SP HEIGHT="69" WIDTH="21" VPOS="854" HPOS="1790"/>
                  <String HEIGHT="69"
                          WIDTH="149"
                          VPOS="854"
                          HPOS="1726"
                          CONTENT="ait"/>
                  <SP HEIGHT="69" WIDTH="21" VPOS="854" HPOS="1875"/>
                  <String HEIGHT="69" WIDTH="85" VPOS="854" HPOS="1790" CONTENT="Ar"/>
               </TextLine>
               <TextLine ID="r1l12"
                         BASELINE="994"
                         HEIGHT="73"
                         WIDTH="1645"
                         VPOS="921"
                         HPOS="232">
                  <String HEIGHT="73"
                          WIDTH="238"
                          VPOS="921"
                          HPOS="214"
                          CONTENT="stoteles)"/>
                  <SP HEIGHT="73" WIDTH="18" VPOS="921" HPOS="451"/>
                  <String HEIGHT="73" WIDTH="128" VPOS="921" HPOS="397" CONTENT="res"/>
                  <SP HEIGHT="73" WIDTH="18" VPOS="921" HPOS="524"/>
                  <String HEIGHT="73"
                          WIDTH="201"
                          VPOS="921"
                          HPOS="470"
                          CONTENT="quaedam"/>
                  <SP HEIGHT="73" WIDTH="18" VPOS="921" HPOS="671"/>
                  <String HEIGHT="73"
                          WIDTH="238"
                          VPOS="921"
                          HPOS="616"
                          CONTENT="naturalis"/>
                  <SP HEIGHT="73" WIDTH="18" VPOS="921" HPOS="853"/>
                  <String HEIGHT="73"
                          WIDTH="219"
                          VPOS="921"
                          HPOS="799"
                          CONTENT="dicatur,"/>
                  <SP HEIGHT="73" WIDTH="18" VPOS="921" HPOS="1018"/>
                  <String HEIGHT="73"
                          WIDTH="146"
                          VPOS="921"
                          HPOS="963"
                          CONTENT="quae"/>
                  <SP HEIGHT="73" WIDTH="18" VPOS="921" HPOS="1109"/>
                  <String HEIGHT="73"
                          WIDTH="329"
                          VPOS="921"
                          HPOS="1055"
                          CONTENT="circunscriptam"/>
                  <SP HEIGHT="73" WIDTH="18" VPOS="921" HPOS="1384"/>
                  <String HEIGHT="73"
                          WIDTH="238"
                          VPOS="921"
                          HPOS="1329"
                          CONTENT="materiam,"/>
                  <SP HEIGHT="73" WIDTH="18" VPOS="921" HPOS="1566"/>
                  <String HEIGHT="73" WIDTH="110" VPOS="921" HPOS="1511" CONTENT="id"/>
                  <SP HEIGHT="73" WIDTH="18" VPOS="921" HPOS="1621"/>
                  <String HEIGHT="73"
                          WIDTH="128"
                          VPOS="921"
                          HPOS="1566"
                          CONTENT="est"/>
                  <SP HEIGHT="73" WIDTH="18" VPOS="921" HPOS="1694"/>
                  <String HEIGHT="73"
                          WIDTH="165"
                          VPOS="921"
                          HPOS="1639"
                          CONTENT="cutem"/>
                  <SP HEIGHT="73" WIDTH="18" VPOS="921" HPOS="1804"/>
                  <String HEIGHT="73" WIDTH="91" VPOS="921" HPOS="1749" CONTENT="&amp;"/>
                  <SP HEIGHT="73" WIDTH="18" VPOS="921" HPOS="1840"/>
                  <String HEIGHT="73"
                          WIDTH="110"
                          VPOS="921"
                          HPOS="1767"
                          CONTENT="ossa"/>
               </TextLine>
               <TextLine ID="r1l13"
                         BASELINE="1056"
                         HEIGHT="74"
                         WIDTH="1645"
                         VPOS="982"
                         HPOS="230">
                  <String HEIGHT="74"
                          WIDTH="267"
                          VPOS="982"
                          HPOS="209"
                          CONTENT="requirit,"/>
                  <SP HEIGHT="74" WIDTH="21" VPOS="982" HPOS="477"/>
                  <String HEIGHT="74"
                          WIDTH="185"
                          VPOS="982"
                          HPOS="415"
                          CONTENT="nullo"/>
                  <SP HEIGHT="74" WIDTH="21" VPOS="982" HPOS="600"/>
                  <String HEIGHT="74"
                          WIDTH="165"
                          VPOS="982"
                          HPOS="538"
                          CONTENT="modo"/>
                  <SP HEIGHT="74" WIDTH="21" VPOS="982" HPOS="703"/>
                  <String HEIGHT="74"
                          WIDTH="185"
                          VPOS="982"
                          HPOS="641"
                          CONTENT="fieri"/>
                  <SP HEIGHT="74" WIDTH="21" VPOS="982" HPOS="826"/>
                  <String HEIGHT="74"
                          WIDTH="185"
                          VPOS="982"
                          HPOS="765"
                          CONTENT="posse"/>
                  <SP HEIGHT="74" WIDTH="21" VPOS="982" HPOS="950"/>
                  <String HEIGHT="74"
                          WIDTH="247"
                          VPOS="982"
                          HPOS="888"
                          CONTENT="uolumus,"/>
                  <SP HEIGHT="74" WIDTH="21" VPOS="982" HPOS="1135"/>
                  <String HEIGHT="74"
                          WIDTH="165"
                          VPOS="982"
                          HPOS="1073"
                          CONTENT="quin"/>
                  <SP HEIGHT="74" WIDTH="21" VPOS="982" HPOS="1238"/>
                  <String HEIGHT="74" WIDTH="123" VPOS="982" HPOS="1176" CONTENT="ea"/>
                  <SP HEIGHT="74" WIDTH="21" VPOS="982" HPOS="1299"/>
                  <String HEIGHT="74"
                          WIDTH="206"
                          VPOS="982"
                          HPOS="1238"
                          CONTENT="debeat"/>
                  <SP HEIGHT="74" WIDTH="21" VPOS="982" HPOS="1443"/>
                  <String HEIGHT="74" WIDTH="123" VPOS="982" HPOS="1382" CONTENT="in"/>
                  <SP HEIGHT="74" WIDTH="21" VPOS="982" HPOS="1505"/>
                  <String HEIGHT="74"
                          WIDTH="226"
                          VPOS="982"
                          HPOS="1443"
                          CONTENT="hominis"/>
                  <SP HEIGHT="74" WIDTH="21" VPOS="982" HPOS="1669"/>
                  <String HEIGHT="74"
                          WIDTH="288"
                          VPOS="982"
                          HPOS="1587"
                          CONTENT="definitioneo"/>
               </TextLine>
               <TextLine ID="r1l14"
                         BASELINE="1126"
                         HEIGHT="74"
                         WIDTH="1649"
                         VPOS="1052"
                         HPOS="226">
                  <String HEIGHT="74"
                          WIDTH="183"
                          VPOS="1052"
                          HPOS="206"
                          CONTENT="poni."/>
                  <SP HEIGHT="74" WIDTH="20" VPOS="1052" HPOS="389"/>
                  <String HEIGHT="74"
                          WIDTH="265"
                          VPOS="1052"
                          HPOS="328"
                          CONTENT="Praeterea"/>
                  <SP HEIGHT="74" WIDTH="20" VPOS="1052" HPOS="592"/>
                  <String HEIGHT="74" WIDTH="122" VPOS="1052" HPOS="531" CONTENT="si"/>
                  <SP HEIGHT="74" WIDTH="20" VPOS="1052" HPOS="654"/>
                  <String HEIGHT="74"
                          WIDTH="143"
                          VPOS="1052"
                          HPOS="592"
                          CONTENT="eum"/>
                  <SP HEIGHT="74" WIDTH="20" VPOS="1052" HPOS="735"/>
                  <String HEIGHT="74"
                          WIDTH="244"
                          VPOS="1052"
                          HPOS="674"
                          CONTENT="coelesti"/>
                  <SP HEIGHT="74" WIDTH="20" VPOS="1052" HPOS="918"/>
                  <String HEIGHT="74"
                          WIDTH="224"
                          VPOS="1052"
                          HPOS="857"
                          CONTENT="corpore"/>
                  <SP HEIGHT="74" WIDTH="20" VPOS="1052" HPOS="1081"/>
                  <String HEIGHT="74"
                          WIDTH="244"
                          VPOS="1052"
                          HPOS="1020"
                          CONTENT="constare"/>
                  <SP HEIGHT="74" WIDTH="20" VPOS="1052" HPOS="1264"/>
                  <String HEIGHT="74"
                          WIDTH="285"
                          VPOS="1052"
                          HPOS="1203"
                          CONTENT="diceremus,"/>
                  <SP HEIGHT="74" WIDTH="20" VPOS="1052" HPOS="1488"/>
                  <String HEIGHT="74"
                          WIDTH="204"
                          VPOS="1052"
                          HPOS="1427"
                          CONTENT="fateri"/>
                  <SP HEIGHT="74" WIDTH="20" VPOS="1052" HPOS="1631"/>
                  <String HEIGHT="74"
                          WIDTH="285"
                          VPOS="1052"
                          HPOS="1570"
                          CONTENT="cogeremur,"/>
                  <SP HEIGHT="74" WIDTH="20" VPOS="1052" HPOS="1855"/>
                  <String HEIGHT="74"
                          WIDTH="102"
                          VPOS="1052"
                          HPOS="1773"
                          CONTENT="ne"
                          SUBS_TYPE="HypPart1"
                          SUBS_CONTENT="neesurijsse"/>
                  <HYP CONTENT="-"/>
               </TextLine>
               <TextLine ID="r1l15"
                         BASELINE="1177"
                         HEIGHT="68"
                         WIDTH="1653"
                         VPOS="1109"
                         HPOS="220">
                  <String HEIGHT="68"
                          WIDTH="253"
                          VPOS="1109"
                          HPOS="201"
                          CONTENT="esurijsse"
                          SUBS_TYPE="HypPart2"
                          SUBS_CONTENT="neesurijsse"/>
                  <SP HEIGHT="68" WIDTH="19" VPOS="1109" HPOS="453"/>
                  <String HEIGHT="68"
                          WIDTH="136"
                          VPOS="1109"
                          HPOS="395"
                          CONTENT="eum"/>
                  <SP HEIGHT="68" WIDTH="19" VPOS="1109" HPOS="531"/>
                  <String HEIGHT="68"
                          WIDTH="194"
                          VPOS="1109"
                          HPOS="473"
                          CONTENT="unquam"/>
                  <SP HEIGHT="68" WIDTH="19" VPOS="1109" HPOS="667"/>
                  <String HEIGHT="68"
                          WIDTH="136"
                          VPOS="1109"
                          HPOS="609"
                          CONTENT="nec"/>
                  <SP HEIGHT="68" WIDTH="19" VPOS="1109" HPOS="745"/>
                  <String HEIGHT="68"
                          WIDTH="233"
                          VPOS="1109"
                          HPOS="687"
                          CONTENT="sitisse,"/>
                  <SP HEIGHT="68" WIDTH="19" VPOS="1109" HPOS="920"/>
                  <String HEIGHT="68"
                          WIDTH="136"
                          VPOS="1109"
                          HPOS="862"
                          CONTENT="nec"/>
                  <SP HEIGHT="68" WIDTH="19" VPOS="1109" HPOS="998"/>
                  <String HEIGHT="68"
                          WIDTH="253"
                          VPOS="1109"
                          HPOS="940"
                          CONTENT="moriturum"/>
                  <SP HEIGHT="68" WIDTH="19" VPOS="1109" HPOS="1192"/>
                  <String HEIGHT="68"
                          WIDTH="194"
                          VPOS="1109"
                          HPOS="1134"
                          CONTENT="quidem"/>
                  <SP HEIGHT="68" WIDTH="19" VPOS="1109" HPOS="1328"/>
                  <String HEIGHT="68"
                          WIDTH="194"
                          VPOS="1109"
                          HPOS="1270"
                          CONTENT="fuisse"/>
                  <SP HEIGHT="68" WIDTH="19" VPOS="1109" HPOS="1465"/>
                  <String HEIGHT="68"
                          WIDTH="136"
                          VPOS="1109"
                          HPOS="1406"
                          CONTENT="cum"/>
                  <SP HEIGHT="68" WIDTH="19" VPOS="1109" HPOS="1542"/>
                  <String HEIGHT="68"
                          WIDTH="194"
                          VPOS="1109"
                          HPOS="1484"
                          CONTENT="coelum"/>
                  <SP HEIGHT="68" WIDTH="19" VPOS="1109" HPOS="1679"/>
                  <String HEIGHT="68"
                          WIDTH="175"
                          VPOS="1109"
                          HPOS="1620"
                          CONTENT="eodem"/>
                  <SP HEIGHT="68" WIDTH="19" VPOS="1109" HPOS="1795"/>
                  <String HEIGHT="68"
                          WIDTH="156"
                          VPOS="1109"
                          HPOS="1717"
                          CONTENT="Aristo"/>
               </TextLine>
               <TextLine ID="r1l16"
                         BASELINE="1252"
                         HEIGHT="78"
                         WIDTH="1654"
                         VPOS="1174"
                         HPOS="231">
                  <String HEIGHT="78"
                          WIDTH="152"
                          VPOS="1174"
                          HPOS="212"
                          CONTENT="tele"/>
                  <SP HEIGHT="78" WIDTH="19" VPOS="1174" HPOS="364"/>
                  <String HEIGHT="78"
                          WIDTH="228"
                          VPOS="1174"
                          HPOS="307"
                          CONTENT="auctore,"/>
                  <SP HEIGHT="78" WIDTH="19" VPOS="1174" HPOS="535"/>
                  <String HEIGHT="78"
                          WIDTH="133"
                          VPOS="1174"
                          HPOS="478"
                          CONTENT="nec"/>
                  <SP HEIGHT="78" WIDTH="19" VPOS="1174" HPOS="611"/>
                  <String HEIGHT="78"
                          WIDTH="247"
                          VPOS="1174"
                          HPOS="554"
                          CONTENT="patibilem"/>
                  <SP HEIGHT="78" WIDTH="19" VPOS="1174" HPOS="801"/>
                  <String HEIGHT="78"
                          WIDTH="209"
                          VPOS="1174"
                          HPOS="744"
                          CONTENT="naturam"/>
                  <SP HEIGHT="78" WIDTH="19" VPOS="1174" HPOS="953"/>
                  <String HEIGHT="78"
                          WIDTH="209"
                          VPOS="1174"
                          HPOS="896"
                          CONTENT="habeat,"/>
                  <SP HEIGHT="78" WIDTH="19" VPOS="1174" HPOS="1106"/>
                  <String HEIGHT="78"
                          WIDTH="133"
                          VPOS="1174"
                          HPOS="1048"
                          CONTENT="nec"/>
                  <SP HEIGHT="78" WIDTH="19" VPOS="1174" HPOS="1182"/>
                  <String HEIGHT="78"
                          WIDTH="285"
                          VPOS="1174"
                          HPOS="1125"
                          CONTENT="tabescibile"/>
                  <SP HEIGHT="78" WIDTH="19" VPOS="1174" HPOS="1410"/>
                  <String HEIGHT="78"
                          WIDTH="228"
                          VPOS="1174"
                          HPOS="1353"
                          CONTENT="dicatur."/>
                  <SP HEIGHT="78" WIDTH="19" VPOS="1174" HPOS="1581"/>
                  <String HEIGHT="78"
                          WIDTH="152"
                          VPOS="1174"
                          HPOS="1524"
                          CONTENT="Post"/>
                  <SP HEIGHT="78" WIDTH="19" VPOS="1174" HPOS="1676"/>
                  <String HEIGHT="78"
                          WIDTH="171"
                          VPOS="1174"
                          HPOS="1619"
                          CONTENT="etiam"/>
                  <SP HEIGHT="78" WIDTH="19" VPOS="1174" HPOS="1790"/>
                  <String HEIGHT="78"
                          WIDTH="133"
                          VPOS="1174"
                          HPOS="1733"
                          CONTENT="non"/>
                  <SP HEIGHT="78" WIDTH="19" VPOS="1174" HPOS="1866"/>
                  <String HEIGHT="78"
                          WIDTH="95"
                          VPOS="1174"
                          HPOS="1790"
                          CONTENT="mul"/>
               </TextLine>
               <TextLine ID="r1l17"
                         BASELINE="1315"
                         HEIGHT="62"
                         WIDTH="1653"
                         VPOS="1253"
                         HPOS="228">
                  <String HEIGHT="62" WIDTH="129" VPOS="1253" HPOS="207" CONTENT="to"/>
                  <SP HEIGHT="62" WIDTH="21" VPOS="1253" HPOS="335"/>
                  <String HEIGHT="62"
                          WIDTH="193"
                          VPOS="1253"
                          HPOS="271"
                          CONTENT="secus"/>
                  <SP HEIGHT="62" WIDTH="21" VPOS="1253" HPOS="464"/>
                  <String HEIGHT="62"
                          WIDTH="301"
                          VPOS="1253"
                          HPOS="400"
                          CONTENT="indagamus,"/>
                  <SP HEIGHT="62" WIDTH="21" VPOS="1253" HPOS="700"/>
                  <String HEIGHT="62"
                          WIDTH="150"
                          VPOS="1253"
                          HPOS="636"
                          CONTENT="num"/>
                  <SP HEIGHT="62" WIDTH="21" VPOS="1253" HPOS="786"/>
                  <String HEIGHT="62"
                          WIDTH="215"
                          VPOS="1253"
                          HPOS="722"
                          CONTENT="animam"/>
                  <SP HEIGHT="62" WIDTH="21" VPOS="1253" HPOS="936"/>
                  <String HEIGHT="62"
                          WIDTH="215"
                          VPOS="1253"
                          HPOS="872"
                          CONTENT="quoque"/>
                  <SP HEIGHT="62" WIDTH="21" VPOS="1253" HPOS="1087"/>
                  <String HEIGHT="62"
                          WIDTH="301"
                          VPOS="1253"
                          HPOS="1022"
                          CONTENT="asciuerit."/>
                  <SP HEIGHT="62" WIDTH="21" VPOS="1253" HPOS="1323"/>
                  <String HEIGHT="62"
                          WIDTH="322"
                          VPOS="1253"
                          HPOS="1258"
                          CONTENT="Apollinaris"/>
                  <SP HEIGHT="62" WIDTH="21" VPOS="1253" HPOS="1580"/>
                  <String HEIGHT="62" WIDTH="107" VPOS="1253" HPOS="1516" CONTENT="&amp;"/>
                  <SP HEIGHT="62" WIDTH="21" VPOS="1253" HPOS="1623"/>
                  <String HEIGHT="62"
                          WIDTH="215"
                          VPOS="1253"
                          HPOS="1559"
                          CONTENT="Arrius"/>
                  <SP HEIGHT="62" WIDTH="21" VPOS="1253" HPOS="1774"/>
                  <String HEIGHT="62"
                          WIDTH="193"
                          VPOS="1253"
                          HPOS="1688"
                          CONTENT="maximi"
                          SUBS_TYPE="HypPart1"
                          SUBS_CONTENT="maximihaereticorum"/>
                  <HYP CONTENT="-"/>
               </TextLine>
               <TextLine ID="r1l18"
                         BASELINE="1385"
                         HEIGHT="85"
                         WIDTH="1648"
                         VPOS="1300"
                         HPOS="230">
                  <String HEIGHT="85"
                          WIDTH="303"
                          VPOS="1300"
                          HPOS="211"
                          CONTENT="haereticorum"
                          SUBS_TYPE="HypPart2"
                          SUBS_CONTENT="maximihaereticorum"/>
                  <SP HEIGHT="85" WIDTH="19" VPOS="1300" HPOS="514"/>
                  <String HEIGHT="85"
                          WIDTH="303"
                          VPOS="1300"
                          HPOS="457"
                          CONTENT="calcitrones,"/>
                  <SP HEIGHT="85" WIDTH="19" VPOS="1300" HPOS="760"/>
                  <String HEIGHT="85" WIDTH="95" VPOS="1300" HPOS="704" CONTENT="a"/>
                  <SP HEIGHT="85" WIDTH="19" VPOS="1300" HPOS="798"/>
                  <String HEIGHT="85"
                          WIDTH="133"
                          VPOS="1300"
                          HPOS="741"
                          CONTENT="dei"/>
                  <SP HEIGHT="85" WIDTH="19" VPOS="1300" HPOS="874"/>
                  <String HEIGHT="85"
                          WIDTH="170"
                          VPOS="1300"
                          HPOS="817"
                          CONTENT="filio"/>
                  <SP HEIGHT="85" WIDTH="19" VPOS="1300" HPOS="988"/>
                  <String HEIGHT="85"
                          WIDTH="189"
                          VPOS="1300"
                          HPOS="931"
                          CONTENT="uolunt"/>
                  <SP HEIGHT="85" WIDTH="19" VPOS="1300" HPOS="1120"/>
                  <String HEIGHT="85"
                          WIDTH="152"
                          VPOS="1300"
                          HPOS="1063"
                          CONTENT="sine"/>
                  <SP HEIGHT="85" WIDTH="19" VPOS="1300" HPOS="1215"/>
                  <String HEIGHT="85"
                          WIDTH="170"
                          VPOS="1300"
                          HPOS="1158"
                          CONTENT="anima"/>
                  <SP HEIGHT="85" WIDTH="19" VPOS="1300" HPOS="1329"/>
                  <String HEIGHT="85"
                          WIDTH="208"
                          VPOS="1300"
                          HPOS="1272"
                          CONTENT="ascitam"/>
                  <SP HEIGHT="85" WIDTH="19" VPOS="1300" HPOS="1480"/>
                  <String HEIGHT="85"
                          WIDTH="152"
                          VPOS="1300"
                          HPOS="1423"
                          CONTENT="esse"/>
                  <SP HEIGHT="85" WIDTH="19" VPOS="1300" HPOS="1575"/>
                  <String HEIGHT="85"
                          WIDTH="208"
                          VPOS="1300"
                          HPOS="1518"
                          CONTENT="carnem."/>
                  <SP HEIGHT="85" WIDTH="19" VPOS="1300" HPOS="1726"/>
                  <String HEIGHT="85"
                          WIDTH="114"
                          VPOS="1300"
                          HPOS="1670"
                          CONTENT="In"/>
                  <SP HEIGHT="85" WIDTH="19" VPOS="1300" HPOS="1783"/>
                  <String HEIGHT="85"
                          WIDTH="133"
                          VPOS="1300"
                          HPOS="1726"
                          CONTENT="quo"/>
                  <SP HEIGHT="85" WIDTH="19" VPOS="1300" HPOS="1859"/>
                  <String HEIGHT="85"
                          WIDTH="95"
                          VPOS="1300"
                          HPOS="1783"
                          CONTENT="non"/>
               </TextLine>
               <TextLine ID="r1l19"
                         BASELINE="1451"
                         HEIGHT="83"
                         WIDTH="1666"
                         VPOS="1368"
                         HPOS="220">
                  <String HEIGHT="83"
                          WIDTH="211"
                          VPOS="1368"
                          HPOS="199"
                          CONTENT="uident"/>
                  <SP HEIGHT="83" WIDTH="21" VPOS="1368" HPOS="410"/>
                  <String HEIGHT="83" WIDTH="127" VPOS="1368" HPOS="347" CONTENT="se"/>
                  <SP HEIGHT="83" WIDTH="21" VPOS="1368" HPOS="473"/>
                  <String HEIGHT="83"
                          WIDTH="148"
                          VPOS="1368"
                          HPOS="410"
                          CONTENT="deo"/>
                  <SP HEIGHT="83" WIDTH="21" VPOS="1368" HPOS="557"/>
                  <String HEIGHT="83"
                          WIDTH="169"
                          VPOS="1368"
                          HPOS="494"
                          CONTENT="unam"/>
                  <SP HEIGHT="83" WIDTH="21" VPOS="1368" HPOS="663"/>
                  <String HEIGHT="83"
                          WIDTH="148"
                          VPOS="1368"
                          HPOS="600"
                          CONTENT="non"/>
                  <SP HEIGHT="83" WIDTH="21" VPOS="1368" HPOS="747"/>
                  <String HEIGHT="83"
                          WIDTH="190"
                          VPOS="1368"
                          HPOS="684"
                          CONTENT="binam"/>
                  <SP HEIGHT="83" WIDTH="21" VPOS="1368" HPOS="874"/>
                  <String HEIGHT="83"
                          WIDTH="232"
                          VPOS="1368"
                          HPOS="810"
                          CONTENT="naturam"/>
                  <SP HEIGHT="83" WIDTH="21" VPOS="1368" HPOS="1042"/>
                  <String HEIGHT="83"
                          WIDTH="190"
                          VPOS="1368"
                          HPOS="979"
                          CONTENT="dare,"/>
                  <SP HEIGHT="83" WIDTH="21" VPOS="1368" HPOS="1169"/>
                  <String HEIGHT="83"
                          WIDTH="169"
                          VPOS="1368"
                          HPOS="1106"
                          CONTENT="quod"/>
                  <SP HEIGHT="83" WIDTH="21" VPOS="1368" HPOS="1274"/>
                  <String HEIGHT="83"
                          WIDTH="211"
                          VPOS="1368"
                          HPOS="1211"
                          CONTENT="quidem"/>
                  <SP HEIGHT="83" WIDTH="21" VPOS="1368" HPOS="1422"/>
                  <String HEIGHT="83"
                          WIDTH="190"
                          VPOS="1368"
                          HPOS="1359"
                          CONTENT="fieri"/>
                  <SP HEIGHT="83" WIDTH="21" VPOS="1368" HPOS="1549"/>
                  <String HEIGHT="83"
                          WIDTH="190"
                          VPOS="1368"
                          HPOS="1485"
                          CONTENT="nullo"/>
                  <SP HEIGHT="83" WIDTH="21" VPOS="1368" HPOS="1675"/>
                  <String HEIGHT="83"
                          WIDTH="169"
                          VPOS="1368"
                          HPOS="1612"
                          CONTENT="modo"/>
                  <SP HEIGHT="83" WIDTH="21" VPOS="1368" HPOS="1781"/>
                  <String HEIGHT="83"
                          WIDTH="190"
                          VPOS="1368"
                          HPOS="1696"
                          CONTENT="potest."/>
               </TextLine>
               <TextLine ID="r1l20"
                         BASELINE="1509"
                         HEIGHT="81"
                         WIDTH="1655"
                         VPOS="1428"
                         HPOS="227">
                  <String HEIGHT="81"
                          WIDTH="140"
                          VPOS="1428"
                          HPOS="207"
                          CONTENT="cum"/>
                  <SP HEIGHT="81" WIDTH="20" VPOS="1428" HPOS="347"/>
                  <String HEIGHT="81"
                          WIDTH="179"
                          VPOS="1428"
                          HPOS="287"
                          CONTENT="satis"/>
                  <SP HEIGHT="81" WIDTH="20" VPOS="1428" HPOS="466"/>
                  <String HEIGHT="81"
                          WIDTH="279"
                          VPOS="1428"
                          HPOS="406"
                          CONTENT="exploratum"/>
                  <SP HEIGHT="81" WIDTH="20" VPOS="1428" HPOS="686"/>
                  <String HEIGHT="81"
                          WIDTH="160"
                          VPOS="1428"
                          HPOS="626"
                          CONTENT="sit,"/>
                  <SP HEIGHT="81" WIDTH="20" VPOS="1428" HPOS="785"/>
                  <String HEIGHT="81" WIDTH="100" VPOS="1428" HPOS="725" CONTENT="&amp;"/>
                  <SP HEIGHT="81" WIDTH="20" VPOS="1428" HPOS="825"/>
                  <String HEIGHT="81"
                          WIDTH="199"
                          VPOS="1428"
                          HPOS="765"
                          CONTENT="iratum"/>
                  <SP HEIGHT="81" WIDTH="20" VPOS="1428" HPOS="965"/>
                  <String HEIGHT="81"
                          WIDTH="279"
                          VPOS="1428"
                          HPOS="905"
                          CONTENT="quandoque,"/>
                  <SP HEIGHT="81" WIDTH="20" VPOS="1428" HPOS="1184"/>
                  <String HEIGHT="81" WIDTH="100" VPOS="1428" HPOS="1124" CONTENT="&amp;"/>
                  <SP HEIGHT="81" WIDTH="20" VPOS="1428" HPOS="1224"/>
                  <String HEIGHT="81"
                          WIDTH="199"
                          VPOS="1428"
                          HPOS="1164"
                          CONTENT="miratu"/>
                  <SP HEIGHT="81" WIDTH="20" VPOS="1428" HPOS="1364"/>
                  <String HEIGHT="81"
                          WIDTH="160"
                          VPOS="1428"
                          HPOS="1304"
                          CONTENT="esse"/>
                  <SP HEIGHT="81" WIDTH="20" VPOS="1428" HPOS="1463"/>
                  <String HEIGHT="81"
                          WIDTH="160"
                          VPOS="1428"
                          HPOS="1403"
                          CONTENT="eum,"/>
                  <SP HEIGHT="81" WIDTH="20" VPOS="1428" HPOS="1563"/>
                  <String HEIGHT="81" WIDTH="100" VPOS="1428" HPOS="1503" CONTENT="&amp;"/>
                  <SP HEIGHT="81" WIDTH="20" VPOS="1428" HPOS="1603"/>
                  <String HEIGHT="81"
                          WIDTH="199"
                          VPOS="1428"
                          HPOS="1543"
                          CONTENT="dolore"/>
                  <SP HEIGHT="81" WIDTH="20" VPOS="1428" HPOS="1742"/>
                  <String HEIGHT="81"
                          WIDTH="219"
                          VPOS="1428"
                          HPOS="1663"
                          CONTENT="affectum."/>
               </TextLine>
               <TextLine ID="r1l21"
                         BASELINE="1572"
                         HEIGHT="76"
                         WIDTH="1645"
                         VPOS="1496"
                         HPOS="231">
                  <String HEIGHT="76" WIDTH="118" VPOS="1496" HPOS="211" CONTENT="ex"/>
                  <SP HEIGHT="76" WIDTH="20" VPOS="1496" HPOS="329"/>
                  <String HEIGHT="76"
                          WIDTH="137"
                          VPOS="1496"
                          HPOS="270"
                          CONTENT="quo"/>
                  <SP HEIGHT="76" WIDTH="20" VPOS="1496" HPOS="407"/>
                  <String HEIGHT="76"
                          WIDTH="255"
                          VPOS="1496"
                          HPOS="348"
                          CONTENT="praeclare"/>
                  <SP HEIGHT="76" WIDTH="20" VPOS="1496" HPOS="603"/>
                  <String HEIGHT="76"
                          WIDTH="176"
                          VPOS="1496"
                          HPOS="544"
                          CONTENT="sciri"/>
                  <SP HEIGHT="76" WIDTH="20" VPOS="1496" HPOS="721"/>
                  <String HEIGHT="76"
                          WIDTH="215"
                          VPOS="1496"
                          HPOS="662"
                          CONTENT="potest,"/>
                  <SP HEIGHT="76" WIDTH="20" VPOS="1496" HPOS="877"/>
                  <String HEIGHT="76"
                          WIDTH="176"
                          VPOS="1496"
                          HPOS="819"
                          CONTENT="anima"/>
                  <SP HEIGHT="76" WIDTH="20" VPOS="1496" HPOS="995"/>
                  <String HEIGHT="76"
                          WIDTH="137"
                          VPOS="1496"
                          HPOS="936"
                          CONTENT="eum"/>
                  <SP HEIGHT="76" WIDTH="20" VPOS="1496" HPOS="1073"/>
                  <String HEIGHT="76"
                          WIDTH="196"
                          VPOS="1496"
                          HPOS="1014"
                          CONTENT="omnino"/>
                  <SP HEIGHT="76" WIDTH="20" VPOS="1496" HPOS="1210"/>
                  <String HEIGHT="76"
                          WIDTH="255"
                          VPOS="1496"
                          HPOS="1151"
                          CONTENT="praeditum"/>
                  <SP HEIGHT="76" WIDTH="20" VPOS="1496" HPOS="1406"/>
                  <String HEIGHT="76"
                          WIDTH="215"
                          VPOS="1496"
                          HPOS="1347"
                          CONTENT="fuisse,"/>
                  <SP HEIGHT="76" WIDTH="20" VPOS="1496" HPOS="1563"/>
                  <String HEIGHT="76"
                          WIDTH="157"
                          VPOS="1496"
                          HPOS="1504"
                          CONTENT="quod"/>
                  <SP HEIGHT="76" WIDTH="20" VPOS="1496" HPOS="1661"/>
                  <String HEIGHT="76"
                          WIDTH="118"
                          VPOS="1496"
                          HPOS="1602"
                          CONTENT="ni"/>
                  <SP HEIGHT="76" WIDTH="20" VPOS="1496" HPOS="1719"/>
                  <String HEIGHT="76"
                          WIDTH="137"
                          VPOS="1496"
                          HPOS="1661"
                          CONTENT="ita"/>
                  <SP HEIGHT="76" WIDTH="20" VPOS="1496" HPOS="1798"/>
                  <String HEIGHT="76"
                          WIDTH="157"
                          VPOS="1496"
                          HPOS="1719"
                          CONTENT="esset,"/>
               </TextLine>
               <TextLine ID="r1l22"
                         BASELINE="1636"
                         HEIGHT="68"
                         WIDTH="1647"
                         VPOS="1568"
                         HPOS="232">
                  <String HEIGHT="68"
                          WIDTH="146"
                          VPOS="1568"
                          HPOS="211"
                          CONTENT="nec"/>
                  <SP HEIGHT="68" WIDTH="21" VPOS="1568" HPOS="357"/>
                  <String HEIGHT="68"
                          WIDTH="167"
                          VPOS="1568"
                          HPOS="295"
                          CONTENT="caro"/>
                  <SP HEIGHT="68" WIDTH="21" VPOS="1568" HPOS="461"/>
                  <String HEIGHT="68"
                          WIDTH="208"
                          VPOS="1568"
                          HPOS="399"
                          CONTENT="quidem"/>
                  <SP HEIGHT="68" WIDTH="21" VPOS="1568" HPOS="607"/>
                  <String HEIGHT="68" WIDTH="125" VPOS="1568" HPOS="545" CONTENT="ab"/>
                  <SP HEIGHT="68" WIDTH="21" VPOS="1568" HPOS="670"/>
                  <String HEIGHT="68" WIDTH="125" VPOS="1568" HPOS="607" CONTENT="eo"/>
                  <SP HEIGHT="68" WIDTH="21" VPOS="1568" HPOS="732"/>
                  <String HEIGHT="68"
                          WIDTH="188"
                          VPOS="1568"
                          HPOS="670"
                          CONTENT="esset"/>
                  <SP HEIGHT="68" WIDTH="21" VPOS="1568" HPOS="857"/>
                  <String HEIGHT="68"
                          WIDTH="208"
                          VPOS="1568"
                          HPOS="795"
                          CONTENT="ascita"/>
                  <SP HEIGHT="68" WIDTH="21" VPOS="1568" HPOS="1003"/>
                  <String HEIGHT="68"
                          WIDTH="208"
                          VPOS="1568"
                          HPOS="941"
                          CONTENT="quando"/>
                  <SP HEIGHT="68" WIDTH="21" VPOS="1568" HPOS="1149"/>
                  <String HEIGHT="68"
                          WIDTH="208"
                          VPOS="1568"
                          HPOS="1087"
                          CONTENT="quidem"/>
                  <SP HEIGHT="68" WIDTH="21" VPOS="1568" HPOS="1295"/>
                  <String HEIGHT="68"
                          WIDTH="167"
                          VPOS="1568"
                          HPOS="1233"
                          CONTENT="caro"/>
                  <SP HEIGHT="68" WIDTH="21" VPOS="1568" HPOS="1399"/>
                  <String HEIGHT="68"
                          WIDTH="271"
                          VPOS="1568"
                          HPOS="1337"
                          CONTENT="membraque"/>
                  <SP HEIGHT="68" WIDTH="21" VPOS="1568" HPOS="1608"/>
                  <String HEIGHT="68"
                          WIDTH="229"
                          VPOS="1568"
                          HPOS="1545"
                          CONTENT="hominis"/>
                  <SP HEIGHT="68" WIDTH="21" VPOS="1568" HPOS="1775"/>
                  <String HEIGHT="68"
                          WIDTH="188"
                          VPOS="1568"
                          HPOS="1691"
                          CONTENT="speciem"/>
               </TextLine>
               <TextLine ID="r1l23"
                         BASELINE="1711"
                         HEIGHT="93"
                         WIDTH="1655"
                         VPOS="1618"
                         HPOS="230">
                  <String HEIGHT="93" WIDTH="117" VPOS="1618" HPOS="211" CONTENT="ab"/>
                  <SP HEIGHT="93" WIDTH="19" VPOS="1618" HPOS="327"/>
                  <String HEIGHT="93"
                          WIDTH="175"
                          VPOS="1618"
                          HPOS="269"
                          CONTENT="anima"/>
                  <SP HEIGHT="93" WIDTH="19" VPOS="1618" HPOS="444"/>
                  <String HEIGHT="93"
                          WIDTH="273"
                          VPOS="1618"
                          HPOS="386"
                          CONTENT="suscipiant"/>
                  <SP HEIGHT="93" WIDTH="19" VPOS="1618" HPOS="658"/>
                  <String HEIGHT="93"
                          WIDTH="234"
                          VPOS="1618"
                          HPOS="600"
                          CONTENT="Eodemque"/>
                  <SP HEIGHT="93" WIDTH="19" VPOS="1618" HPOS="834"/>
                  <String HEIGHT="93"
                          WIDTH="156"
                          VPOS="1618"
                          HPOS="775"
                          CONTENT="modo"/>
                  <SP HEIGHT="93" WIDTH="19" VPOS="1618" HPOS="931"/>
                  <String HEIGHT="93"
                          WIDTH="214"
                          VPOS="1618"
                          HPOS="873"
                          CONTENT="dicimus"/>
                  <SP HEIGHT="93" WIDTH="19" VPOS="1618" HPOS="1087"/>
                  <String HEIGHT="93"
                          WIDTH="117"
                          VPOS="1618"
                          HPOS="1028"
                          CONTENT="ab"/>
                  <SP HEIGHT="93" WIDTH="19" VPOS="1618" HPOS="1145"/>
                  <String HEIGHT="93"
                          WIDTH="117"
                          VPOS="1618"
                          HPOS="1087"
                          CONTENT="eo"/>
                  <SP HEIGHT="93" WIDTH="19" VPOS="1618" HPOS="1204"/>
                  <String HEIGHT="93"
                          WIDTH="350"
                          VPOS="1618"
                          HPOS="1145"
                          CONTENT="intelligentiam"/>
                  <SP HEIGHT="93" WIDTH="19" VPOS="1618" HPOS="1496"/>
                  <String HEIGHT="93" WIDTH="97" VPOS="1618" HPOS="1437" CONTENT="&amp;"/>
                  <SP HEIGHT="93" WIDTH="19" VPOS="1618" HPOS="1535"/>
                  <String HEIGHT="93"
                          WIDTH="195"
                          VPOS="1618"
                          HPOS="1476"
                          CONTENT="mentem"/>
                  <SP HEIGHT="93" WIDTH="19" VPOS="1618" HPOS="1671"/>
                  <String HEIGHT="93"
                          WIDTH="156"
                          VPOS="1618"
                          HPOS="1612"
                          CONTENT="esse"/>
                  <SP HEIGHT="93" WIDTH="19" VPOS="1618" HPOS="1768"/>
                  <String HEIGHT="93"
                          WIDTH="195"
                          VPOS="1618"
                          HPOS="1690"
                          CONTENT="ascitam."/>
               </TextLine>
               <TextLine ID="r1l24"
                         BASELINE="1771"
                         HEIGHT="84"
                         WIDTH="1022"
                         VPOS="1687"
                         HPOS="535">
                  <String HEIGHT="84" WIDTH="267" VPOS="1687" HPOS="491" CONTENT="DE"/>
                  <SP HEIGHT="84" WIDTH="44" VPOS="1687" HPOS="757"/>
                  <String HEIGHT="84"
                          WIDTH="667"
                          VPOS="1687"
                          HPOS="624"
                          CONTENT="PEREECTIONE"/>
                  <SP HEIGHT="84" WIDTH="44" VPOS="1687" HPOS="1290"/>
                  <String HEIGHT="84"
                          WIDTH="444"
                          VPOS="1687"
                          HPOS="1113"
                          CONTENT="CHRISTI."/>
               </TextLine>
               <TextLine ID="r1l26"
                         BASELINE="1839"
                         HEIGHT="90"
                         WIDTH="911"
                         VPOS="1749"
                         HPOS="610">
                  <String HEIGHT="90"
                          WIDTH="671"
                          VPOS="1749"
                          HPOS="562"
                          CONTENT="DISTINCTIO"/>
                  <SP HEIGHT="90" WIDTH="48" VPOS="1749" HPOS="1233"/>
                  <String HEIGHT="90"
                          WIDTH="479"
                          VPOS="1749"
                          HPOS="1042"
                          CONTENT="SECVNDA."/>
               </TextLine>
               <TextLine ID="line_1601217145243_896"
                         BASELINE="1891"
                         HEIGHT="74"
                         WIDTH="1401"
                         VPOS="1817"
                         HPOS="471">
                  <String HEIGHT="74" WIDTH="127" VPOS="1817" HPOS="450" CONTENT="Ed"/>
                  <SP HEIGHT="74" WIDTH="21" VPOS="1817" HPOS="577"/>
                  <String HEIGHT="74"
                          WIDTH="170"
                          VPOS="1817"
                          HPOS="513"
                          CONTENT="nunc"/>
                  <SP HEIGHT="74" WIDTH="21" VPOS="1817" HPOS="683"/>
                  <String HEIGHT="74" WIDTH="127" VPOS="1817" HPOS="620" CONTENT="de"/>
                  <SP HEIGHT="74" WIDTH="21" VPOS="1817" HPOS="747"/>
                  <String HEIGHT="74"
                          WIDTH="149"
                          VPOS="1817"
                          HPOS="683"
                          CONTENT="his"/>
                  <SP HEIGHT="74" WIDTH="21" VPOS="1817" HPOS="832"/>
                  <String HEIGHT="74"
                          WIDTH="170"
                          VPOS="1817"
                          HPOS="768"
                          CONTENT="quae"/>
                  <SP HEIGHT="74" WIDTH="21" VPOS="1817" HPOS="938"/>
                  <String HEIGHT="74"
                          WIDTH="149"
                          VPOS="1817"
                          HPOS="874"
                          CONTENT="dei"/>
                  <SP HEIGHT="74" WIDTH="21" VPOS="1817" HPOS="1023"/>
                  <String HEIGHT="74"
                          WIDTH="212"
                          VPOS="1817"
                          HPOS="959"
                          CONTENT="filius"/>
                  <SP HEIGHT="74" WIDTH="21" VPOS="1817" HPOS="1172"/>
                  <String HEIGHT="74"
                          WIDTH="127"
                          VPOS="1817"
                          HPOS="1108"
                          CONTENT="ex"/>
                  <SP HEIGHT="74" WIDTH="21" VPOS="1817" HPOS="1235"/>
                  <String HEIGHT="74"
                          WIDTH="212"
                          VPOS="1817"
                          HPOS="1172"
                          CONTENT="humana"/>
                  <SP HEIGHT="74" WIDTH="21" VPOS="1817" HPOS="1384"/>
                  <String HEIGHT="74"
                          WIDTH="212"
                          VPOS="1817"
                          HPOS="1320"
                          CONTENT="natura"/>
                  <SP HEIGHT="74" WIDTH="21" VPOS="1817" HPOS="1532"/>
                  <String HEIGHT="74"
                          WIDTH="255"
                          VPOS="1817"
                          HPOS="1469"
                          CONTENT="asciuit,"/>
                  <SP HEIGHT="74" WIDTH="21" VPOS="1817" HPOS="1723"/>
                  <String HEIGHT="74"
                          WIDTH="234"
                          VPOS="1817"
                          HPOS="1639"
                          CONTENT="dicenidum"/>
               </TextLine>
               <TextLine ID="r1l29"
                         BASELINE="1963"
                         HEIGHT="79"
                         WIDTH="1395"
                         VPOS="1884"
                         HPOS="482">
                  <String HEIGHT="79"
                          WIDTH="185"
                          VPOS="1884"
                          HPOS="461"
                          CONTENT="erit."/>
                  <SP HEIGHT="79" WIDTH="21" VPOS="1884" HPOS="646"/>
                  <String HEIGHT="79" WIDTH="123" VPOS="1884" HPOS="585" CONTENT="In"/>
                  <SP HEIGHT="79" WIDTH="21" VPOS="1884" HPOS="708"/>
                  <String HEIGHT="79"
                          WIDTH="144"
                          VPOS="1884"
                          HPOS="646"
                          CONTENT="quo"/>
                  <SP HEIGHT="79" WIDTH="21" VPOS="1884" HPOS="790"/>
                  <String HEIGHT="79"
                          WIDTH="205"
                          VPOS="1884"
                          HPOS="728"
                          CONTENT="quidem"/>
                  <SP HEIGHT="79" WIDTH="21" VPOS="1884" HPOS="933"/>
                  <String HEIGHT="79"
                          WIDTH="287"
                          VPOS="1884"
                          HPOS="872"
                          CONTENT="rectissime"/>
                  <SP HEIGHT="79" WIDTH="21" VPOS="1884" HPOS="1159"/>
                  <String HEIGHT="79"
                          WIDTH="246"
                          VPOS="1884"
                          HPOS="1097"
                          CONTENT="probamus"/>
                  <SP HEIGHT="79" WIDTH="21" VPOS="1884" HPOS="1344"/>
                  <String HEIGHT="79"
                          WIDTH="164"
                          VPOS="1884"
                          HPOS="1282"
                          CONTENT="eius"/>
                  <SP HEIGHT="79" WIDTH="21" VPOS="1884" HPOS="1446"/>
                  <String HEIGHT="79"
                          WIDTH="205"
                          VPOS="1884"
                          HPOS="1385"
                          CONTENT="animae"/>
                  <SP HEIGHT="79" WIDTH="21" VPOS="1884" HPOS="1590"/>
                  <String HEIGHT="79"
                          WIDTH="205"
                          VPOS="1884"
                          HPOS="1528"
                          CONTENT="habitu"/>
                  <SP HEIGHT="79" WIDTH="21" VPOS="1884" HPOS="1733"/>
                  <String HEIGHT="79"
                          WIDTH="226"
                          VPOS="1884"
                          HPOS="1651"
                          CONTENT="praeditam"/>
               </TextLine>
               <TextLine ID="r1l30"
                         BASELINE="2026"
                         HEIGHT="82"
                         WIDTH="1432"
                         VPOS="1944"
                         HPOS="447">
                  <String HEIGHT="82"
                          WIDTH="208"
                          VPOS="1944"
                          HPOS="426"
                          CONTENT="fuisse"/>
                  <SP HEIGHT="82" WIDTH="21" VPOS="1944" HPOS="634"/>
                  <String HEIGHT="82"
                          WIDTH="228"
                          VPOS="1944"
                          HPOS="572"
                          CONTENT="gratiam"/>
                  <SP HEIGHT="82" WIDTH="21" VPOS="1944" HPOS="800"/>
                  <String HEIGHT="82" WIDTH="104" VPOS="1944" HPOS="738" CONTENT="."/>
                  <SP HEIGHT="82" WIDTH="21" VPOS="1944" HPOS="841"/>
                  <String HEIGHT="82"
                          WIDTH="187"
                          VPOS="1944"
                          HPOS="779"
                          CONTENT="idque"/>
                  <SP HEIGHT="82" WIDTH="21" VPOS="1944" HPOS="966"/>
                  <String HEIGHT="82" WIDTH="125" VPOS="1944" HPOS="904" CONTENT="ex"/>
                  <SP HEIGHT="82" WIDTH="21" VPOS="1944" HPOS="1028"/>
                  <String HEIGHT="82"
                          WIDTH="208"
                          VPOS="1944"
                          HPOS="966"
                          CONTENT="animae"/>
                  <SP HEIGHT="82" WIDTH="21" VPOS="1944" HPOS="1173"/>
                  <String HEIGHT="82" WIDTH="104" VPOS="1944" HPOS="1111" CONTENT="&amp;"/>
                  <SP HEIGHT="82" WIDTH="21" VPOS="1944" HPOS="1215"/>
                  <String HEIGHT="82"
                          WIDTH="187"
                          VPOS="1944"
                          HPOS="1153"
                          CONTENT="uerbi"/>
                  <SP HEIGHT="82" WIDTH="21" VPOS="1944" HPOS="1339"/>
                  <String HEIGHT="82"
                          WIDTH="291"
                          VPOS="1944"
                          HPOS="1277"
                          CONTENT="consociata"/>
                  <SP HEIGHT="82" WIDTH="21" VPOS="1944" HPOS="1568"/>
                  <String HEIGHT="82"
                          WIDTH="208"
                          VPOS="1944"
                          HPOS="1505"
                          CONTENT="natura"/>
                  <SP HEIGHT="82" WIDTH="21" VPOS="1944" HPOS="1713"/>
                  <String HEIGHT="82"
                          WIDTH="208"
                          VPOS="1944"
                          HPOS="1651"
                          CONTENT="natum."/>
                  <SP HEIGHT="82" WIDTH="21" VPOS="1944" HPOS="1858"/>
                  <String HEIGHT="82"
                          WIDTH="104"
                          VPOS="1944"
                          HPOS="1775"
                          CONTENT="Nam"/>
               </TextLine>
               <TextLine ID="line_1601217138631_888"
                         BASELINE="2096"
                         HEIGHT="87"
                         WIDTH="1403"
                         VPOS="2009"
                         HPOS="471">
                  <String HEIGHT="87"
                          WIDTH="136"
                          VPOS="2009"
                          HPOS="452"
                          CONTENT="quo"/>
                  <SP HEIGHT="87" WIDTH="19" VPOS="2009" HPOS="588"/>
                  <String HEIGHT="87"
                          WIDTH="175"
                          VPOS="2009"
                          HPOS="529"
                          CONTENT="magis"/>
                  <SP HEIGHT="87" WIDTH="19" VPOS="2009" HPOS="705"/>
                  <String HEIGHT="87"
                          WIDTH="136"
                          VPOS="2009"
                          HPOS="646"
                          CONTENT="est"/>
                  <SP HEIGHT="87" WIDTH="19" VPOS="2009" HPOS="783"/>
                  <String HEIGHT="87"
                          WIDTH="136"
                          VPOS="2009"
                          HPOS="724"
                          CONTENT="res"/>
                  <SP HEIGHT="87" WIDTH="19" VPOS="2009" HPOS="861"/>
                  <String HEIGHT="87"
                          WIDTH="273"
                          VPOS="2009"
                          HPOS="802"
                          CONTENT="susceptrix"/>
                  <SP HEIGHT="87" WIDTH="19" VPOS="2009" HPOS="1075"/>
                  <String HEIGHT="87"
                          WIDTH="253"
                          VPOS="2009"
                          HPOS="1017"
                          CONTENT="influenti"/>
                  <SP HEIGHT="87" WIDTH="19" VPOS="2009" HPOS="1270"/>
                  <String HEIGHT="87"
                          WIDTH="195"
                          VPOS="2009"
                          HPOS="1211"
                          CONTENT="causae"/>
                  <SP HEIGHT="87" WIDTH="19" VPOS="2009" HPOS="1406"/>
                  <String HEIGHT="87"
                          WIDTH="253"
                          VPOS="2009"
                          HPOS="1348"
                          CONTENT="finitima,"/>
                  <SP HEIGHT="87" WIDTH="19" VPOS="2009" HPOS="1601"/>
                  <String HEIGHT="87"
                          WIDTH="117"
                          VPOS="2009"
                          HPOS="1543"
                          CONTENT="eo"/>
                  <SP HEIGHT="87" WIDTH="19" VPOS="2009" HPOS="1660"/>
                  <String HEIGHT="87"
                          WIDTH="234"
                          VPOS="2009"
                          HPOS="1601"
                          CONTENT="fusionis"/>
                  <SP HEIGHT="87" WIDTH="19" VPOS="2009" HPOS="1835"/>
                  <String HEIGHT="87" WIDTH="97" VPOS="2009" HPOS="1777" CONTENT="&amp;"/>
                  <SP HEIGHT="87" WIDTH="19" VPOS="2009" HPOS="1874"/>
                  <String HEIGHT="87" WIDTH="78" VPOS="2009" HPOS="1796" CONTENT="af"/>
               </TextLine>
               <TextLine ID="r1l32"
                         BASELINE="2143"
                         HEIGHT="72"
                         WIDTH="1659"
                         VPOS="2071"
                         HPOS="216">
                  <String HEIGHT="72"
                          WIDTH="200"
                          VPOS="2071"
                          HPOS="196"
                          CONTENT="flatus"/>
                  <SP HEIGHT="72" WIDTH="20" VPOS="2071" HPOS="396"/>
                  <String HEIGHT="72"
                          WIDTH="200"
                          VPOS="2071"
                          HPOS="336"
                          CONTENT="illius"/>
                  <SP HEIGHT="72" WIDTH="20" VPOS="2071" HPOS="536"/>
                  <String HEIGHT="72"
                          WIDTH="220"
                          VPOS="2071"
                          HPOS="476"
                          CONTENT="uberius"/>
                  <SP HEIGHT="72" WIDTH="20" VPOS="2071" HPOS="696"/>
                  <String HEIGHT="72"
                          WIDTH="140"
                          VPOS="2071"
                          HPOS="636"
                          CONTENT="est"/>
                  <SP HEIGHT="72" WIDTH="20" VPOS="2071" HPOS="776"/>
                  <String HEIGHT="72"
                          WIDTH="280"
                          VPOS="2071"
                          HPOS="716"
                          CONTENT="particeps,"/>
                  <SP HEIGHT="72" WIDTH="20" VPOS="2071" HPOS="996"/>
                  <String HEIGHT="72"
                          WIDTH="140"
                          VPOS="2071"
                          HPOS="936"
                          CONTENT="cum"/>
                  <SP HEIGHT="72" WIDTH="20" VPOS="2071" HPOS="1075"/>
                  <String HEIGHT="72"
                          WIDTH="180"
                          VPOS="2071"
                          HPOS="1016"
                          CONTENT="autem"/>
                  <SP HEIGHT="72" WIDTH="20" VPOS="2071" HPOS="1195"/>
                  <String HEIGHT="72"
                          WIDTH="220"
                          VPOS="2071"
                          HPOS="1135"
                          CONTENT="gratiae"/>
                  <SP HEIGHT="72" WIDTH="20" VPOS="2071" HPOS="1355"/>
                  <String HEIGHT="72"
                          WIDTH="180"
                          VPOS="2071"
                          HPOS="1295"
                          CONTENT="fusio"/>
                  <SP HEIGHT="72" WIDTH="20" VPOS="2071" HPOS="1475"/>
                  <String HEIGHT="72"
                          WIDTH="120"
                          VPOS="2071"
                          HPOS="1415"
                          CONTENT="ex"/>
                  <SP HEIGHT="72" WIDTH="20" VPOS="2071" HPOS="1535"/>
                  <String HEIGHT="72"
                          WIDTH="280"
                          VPOS="2071"
                          HPOS="1475"
                          CONTENT="diuinitate"/>
                  <SP HEIGHT="72" WIDTH="20" VPOS="2071" HPOS="1755"/>
                  <String HEIGHT="72"
                          WIDTH="200"
                          VPOS="2071"
                          HPOS="1675"
                          CONTENT="dimanet,"/>
               </TextLine>
               <TextLine ID="r1l33"
                         BASELINE="2211"
                         HEIGHT="76"
                         WIDTH="1641"
                         VPOS="2135"
                         HPOS="229">
                  <String HEIGHT="76"
                          WIDTH="302"
                          VPOS="2135"
                          HPOS="210"
                          CONTENT="consentaneum"/>
                  <SP HEIGHT="76" WIDTH="19" VPOS="2135" HPOS="512"/>
                  <String HEIGHT="76"
                          WIDTH="189"
                          VPOS="2135"
                          HPOS="455"
                          CONTENT="uideri"/>
                  <SP HEIGHT="76" WIDTH="19" VPOS="2135" HPOS="644"/>
                  <String HEIGHT="76"
                          WIDTH="226"
                          VPOS="2135"
                          HPOS="587"
                          CONTENT="dicimus,"/>
                  <SP HEIGHT="76" WIDTH="19" VPOS="2135" HPOS="814"/>
                  <String HEIGHT="76" WIDTH="113" VPOS="2135" HPOS="757" CONTENT="ex"/>
                  <SP HEIGHT="76" WIDTH="19" VPOS="2135" HPOS="870"/>
                  <String HEIGHT="76"
                          WIDTH="264"
                          VPOS="2135"
                          HPOS="814"
                          CONTENT="diuinitate"/>
                  <SP HEIGHT="76" WIDTH="19" VPOS="2135" HPOS="1078"/>
                  <String HEIGHT="76"
                          WIDTH="151"
                          VPOS="2135"
                          HPOS="1021"
                          CONTENT="illi"/>
                  <SP HEIGHT="76" WIDTH="19" VPOS="2135" HPOS="1172"/>
                  <String HEIGHT="76"
                          WIDTH="189"
                          VPOS="2135"
                          HPOS="1116"
                          CONTENT="animae"/>
                  <SP HEIGHT="76" WIDTH="19" VPOS="2135" HPOS="1304"/>
                  <String HEIGHT="76"
                          WIDTH="207"
                          VPOS="2135"
                          HPOS="1248"
                          CONTENT="insitam"/>
                  <SP HEIGHT="76" WIDTH="19" VPOS="2135" HPOS="1455"/>
                  <String HEIGHT="76"
                          WIDTH="151"
                          VPOS="2135"
                          HPOS="1398"
                          CONTENT="esse"/>
                  <SP HEIGHT="76" WIDTH="19" VPOS="2135" HPOS="1549"/>
                  <String HEIGHT="76"
                          WIDTH="226"
                          VPOS="2135"
                          HPOS="1493"
                          CONTENT="gratiam."/>
                  <SP HEIGHT="76" WIDTH="19" VPOS="2135" HPOS="1719"/>
                  <String HEIGHT="76"
                          WIDTH="132"
                          VPOS="2135"
                          HPOS="1663"
                          CONTENT="Sed"/>
                  <SP HEIGHT="76" WIDTH="19" VPOS="2135" HPOS="1795"/>
                  <String HEIGHT="76"
                          WIDTH="151"
                          VPOS="2135"
                          HPOS="1719"
                          CONTENT="exorit"/>
               </TextLine>
               <TextLine ID="r1l34"
                         BASELINE="2273"
                         HEIGHT="73"
                         WIDTH="1653"
                         VPOS="2200"
                         HPOS="220">
                  <String HEIGHT="73"
                          WIDTH="148"
                          VPOS="2200"
                          HPOS="199"
                          CONTENT="hoc"/>
                  <SP HEIGHT="73" WIDTH="21" VPOS="2200" HPOS="347"/>
                  <String HEIGHT="73"
                          WIDTH="170"
                          VPOS="2200"
                          HPOS="284"
                          CONTENT="loco"/>
                  <SP HEIGHT="73" WIDTH="21" VPOS="2200" HPOS="453"/>
                  <String HEIGHT="73"
                          WIDTH="360"
                          VPOS="2200"
                          HPOS="390"
                          CONTENT="controuersia,"/>
                  <SP HEIGHT="73" WIDTH="21" VPOS="2200" HPOS="750"/>
                  <String HEIGHT="73"
                          WIDTH="148"
                          VPOS="2200"
                          HPOS="686"
                          CONTENT="num"/>
                  <SP HEIGHT="73" WIDTH="21" VPOS="2200" HPOS="835"/>
                  <String HEIGHT="73"
                          WIDTH="318"
                          VPOS="2200"
                          HPOS="771"
                          CONTENT="liberatoris"/>
                  <SP HEIGHT="73" WIDTH="21" VPOS="2200" HPOS="1089"/>
                  <String HEIGHT="73"
                          WIDTH="233"
                          VPOS="2200"
                          HPOS="1025"
                          CONTENT="Christi"/>
                  <SP HEIGHT="73" WIDTH="21" VPOS="2200" HPOS="1258"/>
                  <String HEIGHT="73"
                          WIDTH="212"
                          VPOS="2200"
                          HPOS="1195"
                          CONTENT="gratia"/>
                  <SP HEIGHT="73" WIDTH="21" VPOS="2200" HPOS="1407"/>
                  <String HEIGHT="73"
                          WIDTH="170"
                          VPOS="2200"
                          HPOS="1343"
                          CONTENT="actu"/>
                  <SP HEIGHT="73" WIDTH="21" VPOS="2200" HPOS="1513"/>
                  <String HEIGHT="73"
                          WIDTH="318"
                          VPOS="2200"
                          HPOS="1449"
                          CONTENT="interminata"/>
                  <SP HEIGHT="73" WIDTH="21" VPOS="2200" HPOS="1767"/>
                  <String HEIGHT="73"
                          WIDTH="191"
                          VPOS="2200"
                          HPOS="1682"
                          CONTENT="dicatur"/>
               </TextLine>
               <TextLine ID="r1l35"
                         BASELINE="2338"
                         HEIGHT="70"
                         WIDTH="1660"
                         VPOS="2268"
                         HPOS="219">
                  <String HEIGHT="70"
                          WIDTH="259"
                          VPOS="2268"
                          HPOS="197"
                          CONTENT="Aureolus"/>
                  <SP HEIGHT="70" WIDTH="22" VPOS="2268" HPOS="456"/>
                  <String HEIGHT="70"
                          WIDTH="172"
                          VPOS="2268"
                          HPOS="391"
                          CONTENT="enim"/>
                  <SP HEIGHT="70" WIDTH="22" VPOS="2268" HPOS="564"/>
                  <String HEIGHT="70"
                          WIDTH="172"
                          VPOS="2268"
                          HPOS="499"
                          CONTENT="quem"/>
                  <SP HEIGHT="70" WIDTH="22" VPOS="2268" HPOS="672"/>
                  <String HEIGHT="70" WIDTH="129" VPOS="2268" HPOS="607" CONTENT="in"/>
                  <SP HEIGHT="70" WIDTH="22" VPOS="2268" HPOS="736"/>
                  <String HEIGHT="70"
                          WIDTH="216"
                          VPOS="2268"
                          HPOS="672"
                          CONTENT="summis"/>
                  <SP HEIGHT="70" WIDTH="22" VPOS="2268" HPOS="887"/>
                  <String HEIGHT="70"
                          WIDTH="280"
                          VPOS="2268"
                          HPOS="823"
                          CONTENT="theologis"/>
                  <SP HEIGHT="70" WIDTH="22" VPOS="2268" HPOS="1103"/>
                  <String HEIGHT="70"
                          WIDTH="237"
                          VPOS="2268"
                          HPOS="1038"
                          CONTENT="habitum"/>
                  <SP HEIGHT="70" WIDTH="22" VPOS="2268" HPOS="1275"/>
                  <String HEIGHT="70"
                          WIDTH="259"
                          VPOS="2268"
                          HPOS="1211"
                          CONTENT="uidemus,"/>
                  <SP HEIGHT="70" WIDTH="22" VPOS="2268" HPOS="1469"/>
                  <String HEIGHT="70"
                          WIDTH="151"
                          VPOS="2268"
                          HPOS="1405"
                          CONTENT="dum"/>
                  <SP HEIGHT="70" WIDTH="22" VPOS="2268" HPOS="1556"/>
                  <String HEIGHT="70"
                          WIDTH="194"
                          VPOS="2268"
                          HPOS="1491"
                          CONTENT="huius"/>
                  <SP HEIGHT="70" WIDTH="22" VPOS="2268" HPOS="1685"/>
                  <String HEIGHT="70"
                          WIDTH="280"
                          VPOS="2268"
                          HPOS="1599"
                          CONTENT="quaestionis"/>
               </TextLine>
               <TextLine ID="r1l36"
                         BASELINE="2395"
                         HEIGHT="64"
                         WIDTH="1658"
                         VPOS="2331"
                         HPOS="220">
                  <String HEIGHT="64"
                          WIDTH="168"
                          VPOS="2331"
                          HPOS="199"
                          CONTENT="imum"/>
                  <SP HEIGHT="64" WIDTH="21" VPOS="2331" HPOS="367"/>
                  <String HEIGHT="64"
                          WIDTH="252"
                          VPOS="2331"
                          HPOS="304"
                          CONTENT="quaerit,"/>
                  <SP HEIGHT="64" WIDTH="21" VPOS="2331" HPOS="556"/>
                  <String HEIGHT="64"
                          WIDTH="189"
                          VPOS="2331"
                          HPOS="493"
                          CONTENT="negat"/>
                  <SP HEIGHT="64" WIDTH="21" VPOS="2331" HPOS="682"/>
                  <String HEIGHT="64"
                          WIDTH="147"
                          VPOS="2331"
                          HPOS="619"
                          CONTENT="eam"/>
                  <SP HEIGHT="64" WIDTH="21" VPOS="2331" HPOS="766"/>
                  <String HEIGHT="64"
                          WIDTH="231"
                          VPOS="2331"
                          HPOS="703"
                          CONTENT="gratiam"/>
                  <SP HEIGHT="64" WIDTH="21" VPOS="2331" HPOS="934"/>
                  <String HEIGHT="64"
                          WIDTH="336"
                          VPOS="2331"
                          HPOS="871"
                          CONTENT="interminatam"/>
                  <SP HEIGHT="64" WIDTH="21" VPOS="2331" HPOS="1206"/>
                  <String HEIGHT="64"
                          WIDTH="168"
                          VPOS="2331"
                          HPOS="1143"
                          CONTENT="esse"/>
                  <SP HEIGHT="64" WIDTH="21" VPOS="2331" HPOS="1311"/>
                  <String HEIGHT="64"
                          WIDTH="189"
                          VPOS="2331"
                          HPOS="1248"
                          CONTENT="actu."/>
                  <SP HEIGHT="64" WIDTH="21" VPOS="2331" HPOS="1437"/>
                  <String HEIGHT="64"
                          WIDTH="147"
                          VPOS="2331"
                          HPOS="1374"
                          CONTENT="nam"/>
                  <SP HEIGHT="64" WIDTH="21" VPOS="2331" HPOS="1521"/>
                  <String HEIGHT="64"
                          WIDTH="147"
                          VPOS="2331"
                          HPOS="1458"
                          CONTENT="cum"/>
                  <SP HEIGHT="64" WIDTH="21" VPOS="2331" HPOS="1605"/>
                  <String HEIGHT="64"
                          WIDTH="210"
                          VPOS="2331"
                          HPOS="1542"
                          CONTENT="gratia"/>
                  <SP HEIGHT="64" WIDTH="21" VPOS="2331" HPOS="1752"/>
                  <String HEIGHT="64"
                          WIDTH="210"
                          VPOS="2331"
                          HPOS="1668"
                          CONTENT="crescere"/>
               </TextLine>
               <TextLine ID="r1l37"
                         BASELINE="2455"
                         HEIGHT="73"
                         WIDTH="1649"
                         VPOS="2382"
                         HPOS="220">
                  <String HEIGHT="73" WIDTH="110" VPOS="2382" HPOS="202" CONTENT="ei"/>
                  <SP HEIGHT="73" WIDTH="18" VPOS="2382" HPOS="312"/>
                  <String HEIGHT="73"
                          WIDTH="183"
                          VPOS="2382"
                          HPOS="257"
                          CONTENT="debere"/>
                  <SP HEIGHT="73" WIDTH="18" VPOS="2382" HPOS="440"/>
                  <String HEIGHT="73"
                          WIDTH="238"
                          VPOS="2382"
                          HPOS="385"
                          CONTENT="uideatur,"/>
                  <SP HEIGHT="73" WIDTH="18" VPOS="2382" HPOS="623"/>
                  <String HEIGHT="73"
                          WIDTH="220"
                          VPOS="2382"
                          HPOS="568"
                          CONTENT="obtinere"/>
                  <SP HEIGHT="73" WIDTH="18" VPOS="2382" HPOS="788"/>
                  <String HEIGHT="73" WIDTH="110" VPOS="2382" HPOS="733" CONTENT="se"/>
                  <SP HEIGHT="73" WIDTH="18" VPOS="2382" HPOS="843"/>
                  <String HEIGHT="73"
                          WIDTH="183"
                          VPOS="2382"
                          HPOS="788"
                          CONTENT="putat,"/>
                  <SP HEIGHT="73" WIDTH="18" VPOS="2382" HPOS="971"/>
                  <String HEIGHT="73" WIDTH="110" VPOS="2382" HPOS="916" CONTENT="ut"/>
                  <SP HEIGHT="73" WIDTH="18" VPOS="2382" HPOS="1026"/>
                  <String HEIGHT="73" WIDTH="110" VPOS="2382" HPOS="971" CONTENT="si"/>
                  <SP HEIGHT="73" WIDTH="18" VPOS="2382" HPOS="1081"/>
                  <String HEIGHT="73"
                          WIDTH="183"
                          VPOS="2382"
                          HPOS="1026"
                          CONTENT="gratia"/>
                  <SP HEIGHT="73" WIDTH="18" VPOS="2382" HPOS="1209"/>
                  <String HEIGHT="73"
                          WIDTH="110"
                          VPOS="2382"
                          HPOS="1154"
                          CONTENT="in"/>
                  <SP HEIGHT="73" WIDTH="18" VPOS="2382" HPOS="1264"/>
                  <String HEIGHT="73"
                          WIDTH="110"
                          VPOS="2382"
                          HPOS="1209"
                          CONTENT="eo"/>
                  <SP HEIGHT="73" WIDTH="18" VPOS="2382" HPOS="1319"/>
                  <String HEIGHT="73"
                          WIDTH="183"
                          VPOS="2382"
                          HPOS="1264"
                          CONTENT="fuisse"/>
                  <SP HEIGHT="73" WIDTH="18" VPOS="2382" HPOS="1448"/>
                  <String HEIGHT="73"
                          WIDTH="220"
                          VPOS="2382"
                          HPOS="1393"
                          CONTENT="dicatur,"/>
                  <SP HEIGHT="73" WIDTH="18" VPOS="2382" HPOS="1612"/>
                  <String HEIGHT="73"
                          WIDTH="128"
                          VPOS="2382"
                          HPOS="1558"
                          CONTENT="eam"/>
                  <SP HEIGHT="73" WIDTH="18" VPOS="2382" HPOS="1686"/>
                  <String HEIGHT="73"
                          WIDTH="183"
                          VPOS="2382"
                          HPOS="1631"
                          CONTENT="posse,"/>
                  <SP HEIGHT="73" WIDTH="18" VPOS="2382" HPOS="1814"/>
                  <String HEIGHT="73" WIDTH="92" VPOS="2382" HPOS="1759" CONTENT="&amp;"/>
                  <SP HEIGHT="73" WIDTH="18" VPOS="2382" HPOS="1851"/>
                  <String HEIGHT="73"
                          WIDTH="92"
                          VPOS="2382"
                          HPOS="1777"
                          CONTENT="de"
                          SUBS_TYPE="HypPart1"
                          SUBS_CONTENT="debere"/>
                  <HYP CONTENT="-"/>
               </TextLine>
               <TextLine ID="r1l38"
                         BASELINE="2526"
                         HEIGHT="74"
                         WIDTH="1656"
                         VPOS="2452"
                         HPOS="229">
                  <String HEIGHT="74"
                          WIDTH="151"
                          VPOS="2452"
                          HPOS="210"
                          CONTENT="bere"
                          SUBS_TYPE="HypPart2"
                          SUBS_CONTENT="debere"/>
                  <SP HEIGHT="74" WIDTH="19" VPOS="2452" HPOS="361"/>
                  <String HEIGHT="74"
                          WIDTH="132"
                          VPOS="2452"
                          HPOS="304"
                          CONTENT="cum"/>
                  <SP HEIGHT="74" WIDTH="19" VPOS="2452" HPOS="436"/>
                  <String HEIGHT="74"
                          WIDTH="263"
                          VPOS="2452"
                          HPOS="380"
                          CONTENT="accessione"/>
                  <SP HEIGHT="74" WIDTH="19" VPOS="2452" HPOS="643"/>
                  <String HEIGHT="74"
                          WIDTH="245"
                          VPOS="2452"
                          HPOS="587"
                          CONTENT="crescere,"/>
                  <SP HEIGHT="74" WIDTH="19" VPOS="2452" HPOS="831"/>
                  <String HEIGHT="74"
                          WIDTH="151"
                          VPOS="2452"
                          HPOS="775"
                          CONTENT="quod"/>
                  <SP HEIGHT="74" WIDTH="19" VPOS="2452" HPOS="925"/>
                  <String HEIGHT="74" WIDTH="113" VPOS="2452" HPOS="869" CONTENT="si"/>
                  <SP HEIGHT="74" WIDTH="19" VPOS="2452" HPOS="982"/>
                  <String HEIGHT="74"
                          WIDTH="226"
                          VPOS="2452"
                          HPOS="925"
                          CONTENT="quippiam"/>
                  <SP HEIGHT="74" WIDTH="19" VPOS="2452" HPOS="1151"/>
                  <String HEIGHT="74"
                          WIDTH="226"
                          VPOS="2452"
                          HPOS="1095"
                          CONTENT="accedere"/>
                  <SP HEIGHT="74" WIDTH="19" VPOS="2452" HPOS="1320"/>
                  <String HEIGHT="74"
                          WIDTH="169"
                          VPOS="2452"
                          HPOS="1264"
                          CONTENT="posse"/>
                  <SP HEIGHT="74" WIDTH="19" VPOS="2452" HPOS="1433"/>
                  <String HEIGHT="74"
                          WIDTH="282"
                          VPOS="2452"
                          HPOS="1377"
                          CONTENT="concedatur,"/>
                  <SP HEIGHT="74" WIDTH="19" VPOS="2452" HPOS="1659"/>
                  <String HEIGHT="74"
                          WIDTH="188"
                          VPOS="2452"
                          HPOS="1603"
                          CONTENT="fateri"/>
                  <SP HEIGHT="74" WIDTH="19" VPOS="2452" HPOS="1791"/>
                  <String HEIGHT="74"
                          WIDTH="169"
                          VPOS="2452"
                          HPOS="1716"
                          CONTENT="necesse"/>
               </TextLine>
               <TextLine ID="r1l39"
                         BASELINE="2601"
                         HEIGHT="76"
                         WIDTH="1653"
                         VPOS="2525"
                         HPOS="220">
                  <String HEIGHT="76"
                          WIDTH="154"
                          VPOS="2525"
                          HPOS="201"
                          CONTENT="esse"/>
                  <SP HEIGHT="76" WIDTH="19" VPOS="2525" HPOS="355"/>
                  <String HEIGHT="76"
                          WIDTH="192"
                          VPOS="2525"
                          HPOS="297"
                          CONTENT="dicit,"/>
                  <SP HEIGHT="76" WIDTH="19" VPOS="2525" HPOS="489"/>
                  <String HEIGHT="76" WIDTH="115" VPOS="2525" HPOS="431" CONTENT="ut"/>
                  <SP HEIGHT="76" WIDTH="19" VPOS="2525" HPOS="547"/>
                  <String HEIGHT="76"
                          WIDTH="154"
                          VPOS="2525"
                          HPOS="489"
                          CONTENT="quod"/>
                  <SP HEIGHT="76" WIDTH="19" VPOS="2525" HPOS="643"/>
                  <String HEIGHT="76"
                          WIDTH="231"
                          VPOS="2525"
                          HPOS="585"
                          CONTENT="crescere"/>
                  <SP HEIGHT="76" WIDTH="19" VPOS="2525" HPOS="816"/>
                  <String HEIGHT="76"
                          WIDTH="211"
                          VPOS="2525"
                          HPOS="758"
                          CONTENT="possit,"/>
                  <SP HEIGHT="76" WIDTH="19" VPOS="2525" HPOS="970"/>
                  <String HEIGHT="76" WIDTH="115" VPOS="2525" HPOS="912" CONTENT="id"/>
                  <SP HEIGHT="76" WIDTH="19" VPOS="2525" HPOS="1027"/>
                  <String HEIGHT="76"
                          WIDTH="308"
                          VPOS="2525"
                          HPOS="970"
                          CONTENT="interminatum"/>
                  <SP HEIGHT="76" WIDTH="19" VPOS="2525" HPOS="1277"/>
                  <String HEIGHT="76"
                          WIDTH="135"
                          VPOS="2525"
                          HPOS="1219"
                          CONTENT="non"/>
                  <SP HEIGHT="76" WIDTH="19" VPOS="2525" HPOS="1354"/>
                  <String HEIGHT="76"
                          WIDTH="192"
                          VPOS="2525"
                          HPOS="1296"
                          CONTENT="debere"/>
                  <SP HEIGHT="76" WIDTH="19" VPOS="2525" HPOS="1489"/>
                  <String HEIGHT="76"
                          WIDTH="211"
                          VPOS="2525"
                          HPOS="1431"
                          CONTENT="putari,"/>
                  <SP HEIGHT="76" WIDTH="19" VPOS="2525" HPOS="1642"/>
                  <String HEIGHT="76"
                          WIDTH="308"
                          VPOS="2525"
                          HPOS="1565"
                          CONTENT="perabsurdumque"/>
               </TextLine>
               <TextLine ID="r1l40"
                         BASELINE="2656"
                         HEIGHT="77"
                         WIDTH="1635"
                         VPOS="2579"
                         HPOS="235">
                  <String HEIGHT="77"
                          WIDTH="160"
                          VPOS="2579"
                          HPOS="215"
                          CONTENT="esse"/>
                  <SP HEIGHT="77" WIDTH="20" VPOS="2579" HPOS="375"/>
                  <String HEIGHT="77"
                          WIDTH="160"
                          VPOS="2579"
                          HPOS="315"
                          CONTENT="modo"/>
                  <SP HEIGHT="77" WIDTH="20" VPOS="2579" HPOS="474"/>
                  <String HEIGHT="77"
                          WIDTH="199"
                          VPOS="2579"
                          HPOS="414"
                          CONTENT="summam"/>
                  <SP HEIGHT="77" WIDTH="20" VPOS="2579" HPOS="614"/>
                  <String HEIGHT="77" WIDTH="120" VPOS="2579" HPOS="554" CONTENT="in"/>
                  <SP HEIGHT="77" WIDTH="20" VPOS="2579" HPOS="674"/>
                  <String HEIGHT="77"
                          WIDTH="299"
                          VPOS="2579"
                          HPOS="614"
                          CONTENT="sospitatore"/>
                  <SP HEIGHT="77" WIDTH="20" VPOS="2579" HPOS="913"/>
                  <String HEIGHT="77"
                          WIDTH="219"
                          VPOS="2579"
                          HPOS="853"
                          CONTENT="Christo"/>
                  <SP HEIGHT="77" WIDTH="20" VPOS="2579" HPOS="1072"/>
                  <String HEIGHT="77"
                          WIDTH="219"
                          VPOS="2579"
                          HPOS="1013"
                          CONTENT="gratiam"/>
                  <SP HEIGHT="77" WIDTH="20" VPOS="2579" HPOS="1232"/>
                  <String HEIGHT="77"
                          WIDTH="219"
                          VPOS="2579"
                          HPOS="1172"
                          CONTENT="dicere,"/>
                  <SP HEIGHT="77" WIDTH="20" VPOS="2579" HPOS="1391"/>
                  <String HEIGHT="77"
                          WIDTH="160"
                          VPOS="2579"
                          HPOS="1332"
                          CONTENT="modo"/>
                  <SP HEIGHT="77" WIDTH="20" VPOS="2579" HPOS="1491"/>
                  <String HEIGHT="77"
                          WIDTH="219"
                          VPOS="2579"
                          HPOS="1431"
                          CONTENT="gratiam"/>
                  <SP HEIGHT="77" WIDTH="20" VPOS="2579" HPOS="1651"/>
                  <String HEIGHT="77"
                          WIDTH="140"
                          VPOS="2579"
                          HPOS="1591"
                          CONTENT="cum"/>
                  <SP HEIGHT="77" WIDTH="20" VPOS="2579" HPOS="1730"/>
                  <String HEIGHT="77"
                          WIDTH="219"
                          VPOS="2579"
                          HPOS="1651"
                          CONTENT="accessio"
                          SUBS_TYPE="HypPart1"
                          SUBS_CONTENT="accessione"/>
                  <HYP CONTENT="-"/>
               </TextLine>
               <TextLine ID="r1l41"
                         BASELINE="2731"
                         HEIGHT="82"
                         WIDTH="1645"
                         VPOS="2649"
                         HPOS="225">
                  <String HEIGHT="82"
                          WIDTH="120"
                          VPOS="2649"
                          HPOS="205"
                          CONTENT="ne"
                          SUBS_TYPE="HypPart2"
                          SUBS_CONTENT="accessione"/>
                  <SP HEIGHT="82" WIDTH="20" VPOS="2649" HPOS="325"/>
                  <String HEIGHT="82"
                          WIDTH="241"
                          VPOS="2649"
                          HPOS="265"
                          CONTENT="crescere"/>
                  <SP HEIGHT="82" WIDTH="20" VPOS="2649" HPOS="506"/>
                  <String HEIGHT="82"
                          WIDTH="181"
                          VPOS="2649"
                          HPOS="446"
                          CONTENT="posse"/>
                  <SP HEIGHT="82" WIDTH="20" VPOS="2649" HPOS="626"/>
                  <String HEIGHT="82"
                          WIDTH="301"
                          VPOS="2649"
                          HPOS="566"
                          CONTENT="confirmare."/>
                  <SP HEIGHT="82" WIDTH="20" VPOS="2649" HPOS="867"/>
                  <String HEIGHT="82"
                          WIDTH="181"
                          VPOS="2649"
                          HPOS="807"
                          CONTENT="Cuius"/>
                  <SP HEIGHT="82" WIDTH="20" VPOS="2649" HPOS="987"/>
                  <String HEIGHT="82"
                          WIDTH="201"
                          VPOS="2649"
                          HPOS="927"
                          CONTENT="quidem"/>
                  <SP HEIGHT="82" WIDTH="20" VPOS="2649" HPOS="1128"/>
                  <String HEIGHT="82"
                          WIDTH="281"
                          VPOS="2649"
                          HPOS="1068"
                          CONTENT="sententiae"/>
                  <SP HEIGHT="82" WIDTH="20" VPOS="2649" HPOS="1348"/>
                  <String HEIGHT="82"
                          WIDTH="181"
                          VPOS="2649"
                          HPOS="1288"
                          CONTENT="rimas"/>
                  <SP HEIGHT="82" WIDTH="20" VPOS="2649" HPOS="1469"/>
                  <String HEIGHT="82"
                          WIDTH="201"
                          VPOS="2649"
                          HPOS="1409"
                          CONTENT="explet"/>
                  <SP HEIGHT="82" WIDTH="20" VPOS="2649" HPOS="1609"/>
                  <String HEIGHT="82"
                          WIDTH="241"
                          VPOS="2649"
                          HPOS="1549"
                          CONTENT="Durandus"/>
                  <SP HEIGHT="82" WIDTH="20" VPOS="2649" HPOS="1790"/>
                  <String HEIGHT="82"
                          WIDTH="160"
                          VPOS="2649"
                          HPOS="1710"
                          CONTENT="siqui"
                          SUBS_TYPE="HypPart1"
                          SUBS_CONTENT="siquidem"/>
                  <HYP CONTENT="-"/>
               </TextLine>
               <TextLine ID="r1l42"
                         BASELINE="2779"
                         HEIGHT="71"
                         WIDTH="1643"
                         VPOS="2708"
                         HPOS="230">
                  <String HEIGHT="71"
                          WIDTH="144"
                          VPOS="2708"
                          HPOS="209"
                          CONTENT="dem"
                          SUBS_TYPE="HypPart2"
                          SUBS_CONTENT="siquidem"/>
                  <SP HEIGHT="71" WIDTH="21" VPOS="2708" HPOS="353"/>
                  <String HEIGHT="71" WIDTH="123" VPOS="2708" HPOS="292" CONTENT="ab"/>
                  <SP HEIGHT="71" WIDTH="21" VPOS="2708" HPOS="415"/>
                  <String HEIGHT="71" WIDTH="123" VPOS="2708" HPOS="353" CONTENT="eo"/>
                  <SP HEIGHT="71" WIDTH="21" VPOS="2708" HPOS="476"/>
                  <String HEIGHT="71"
                          WIDTH="267"
                          VPOS="2708"
                          HPOS="415"
                          CONTENT="argumenti"/>
                  <SP HEIGHT="71" WIDTH="21" VPOS="2708" HPOS="682"/>
                  <String HEIGHT="71"
                          WIDTH="205"
                          VPOS="2708"
                          HPOS="620"
                          CONTENT="fibula"/>
                  <SP HEIGHT="71" WIDTH="21" VPOS="2708" HPOS="826"/>
                  <String HEIGHT="71"
                          WIDTH="267"
                          VPOS="2708"
                          HPOS="764"
                          CONTENT="nectitur,"/>
                  <SP HEIGHT="71" WIDTH="21" VPOS="2708" HPOS="1031"/>
                  <String HEIGHT="71" WIDTH="123" VPOS="2708" HPOS="969" CONTENT="ut"/>
                  <SP HEIGHT="71" WIDTH="21" VPOS="2708" HPOS="1093"/>
                  <String HEIGHT="71"
                          WIDTH="164"
                          VPOS="2708"
                          HPOS="1031"
                          CONTENT="quod"/>
                  <SP HEIGHT="71" WIDTH="21" VPOS="2708" HPOS="1195"/>
                  <String HEIGHT="71"
                          WIDTH="144"
                          VPOS="2708"
                          HPOS="1134"
                          CONTENT="sit"/>
                  <SP HEIGHT="71" WIDTH="21" VPOS="2708" HPOS="1277"/>
                  <String HEIGHT="71"
                          WIDTH="329"
                          VPOS="2708"
                          HPOS="1216"
                          CONTENT="circumscript"/>
                  <SP HEIGHT="71" WIDTH="21" VPOS="2708" HPOS="1544"/>
                  <String HEIGHT="71" WIDTH="103" VPOS="2708" HPOS="1483" CONTENT="e"/>
                  <SP HEIGHT="71" WIDTH="21" VPOS="2708" HPOS="1585"/>
                  <String HEIGHT="71"
                          WIDTH="205"
                          VPOS="2708"
                          HPOS="1524"
                          CONTENT="capax,"/>
                  <SP HEIGHT="71" WIDTH="21" VPOS="2708" HPOS="1729"/>
                  <String HEIGHT="71"
                          WIDTH="123"
                          VPOS="2708"
                          HPOS="1668"
                          CONTENT="id"/>
                  <SP HEIGHT="71" WIDTH="21" VPOS="2708" HPOS="1791"/>
                  <String HEIGHT="71"
                          WIDTH="164"
                          VPOS="2708"
                          HPOS="1709"
                          CONTENT="minime"/>
               </TextLine>
               <TextLine ID="r1l43"
                         BASELINE="2850"
                         HEIGHT="74"
                         WIDTH="1632"
                         VPOS="2776"
                         HPOS="230">
                  <String HEIGHT="74"
                          WIDTH="157"
                          VPOS="2776"
                          HPOS="210"
                          CONTENT="esse"/>
                  <SP HEIGHT="74" WIDTH="20" VPOS="2776" HPOS="368"/>
                  <String HEIGHT="74"
                          WIDTH="177"
                          VPOS="2776"
                          HPOS="309"
                          CONTENT="capax"/>
                  <SP HEIGHT="74" WIDTH="20" VPOS="2776" HPOS="486"/>
                  <String HEIGHT="74"
                          WIDTH="315"
                          VPOS="2776"
                          HPOS="427"
                          CONTENT="absolutionis"/>
                  <SP HEIGHT="74" WIDTH="20" VPOS="2776" HPOS="741"/>
                  <String HEIGHT="74"
                          WIDTH="275"
                          VPOS="2776"
                          HPOS="682"
                          CONTENT="infinitae,"/>
                  <SP HEIGHT="74" WIDTH="20" VPOS="2776" HPOS="958"/>
                  <String HEIGHT="74"
                          WIDTH="138"
                          VPOS="2776"
                          HPOS="899"
                          CONTENT="cum"/>
                  <SP HEIGHT="74" WIDTH="20" VPOS="2776" HPOS="1036"/>
                  <String HEIGHT="74"
                          WIDTH="177"
                          VPOS="2776"
                          HPOS="977"
                          CONTENT="autem"/>
                  <SP HEIGHT="74" WIDTH="20" VPOS="2776" HPOS="1154"/>
                  <String HEIGHT="74"
                          WIDTH="157"
                          VPOS="2776"
                          HPOS="1095"
                          CONTENT="eius"/>
                  <SP HEIGHT="74" WIDTH="20" VPOS="2776" HPOS="1252"/>
                  <String HEIGHT="74"
                          WIDTH="177"
                          VPOS="2776"
                          HPOS="1193"
                          CONTENT="anima"/>
                  <SP HEIGHT="74" WIDTH="20" VPOS="2776" HPOS="1370"/>
                  <String HEIGHT="74"
                          WIDTH="256"
                          VPOS="2776"
                          HPOS="1311"
                          CONTENT="humanitus"/>
                  <SP HEIGHT="74" WIDTH="20" VPOS="2776" HPOS="1567"/>
                  <String HEIGHT="74"
                          WIDTH="157"
                          VPOS="2776"
                          HPOS="1508"
                          CONTENT="sit,"/>
                  <SP HEIGHT="74" WIDTH="20" VPOS="2776" HPOS="1665"/>
                  <String HEIGHT="74" WIDTH="98" VPOS="2776" HPOS="1606" CONTENT="&amp;"/>
                  <SP HEIGHT="74" WIDTH="20" VPOS="2776" HPOS="1705"/>
                  <String HEIGHT="74"
                          WIDTH="236"
                          VPOS="2776"
                          HPOS="1626"
                          CONTENT="circunscri"/>
               </TextLine>
               <TextLine ID="r1l44"
                         BASELINE="2917"
                         HEIGHT="78"
                         WIDTH="1647"
                         VPOS="2839"
                         HPOS="223">
                  <String HEIGHT="78"
                          WIDTH="141"
                          VPOS="2839"
                          HPOS="203"
                          CONTENT="pte"/>
                  <SP HEIGHT="78" WIDTH="20" VPOS="2839" HPOS="344"/>
                  <String HEIGHT="78"
                          WIDTH="201"
                          VPOS="2839"
                          HPOS="283"
                          CONTENT="capax,"/>
                  <SP HEIGHT="78" WIDTH="20" VPOS="2839" HPOS="484"/>
                  <String HEIGHT="78"
                          WIDTH="181"
                          VPOS="2839"
                          HPOS="424"
                          CONTENT="negat"/>
                  <SP HEIGHT="78" WIDTH="20" VPOS="2839" HPOS="605"/>
                  <String HEIGHT="78"
                          WIDTH="181"
                          VPOS="2839"
                          HPOS="544"
                          CONTENT="fieri"/>
                  <SP HEIGHT="78" WIDTH="20" VPOS="2839" HPOS="725"/>
                  <String HEIGHT="78"
                          WIDTH="161"
                          VPOS="2839"
                          HPOS="665"
                          CONTENT="ullo"/>
                  <SP HEIGHT="78" WIDTH="20" VPOS="2839" HPOS="826"/>
                  <String HEIGHT="78"
                          WIDTH="161"
                          VPOS="2839"
                          HPOS="765"
                          CONTENT="modo"/>
                  <SP HEIGHT="78" WIDTH="20" VPOS="2839" HPOS="926"/>
                  <String HEIGHT="78"
                          WIDTH="201"
                          VPOS="2839"
                          HPOS="866"
                          CONTENT="posse,"/>
                  <SP HEIGHT="78" WIDTH="20" VPOS="2839" HPOS="1067"/>
                  <String HEIGHT="78"
                          WIDTH="121"
                          VPOS="2839"
                          HPOS="1006"
                          CONTENT="ut"/>
                  <SP HEIGHT="78" WIDTH="20" VPOS="2839" HPOS="1127"/>
                  <String HEIGHT="78"
                          WIDTH="161"
                          VPOS="2839"
                          HPOS="1067"
                          CONTENT="eius"/>
                  <SP HEIGHT="78" WIDTH="20" VPOS="2839" HPOS="1227"/>
                  <String HEIGHT="78"
                          WIDTH="201"
                          VPOS="2839"
                          HPOS="1167"
                          CONTENT="gratia"/>
                  <SP HEIGHT="78" WIDTH="20" VPOS="2839" HPOS="1368"/>
                  <String HEIGHT="78"
                          WIDTH="141"
                          VPOS="2839"
                          HPOS="1308"
                          CONTENT="sit"/>
                  <SP HEIGHT="78" WIDTH="20" VPOS="2839" HPOS="1448"/>
                  <String HEIGHT="78"
                          WIDTH="301"
                          VPOS="2839"
                          HPOS="1388"
                          CONTENT="absolutione"/>
                  <SP HEIGHT="78" WIDTH="20" VPOS="2839" HPOS="1689"/>
                  <String HEIGHT="78"
                          WIDTH="261"
                          VPOS="2839"
                          HPOS="1609"
                          CONTENT="interminata"/>
               </TextLine>
               <TextLine ID="r1l45"
                         BASELINE="2979"
                         HEIGHT="63"
                         WIDTH="1637"
                         VPOS="2916"
                         HPOS="228">
                  <String HEIGHT="63"
                          WIDTH="284"
                          VPOS="2916"
                          HPOS="206"
                          CONTENT="praedita."/>
                  <SP HEIGHT="63" WIDTH="22" VPOS="2916" HPOS="490"/>
                  <String HEIGHT="63" WIDTH="131" VPOS="2916" HPOS="424" CONTENT="In"/>
                  <SP HEIGHT="63" WIDTH="22" VPOS="2916" HPOS="555"/>
                  <String HEIGHT="63"
                          WIDTH="175"
                          VPOS="2916"
                          HPOS="490"
                          CONTENT="quod"/>
                  <SP HEIGHT="63" WIDTH="22" VPOS="2916" HPOS="665"/>
                  <String HEIGHT="63"
                          WIDTH="196"
                          VPOS="2916"
                          HPOS="599"
                          CONTENT="genus"/>
                  <SP HEIGHT="63" WIDTH="22" VPOS="2916" HPOS="795"/>
                  <String HEIGHT="63"
                          WIDTH="284"
                          VPOS="2916"
                          HPOS="730"
                          CONTENT="argumenti"/>
                  <SP HEIGHT="63" WIDTH="22" VPOS="2916" HPOS="1014"/>
                  <String HEIGHT="63"
                          WIDTH="393"
                          VPOS="2916"
                          HPOS="948"
                          CONTENT="ingeniosissimi"/>
                  <SP HEIGHT="63" WIDTH="22" VPOS="2916" HPOS="1341"/>
                  <String HEIGHT="63"
                          WIDTH="327"
                          VPOS="2916"
                          HPOS="1276"
                          CONTENT="opinatores."/>
                  <SP HEIGHT="63" WIDTH="22" VPOS="2916" HPOS="1603"/>
                  <String HEIGHT="63"
                          WIDTH="196"
                          VPOS="2916"
                          HPOS="1538"
                          CONTENT="Adam,"/>
                  <SP HEIGHT="63" WIDTH="22" VPOS="2916" HPOS="1734"/>
                  <String HEIGHT="63"
                          WIDTH="218"
                          VPOS="2916"
                          HPOS="1647"
                          CONTENT="Gerardus"/>
               </TextLine>
               <TextLine ID="r1l46"
                         BASELINE="3054"
                         HEIGHT="94"
                         WIDTH="1633"
                         VPOS="2960"
                         HPOS="232">
                  <String HEIGHT="94"
                          WIDTH="199"
                          VPOS="2960"
                          HPOS="210"
                          CONTENT="Qddo,"/>
                  <SP HEIGHT="94" WIDTH="22" VPOS="2960" HPOS="409"/>
                  <String HEIGHT="94" WIDTH="110" VPOS="2960" HPOS="342" CONTENT="&amp;"/>
                  <SP HEIGHT="94" WIDTH="22" VPOS="2960" HPOS="453"/>
                  <String HEIGHT="94"
                          WIDTH="309"
                          VPOS="2960"
                          HPOS="386"
                          CONTENT="Guillermus"/>
                  <SP HEIGHT="94" WIDTH="22" VPOS="2960" HPOS="695"/>
                  <String HEIGHT="94"
                          WIDTH="221"
                          VPOS="2960"
                          HPOS="629"
                          CONTENT="Ochan,"/>
                  <SP HEIGHT="94" WIDTH="22" VPOS="2960" HPOS="850"/>
                  <String HEIGHT="94"
                          WIDTH="221"
                          VPOS="2960"
                          HPOS="784"
                          CONTENT="aulaea"/>
                  <SP HEIGHT="94" WIDTH="22" VPOS="2960" HPOS="1004"/>
                  <String HEIGHT="94" WIDTH="110" VPOS="2960" HPOS="938" CONTENT="&amp;"/>
                  <SP HEIGHT="94" WIDTH="22" VPOS="2960" HPOS="1049"/>
                  <String HEIGHT="94"
                          WIDTH="375"
                          VPOS="2960"
                          HPOS="982"
                          CONTENT="peripetasmata"/>
                  <SP HEIGHT="94" WIDTH="22" VPOS="2960" HPOS="1357"/>
                  <String HEIGHT="94"
                          WIDTH="287"
                          VPOS="2960"
                          HPOS="1291"
                          CONTENT="inducunt."/>
                  <SP HEIGHT="94" WIDTH="22" VPOS="2960" HPOS="1578"/>
                  <String HEIGHT="94"
                          WIDTH="287"
                          VPOS="2960"
                          HPOS="1512"
                          CONTENT="Gregorius"/>
                  <SP HEIGHT="94" WIDTH="22" VPOS="2960" HPOS="1799"/>
                  <String HEIGHT="94"
                          WIDTH="154"
                          VPOS="2960"
                          HPOS="1711"
                          CONTENT="autem"/>
               </TextLine>
            </TextBlock>
            <TextBlock ID="r2" HEIGHT="144" WIDTH="48" VPOS="3551" HPOS="1860">
               <Shape>
                  <Polygon POINTS="1860,3551 1860,3695 1908,3695 1908,3551"/>
               </Shape>
               <TextLine ID="r2l1"
                         BASELINE="3654"
                         HEIGHT="91"
                         WIDTH="67"
                         VPOS="3563"
                         HPOS="1851">
                  <String HEIGHT="91"
                          WIDTH="94"
                          VPOS="3563"
                          HPOS="1838"
                          CONTENT="tod"/>
                  <SP HEIGHT="91" WIDTH="13" VPOS="3563" HPOS="1931"/>
                  <String HEIGHT="91" WIDTH="40" VPOS="3563" HPOS="1878" CONTENT="s"/>
               </TextLine>
            </TextBlock>
         </PrintSpace>
      </Page>
   </Layout>
</alto>
