2453 3696
185 318 166 112 deam
289 318 124 112 ab
351 318 311 112 ignoscibili
600 318 228 112 scelere
766 318 270 112 liberatam
973 318 228 112 uelint,
1139 318 166 112 quod
1243 318 187 112 minus
1367 318 207 112 omnino
1512 318 187 112 malum
1637 318 166 112 sit,
1720 318 145 112 sequi

183 396 223 83 putant,
345 396 121 83 ut
405 396 121 83 ab
466 396 182 83 eadem
588 396 182 83 etiam
709 396 142 83 sit
790 396 243 83 originis
972 396 304 83 aegritudine
1215 396 263 83 liberata,
1418 396 162 83 quod
1519 396 182 83 maius
1640 396 142 83 sit
1701 396 162 83 omnino

172 475 190 67 malum
298 475 274 67 censendum
509 475 105 67 .
551 475 190 67 idque
678 475 190 67 etiam
804 475 126 67 ab
867 475 148 67 his
952 475 232 67 dimidio
1120 475 274 67 angustius
1331 475 337 67 contrahitur.
1605 475 169 67 Deus
1689 475 169 67 inqui-

174 526 147 71 unt
258 526 189 71 matri
384 526 253 71 originis
574 526 232 71 uincula
742 526 232 71 adimere
911 526 232 71 potuit.
1079 526 211 71 igitur
1226 526 211 71 omnino
1374 526 232 71 ademit.
1542 526 295 71 Totidemque
1753 526 105 71 uer

164 587 138 81 bis
243 587 295 81 inflectunt.
479 587 118 81 si
538 587 315 81 consentaneum
794 587 157 81 fuit
892 587 236 81 parentem
1069 587 157 81 deam
1168 587 256 81 liberari,
1364 587 315 81 consentaneum
1620 587 177 81 etiam
1718 587 138 81 uide-

175 653 136 75 ri,
252 653 136 75 eam
330 653 195 75 fuisse
467 653 273 75 liberatam.
681 653 292 75 Eorundemque
915 653 253 75 Scoteorum
1110 653 234 75 itinerum
1286 653 175 75 ratio
1403 653 156 75 est,
1500 653 273 75 quodcumque
1695 653 156 75 coeli-

174 721 132 87 tum
250 721 189 87 generi
382 721 227 87 tributum
552 721 227 87 dicatur,
722 721 113 87 id
779 721 151 87 deae
873 721 170 87 matri
987 721 189 87 negari
1119 721 132 87 non
1195 721 208 87 debere.
1346 721 132 87 sed
1421 721 132 87 cum
1497 721 227 87 coelitum
1667 721 170 87 genus
1762 721 94 87 ex-

171 784 167 78 pers
275 784 250 78 originis
463 784 167 78 mali
567 784 167 78 sit,
671 784 312 78 perabsurdum
920 784 208 78 omnino
1066 784 229 78 uideri,
1233 784 167 78 nisi
1337 784 167 78 deam
1441 784 208 78 quoque
1586 784 229 78 matrem,
1732 784 125 78 eius

170 855 174 70 mali
279 855 261 70 expertem
475 855 240 70 dicamus
649 855 109 70 .
693 855 261 70 Eodemque
889 855 196 70 modo,
1020 855 196 70 nihil
1150 855 174 70 quod
1259 855 261 70 Christum
1455 855 283 70 nominatim
1651 855 196 70 laedat,

177 908 135 85 aut
254 908 270 85 ignominiae
466 908 251 85 caliginem
659 908 251 85 offundat,
852 908 116 85 ei
910 908 193 85 dandum
1045 908 154 85 esse
1141 908 270 85 opinantur,
1353 908 174 85 atqui
1469 908 116 85 si
1527 908 135 85 dea
1604 908 174 85 mater
1701 908 154 85 aliquo

169 973 195 69 morbi
299 973 216 69 genere
451 973 325 69 contabuisse
711 973 260 69 dicatur,
905 973 260 69 fatendum
1100 973 173 69 esse
1209 973 130 69 id
1273 973 238 69 Christo
1447 973 303 69 ignominiae
1663 973 195 69 nebulam

176 1035 254 72 offundere
372 1035 156 72 quod
469 1035 156 72 dici
567 1035 176 72 nullo
684 1035 156 72 modo
782 1035 137 72 fas
860 1035 156 72 esse
957 1035 293 72 confirmant.
1191 1035 176 72 Atque
1309 1035 176 72 quasi
1426 1035 215 72 nunquam
1582 1035 156 72 sibi
1679 1035 156 72 sint
1757 1035 98 72 ar-

173 1106 217 78 gumenta
331 1106 257 78 defutura,
529 1106 119 78 ex
588 1106 158 78 tota
687 1106 277 78 theologica
904 1106 158 78 gaza
1003 1106 198 78 certam
1142 1106 237 78 rationum
1319 1106 336 78 supellectilem
1596 1106 296 78 conficiunt,

165 1168 148 67 quae
258 1168 204 67 credunt
406 1168 130 67 uel
481 1168 241 67 excludere
666 1168 297 67 repugnantes,
907 1168 130 67 uel
981 1168 111 67 se
1037 1168 167 67 tueri
1148 1168 167 67 posse
1259 1168 278 67 lacessitos.
1481 1168 130 67 Sed
1555 1168 148 67 tota
1648 1168 148 67 illa
1722 1168 130 67 alum-

175 1231 121 69 na
235 1231 262 69 Aquinatea
437 1231 201 69 natio,
578 1231 161 69 quae
678 1231 201 69 ubiuis
819 1231 161 69 esse
920 1231 161 69 quam
1021 1231 121 69 in
1081 1231 141 69 hac
1161 1231 262 69 caesiorum
1363 1231 262 69 sententia
1564 1231 221 69 mauult,
1705 1231 141 69 horum

172 1297 258 83 argumenta
371 1297 198 83 pumice
509 1297 238 83 aridiora
688 1297 198 83 censet
827 1297 99 83 .
867 1297 198 83 ltaque
1006 1297 198 83 placet
1144 1297 179 83 illis
1264 1297 238 83 Christum
1442 1297 159 83 esse
1541 1297 198 83 solum,
1680 1297 119 83 in
1720 1297 119 83 quem

175 1361 255 86 eiusmodi
366 1361 170 86 mali
472 1361 149 86 non
557 1361 149 86 sit
642 1361 234 86 inuecta
812 1361 170 86 lues
919 1361 106 86 .
961 1361 191 86 idque
1089 1361 149 86 hoc
1174 1361 170 86 modo
1280 1361 319 86 comnectunt.
1535 1361 170 86 Omne
1641 1361 191 86 genus
1748 1361 106 86 ho-

172 1428 187 65 minum
297 1428 166 65 quod
401 1428 146 65 sit
484 1428 104 65 a
526 1428 291 65 liberatore
754 1428 229 65 Christo
921 1428 312 65 restitutum,
1170 1428 229 65 necesse
1336 1428 146 65 est
1419 1428 208 65 aliquo
1565 1428 249 65 criminum
1731 1428 125 65 con-

165 1492 239 64 tabuisse
344 1492 199 64 morbo,
484 1492 140 64 dea
564 1492 179 64 autem
683 1492 179 64 mater
803 1492 140 64 est
883 1492 100 64 a
922 1492 219 64 Christo
1082 1492 259 64 restituta
1281 1492 100 64 .
1321 1492 199 64 igitur
1460 1492 199 64 aliquo
1600 1492 239 64 scelerum
1759 1492 100 64 ge-

164 1552 163 82 nere
265 1552 285 82 contabuit.
489 1552 122 82 Ac
551 1552 163 82 omne
652 1552 183 82 genus
775 1552 224 82 hominum
938 1552 163 82 quod
1039 1552 143 82 sit
1121 1552 122 82 ex
1182 1552 265 82 concubitu
1386 1552 265 82 salacique
1589 1552 244 82 libidine
1752 1552 102 82 ge-

164 1610 194 72 nitum,
300 1610 233 72 originis
474 1610 233 72 iustitia
649 1610 233 72 uacauit,
824 1610 155 72 quae
921 1610 155 72 illi
1018 1610 272 72 decernenda
1232 1610 175 72 erat,
1348 1610 117 72 ni
1406 1610 214 72 fuisset
1562 1610 97 72 a
1601 1610 252 72 primigeno
1775 1610 78 72 ho

172 1683 158 66 mine
271 1683 119 66 id
330 1683 218 66 facinus
489 1683 237 66 patratum
667 1683 99 66 .
706 1683 138 66 dea
785 1683 178 66 autem
904 1683 178 66 mater
1023 1683 119 66 ex
1082 1683 257 66 concubitu
1280 1683 158 66 est,
1378 1683 277 66 ueneriaque
1596 1683 237 66 libidine
1754 1683 99 66 ge-

159 1751 167 80 nita
263 1751 104 80 .
305 1751 208 80 igitur
451 1751 208 80 omnino
597 1751 146 80 est
680 1751 125 80 ei
742 1751 208 80 istius
888 1751 167 80 modi
992 1751 167 80 sata
1096 1751 208 80 labes.
1242 1751 271 80 Praeterea
1450 1751 167 80 omne
1554 1751 187 80 genus
1659 1751 187 80 hominum

171 1807 144 74 pro
254 1807 144 74 quo
336 1807 268 74 liberator
542 1807 247 74 Christus
727 1807 165 74 nece
830 1807 247 74 litauit,
1015 1807 123 74 in
1077 1807 226 74 aliquod
1242 1807 247 74 continuo
1427 1807 144 74 est
1509 1807 185 74 genus
1633 1807 185 74 morbi
1736 1807 123 74 dela

170 1881 152 64 psum
265 1881 95 64 .
303 1881 114 64 at
360 1881 228 64 Christus
531 1881 133 64 pro
606 1881 209 64 parente
758 1881 133 64 dea
834 1881 228 64 litauit,
1005 1881 228 64 continuo
1176 1881 190 64 igitur
1309 1881 133 64 est
1385 1881 114 64 ab
1441 1881 114 64 ea
1498 1881 209 64 aliquod
1650 1881 152 64 mali
1726 1881 114 64 hau-

169 1934 162 71 stum
270 1934 203 71 genus.
412 1934 142 71 Cum
493 1934 182 71 autem
614 1934 182 71 palam
736 1934 223 71 negetur
898 1934 223 71 aliquod
1060 1934 162 71 actu
1161 1934 203 71 scelus
1303 1934 122 71 ab
1364 1934 122 71 ea
1425 1934 162 71 esse
1526 1934 304 71 contractum,
1749 1934 101 71 ne-

170 2004 183 67 cesse
291 2004 142 67 est
373 2004 162 67 hunc
474 2004 304 67 gentilitium
717 2004 122 67 in
778 2004 122 67 ea
839 2004 264 67 insedisse
1042 2004 223 67 morbum.
1204 2004 243 67 Postremo
1387 2004 142 67 cum
1468 2004 345 67 consecratione
1731 2004 122 67 eius

167 2061 242 67 dilutam
343 2061 220 67 tabem,
496 2061 154 67 tum
584 2061 132 67 id
650 2061 198 67 malum
782 2061 110 67 a
826 2061 285 67 primigeni
1045 2061 242 67 hominis
1221 2061 285 67 seminario
1441 2061 285 67 generatim
1660 2061 132 67 in
1704 2061 132 67 cun-

170 2121 159 71 ctos
270 2121 299 71 profluxisse
509 2121 219 71 uolunt,
668 2121 259 71 negantque
868 2121 159 71 deam
967 2121 199 71 matrem
1107 2121 159 71 ante
1206 2121 299 71 liberatoris
1445 2121 219 71 Christi
1585 2121 259 71 expiationem

162 2189 292 67 emigraturam
395 2189 195 67 fuisse
531 2189 117 67 in
590 2189 195 67 caelum
726 2189 97 67 .
765 2189 117 67 ac
823 2189 117 67 in
882 2189 234 67 eiusmodi
1057 2189 195 67 causae
1193 2189 311 67 patrocinium,
1446 2189 136 67 non
1524 2189 156 67 modo
1621 2189 234 67 mirandum
1777 2189 78 67 di

168 2252 160 72 uorum
275 2252 195 72 coetum,
417 2252 124 72 sed
488 2252 160 72 etiam
594 2252 107 72 ex
648 2252 142 72 ipsa
736 2252 178 72 caesia
861 2252 249 72 disciplina
1056 2252 178 72 testes
1180 2252 249 72 arcessunt.
1376 2252 124 72 Nos
1447 2252 142 72 vero
1535 2252 107 72 in
1589 2252 195 72 tantula
1713 2252 142 72 causa,

178 2320 108 70 ne
232 2320 144 70 quid
322 2320 162 70 nobis
430 2320 198 70 negotij
574 2320 270 70 inficiando,
790 2320 126 70 aut
862 2320 216 70 probando
1025 2320 288 70 contrahatur,
1259 2320 126 70 rem
1331 2320 216 70 integram
1493 2320 108 70 ad
1547 2320 288 70 expendentium
1763 2320 90 70 iu-

1377 2376 193 94 (dicia
1512 2376 212 94 referri
1647 2376 193 94 uolumus.

295 2374 255 95 DE
422 2374 510 95 PASSIONE
762 2374 425 95 CHRISTI.

295 2453 659 65 DISTINCTIO
766 2453 424 65 QVINTA.

400 2514 117 82 Ed
459 2514 215 82 quoniam
615 2514 117 82 de
674 2514 293 82 absolutione
908 2514 176 82 satis
1025 2514 137 82 est
1103 2514 176 82 supra
1220 2514 293 82 explicatum,
1454 2514 195 82 aequum
1590 2514 195 82 quidem
1727 2514 156 82 est.

430 2587 114 69 ut
487 2587 114 69 de
544 2587 132 69 ijs
619 2587 151 69 quae
714 2587 114 69 ad
771 2587 208 69 Christi
922 2587 114 69 ex
979 2587 151 69 orbe
1073 2587 227 69 terrarum
1244 2587 322 69 demigratione,
1508 2587 265 69 pertinent,
1698 2587 151 69 disse-

432 2647 189 73 ratur.
565 2647 133 73 Quo
640 2647 152 73 sane
735 2647 152 73 loco
830 2647 114 73 in
887 2647 303 73 contentionem
1133 2647 227 73 uenitur,
1304 2647 133 73 num
1379 2647 208 73 necesse
1531 2647 189 73 fuerit
1645 2647 189 73 Christum

404 2706 218 95 uniuersi
567 2706 200 95 generis
712 2706 200 95 humnani
858 2706 182 95 nomine
985 2706 218 95 litasse.
1148 2706 236 95 Quorundam
1330 2706 145 95 enim
1420 2706 127 95 qui
1493 2706 109 95 ex
1548 2706 290 95 haereticorum
1765 2706 73 95 ar

174 2783 304 67 mamentario
413 2783 174 67 tela
522 2783 304 67 depromunt,
761 2783 217 67 opinio
913 2783 174 67 est,
1022 2783 196 67 genus
1152 2783 239 67 humanum
1326 2783 174 67 nisi
1435 2783 109 67 a
1478 2783 152 67 deo
1565 2783 261 67 uinculis
1739 2783 109 67 la-

171 2836 166 79 xari
275 2836 312 79 nequiuisse.
525 2836 146 79 nam
608 2836 146 79 cum
691 2836 166 79 deum
795 2836 187 79 nulla
920 2836 312 79 necessitate
1169 2836 291 79 praefiniri
1398 2836 229 79 uelint,
1564 2836 208 79 quando
1689 2836 166 79 quidem

173 2898 171 66 deus
280 2898 300 66 omnipotens
515 2898 257 66 dicatur,
708 2898 193 66 sequi
837 2898 279 66 affirmant
1051 2898 214 66 minime
1201 2898 236 66 necesse
1373 2898 214 66 fuisse
1523 2898 107 66 a
1565 2898 236 66 Christo
1715 2898 129 66 esse

156 2962 269 102 litatum.
357 2962 157 102 Sed
447 2962 291 102 Aquinatum
671 2962 246 102 soboles
850 2962 112 102 &
895 2962 224 102 robur,
1052 2962 336 102 Aristotelem
1320 2962 291 102 principem
1522 2962 336 102 philolophorum
