2453 3827
616 344 408 146 persolutionem,
957 344 136 146 in
1025 344 249 146 Christi
1206 344 363 146 persolutione
1501 344 340 146 consistere,
1773 344 340 146 quemadmodum
2045 344 136 146 in
2091 344 249 146 quocunque

609 423 239 116 genere
776 423 215 116 minus
920 423 334 116 absolutum,
1182 423 143 116 ex
1254 423 287 116 absoluto
1469 423 311 116 nascatur.
1708 423 143 116 Ad
1780 423 191 116 quam
1899 423 239 116 quidem
2042 423 287 116 sententiam

622 489 205 114 diuum
759 489 228 114 Thomam
918 489 387 114 suffragatorem
1237 489 319 114 adhibemus.
1488 489 273 114 Quanquam
1693 489 273 114 pertinet
1898 489 137 114 ad
1966 489 159 114 hoc
2035 489 296 114 quaestionis

621 557 221 118 genus,
776 557 133 118 de
842 557 354 118 poenitentiae
1130 557 265 118 partibus
1329 557 288 118 inquirere
1550 557 221 118 quarum
1705 557 221 118 quidem
1860 557 310 118 enumeratio
2081 557 243 118 triparti-

623 620 125 109 ta
686 620 166 109 est.
789 620 187 109 Earum
914 620 145 109 una
997 620 270 109 contusio,
1204 620 208 109 altera
1350 620 291 109 confessio,
1578 620 208 109 tertia
1723 620 291 109 persolutio
1951 620 291 109 nominatur.
2159 620 166 109 Contu-

616 692 146 108 sio
699 692 167 108 enim
804 692 146 108 est
887 692 187 108 angor
1012 692 125 108 ob
1074 692 229 108 patrata
1241 692 229 108 scelera
1407 692 291 108 susceptus,
1636 692 146 108 cum
1719 692 291 108 confitendi
1948 692 104 108 &
1990 692 312 108 persoluendi
2219 692 104 108 uo-

619 761 232 114 luntate
788 761 148 114 uel
872 761 190 114 flens
998 761 190 114 animi
1125 761 274 114 demissio,
1336 761 127 114 ex
1399 761 253 114 scelerum
1589 761 253 114 memoria,
1779 761 127 114 ac
1842 761 127 114 ex
1905 761 316 114 impendentis
2137 761 190 114 iudicij

612 818 284 121 formidine
830 818 218 121 manans
983 818 175 121 siue
1092 818 327 121 contractio,
1354 818 153 121 aut
1441 818 196 121 animi
1572 818 218 121 morsus
1725 818 153 121 cum
1812 818 349 121 obiurgatione
2096 818 175 121 sui,
2183 818 153 121 inter

611 889 177 118 spem
721 889 111 118 &
766 889 199 118 metum
898 889 332 118 inhaerentia
1163 889 265 118 criminum
1362 889 221 118 ulcera
1517 889 309 118 depellens.
1760 889 287 118 Confessio
1981 889 199 118 autem
2114 889 177 118 est,
2202 889 133 118 quae

613 953 144 115 spe
696 953 227 115 ueniae,
861 953 227 115 uulnera
1026 953 247 115 abstrusa
1211 953 247 115 detegit,
1397 953 103 115 &
1438 953 206 115 morbum
1582 953 144 115 (ut
1664 953 247 115 dicitur)
1850 953 124 115 in
1912 953 165 115 uola
2015 953 268 115 ostendit.
2200 953 124 115 Per-

617 1025 220 109 solutio
777 1025 160 109 uero
877 1025 160 109 est,
977 1025 160 109 quae
1077 1025 260 109 stirpitus
1277 1025 240 109 scelerum
1457 1025 200 109 causas
1598 1025 240 109 euellit,
1778 1025 180 109 aditu
1898 1025 240 109 adeuntes
2078 1025 220 109 arcens.
2218 1025 100 109 Sed

606 1083 258 119 contusio
800 1083 151 119 hoc
886 1083 172 119 modo
994 1083 344 119 describitur,
1274 1083 129 119 ut
1338 1083 151 119 cum
1424 1083 301 119 uoluntaria
1661 1083 172 119 sit,
1769 1083 129 119 ob
1833 1083 237 119 culpam,
2005 1083 151 119 non
2091 1083 129 119 ob
2134 1083 194 119 mulctam

616 1154 265 108 oriatur,
814 1154 154 108 nec
903 1154 132 108 ab
969 1154 265 108 originis
1167 1154 176 108 labe
1278 1154 243 108 dimanet
1454 1154 221 108 quando
1608 1154 221 108 quidem
1763 1154 176 108 haud
1873 1154 132 108 id
1939 1154 198 108 malum
2071 1154 154 108 sit
2138 1154 176 108 uolun-

611 1235 182 97 tate
725 1235 228 97 nostra
884 1235 342 97 contractum.
1158 1235 296 97 Confessio
1385 1235 205 97 autem
1522 1235 205 97 nexus
1659 1235 273 97 dicitur,
1864 1235 159 97 quo
1955 1235 182 97 omne
2069 1235 205 97 genus
2182 1235 137 97 homi

600 1289 175 100 num,
710 1289 175 100 quod
819 1289 263 100 capitali
1016 1289 175 100 tabe
1126 1289 263 100 uexetur,
1323 1289 351 100 obstringitur
1608 1289 241 100 eiusque
1783 1289 197 100 munus
1915 1289 131 100 ad
1980 1289 263 100 flaminem
2156 1289 175 100 dialem

617 1351 267 115 pertinet,
823 1351 206 115 quando
967 1351 247 115 scilicet
1152 1351 123 115 in
1214 1351 247 115 angustum
1399 1351 288 115 necessitas
1625 1351 308 115 detruditur.
1872 1351 206 115 Itaque
2016 1351 308 115 poenitentem
2242 1351 82 115 af

604 1433 242 101 flantem
780 1433 220 101 animam
934 1433 154 101 non
1022 1433 176 101 modo
1133 1433 308 101 criminibus
1375 1433 286 101 patratis,
1595 1433 154 101 sed
1683 1433 198 101 etiam
1815 1433 308 101 pontificio
2036 1433 286 101 interdicto-

604 1486 123 103 ex
666 1486 411 103 senatusconsulto,
1016 1486 103 103 a
1057 1486 226 103 flamine
1222 1486 247 103 liberari
1407 1486 185 103 posse
1530 1486 288 103 manifestum
1757 1486 165 103 est.
1859 1486 165 103 Eius
1962 1486 185 103 autem
2086 1486 165 103 fons
2168 1486 144 103 aegro

613 1549 256 109 tationis
805 1549 298 109 integritas
1039 1549 298 109 nominatur,
1273 1549 171 109 quae
1380 1549 149 109 est
1465 1549 234 109 flamini
1636 1549 234 109 tanquam
1806 1549 213 109 medico
1956 1549 213 109 aperte
2084 1549 234 109 expromen-

611 1624 144 107 da,
693 1624 123 107 ut
754 1624 205 107 totius
898 1624 246 107 corporis
1082 1624 287 107 aegritudo,
1308 1624 185 107 quasi
1431 1624 185 107 ulcus
1554 1624 205 107 dempta
1697 1624 185 107 spina
1820 1624 246 107 sanetur,
2005 1624 123 107 ob
2066 1624 205 107 eamque
2189 1624 123 107 cau-

593 1686 153 114 sam
680 1686 240 114 senatus
855 1686 371 114 promulgatione
1161 1686 262 114 cauetur,
1357 1686 196 114 nequa
1488 1686 284 114 confessio
1706 1686 218 114 aliena
1859 1686 196 114 uoce,
1990 1686 153 114 aut
2077 1686 131 114 ex
2121 1686 196 114 syngra-

606 1747 154 111 pha
694 1747 198 111 fiat.
826 1747 307 111 Persolutio
1067 1747 198 111 autem
1199 1747 132 111 ex
1264 1747 285 111 mulctarum
1484 1747 263 111 operibus
1682 1747 329 111 conficitur,
1945 1747 132 111 ea
2011 1747 176 111 sunt
2099 1747 219 111 donatio,

594 1818 279 111 ieiunium,
808 1818 214 111 oratio
958 1818 214 111 quorum
1108 1818 172 111 unum
1215 1818 129 111 ex
1280 1818 279 111 externis,
1494 1818 236 111 alterum
1666 1818 129 111 ex
1730 1818 279 111 corporis,
1944 1818 236 111 tertium
2116 1818 129 111 ex
2159 1818 150 111 animi

600 1877 260 126 commodis
796 1877 282 126 elicitur.
1012 1877 239 126 Donatio
1186 1877 174 126 enim
1294 1877 174 126 quae
1403 1877 108 126 a
1446 1877 239 126 graecis
1620 1877 282 126 Elemosyna
1837 1877 260 126 dicitur,
2032 1877 152 126 est
2097 1877 217 126 benigni-

611 1952 165 105 tas,
714 1952 144 105 ope
797 1952 330 105 egentissimum
1065 1952 227 105 quenque
1230 1952 227 105 fouens.
1395 1952 247 105 Ieiunium
1580 1952 330 105 anniuersaria
1848 1952 144 105 est
1930 1952 268 105 esurialis
2137 1952 206 105 feria,
2260 1952 62 105 &

608 2024 285 103 uoluntaria
832 2024 326 103 continentia.
1097 2024 204 103 Oratio
1240 2024 143 103 est
1321 2024 204 103 uocis,
1464 2024 265 103 mentisque
1668 2024 204 103 intima
1811 2024 265 103 precatio.
2015 2024 143 103 Sed
2076 2024 224 103 plusculum

596 2075 202 116 litis
730 2075 135 116 in
798 2075 225 116 cauium
955 2075 382 116 disceptatione
1270 2075 315 116 uersatur.,
1518 2075 270 116 Multorum
1720 2075 180 116 enim
1833 2075 315 116 pedariorum
2058 2075 247 116 theologo-

593 2144 150 115 rum
678 2144 278 115 sententia
892 2144 171 115 est,
999 2144 235 115 senatum
1170 2144 278 115 aetherijs
1384 2144 257 115 clauibus
1577 2144 150 115 non
1662 2144 214 115 egere,
1812 2144 342 115 affirmantium
2090 2144 171 115 haud
2176 2144 128 115 opus

597 2228 171 98 esse
703 2228 256 98 clauibus
895 2228 128 98 ad
959 2228 149 98 eam
1045 2228 341 98 ingrediendum
1322 2228 213 98 aedem,
1471 2228 192 98 cuius
1599 2228 192 98 ianua
1727 2228 149 98 sit
1812 2228 235 98 euulsis
1983 2228 299 98 cardinibus
2196 2228 107 98 pa-

596 2277 255 106 tefacta.
787 2277 149 106 Nam
872 2277 149 106 cum
957 2277 170 106 diuo
1064 2277 213 106 loanne
1213 2277 255 106 auctore,
1404 2277 277 106 salutaris
1617 2277 255 106 Christus
1809 2277 192 106 coeli
1936 2277 192 106 fores
2043 2277 255 106 patefactas

584 2348 225 114 dicat,
742 2348 248 114 condudi
922 2348 225 114 posse,
1080 2348 225 114 Latium
1238 2348 248 114 senatum
1418 2348 270 114 clauibus
1620 2348 135 114 ad
1688 2348 293 114 coelestem
1913 2348 225 114 aditum
2071 2348 158 114 non
2138 2348 158 114 egere

597 2411 174 105 Quod
706 2411 282 105 argumenti
923 2411 196 105 genus
1054 2411 130 105 si
1119 2411 130 105 in
1184 2411 304 105 orthodoxea
1423 2411 217 105 incude
1575 2411 282 105 tundatur,
1792 2411 282 105 perfacile
2010 2411 261 105 dicetur,
2183 2411 109 105 sem

588 2486 152 99 per
675 2486 283 99 aetherias
893 2486 196 99 fores
1023 2486 217 99 suapte
1175 2486 217 99 natura
1328 2486 239 99 patere.
1501 2486 152 99 Sed
1588 2486 283 99 quibusdam
1806 2486 261 99 occlusum
2002 2486 130 99 in
2067 2486 217 99 coelum
2197 2486 109 99 adi

585 2543 151 108 tum
672 2543 325 108 affirmetur,
932 2543 346 108 proptereaque
1213 2543 216 108 suopte
1364 2543 238 108 pondere
1538 2543 281 108 superiora
1754 2543 281 108 capessere
1970 2543 281 108 nequeant.
2165 2543 130 108 Onus

593 2617 187 97 autem
718 2617 228 97 naturae
884 2617 249 97 humanae.
1071 2617 228 97 Christi
1237 2617 145 97 est
1320 2617 208 97 litatu
1465 2617 104 97 &
1506 2617 311 97 perpessione
1755 2617 270 97 sublatum.
1963 2617 208 97 ltaque
2108 2617 145 97 cum
2170 2617 125 97 qui-

576 2681 219 97 busdam
730 2681 175 97 modo
839 2681 132 97 ob
905 2681 263 97 originis
1103 2681 219 97 nexum,
1256 2681 395 97 quotidianumque
1585 2681 241 97 scelus,
1761 2681 197 97 coeli
1892 2681 285 97 ingressum
2090 2681 197 97 praeclu

587 2745 163 103 sum
680 2745 117 103 &
727 2745 327 103 obstructum
984 2745 280 103 dicatur,
1194 2745 140 103 ob
1264 2745 163 103 eam
1357 2745 233 103 causam
1521 2745 210 103 genus
1661 2745 257 103 humanum
1847 2745 210 103 Latij
1987 2745 257 103 senatus
2151 2745 140 103 cla-

586 2815 182 100 uibus
707 2815 182 100 egere
829 2815 283 100 affirmatur
1051 2815 182 100 atque
1173 2815 182 100 illud
1294 2815 182 100 etiam
1416 2815 324 100 perquiritur,
1679 2815 121 100 an
1739 2815 202 100 flamen
1881 2815 121 100 in
1942 2815 263 100 quenquam,
2124 2815 162 100 dauium

585 2873 268 98 imperio,
786 2873 157 98 uti
875 2873 201 98 posse
1010 2873 291 98 uideatur.
1233 2873 268 98 Durandus
1435 2873 179 98 enim
1547 2873 358 98 uaferrimorum
1838 2873 358 98 araumentorum
2106 2873 179 98 prodi-

583 2950 170 101 gus,
689 2950 234 101 quenque
859 2950 106 101 a
902 2950 277 101 quocunque
1115 2950 234 101 flamine
1285 2950 255 101 liberari
1477 2950 192 101 posse
1605 2950 234 101 censet,
1775 2950 149 101 cui
1860 2950 213 101 quidem
2009 2950 213 101 maxime
2137 2950 149 101 fauet

582 3020 300 91 multitudo
813 3020 254 91 quaedam
997 3020 161 91 uix
1089 3020 346 91 theologorum
1366 3020 392 91 nomenculatori
1689 3020 208 91 nota.
1828 3020 138 91 At
1897 3020 208 91 multo
2035 3020 231 91 sanior
2174 3020 115 91 est

579 3069 202 105 Petri
713 3069 314 105 Paludensis
960 3069 269 105 partitio
1162 3069 112 105 a
1206 3069 179 105 diui
1318 3069 224 105 Thomae
1475 3069 314 105 disciplina
1722 3069 291 105 manantis.
1946 3069 157 105 Nos
2036 3069 202 105 autem
2148 3069 157 105 inse,
