2453 3691
182 333 180 91 natu
294 333 225 91 summum
451 333 247 91 quoddam
631 333 247 91 imperij
811 333 202 91 genus
945 333 337 91 constitutum
1215 333 270 91 dicimus,
1417 333 157 91 cui
1507 333 247 91 reliqui
1664 333 225 91 pareant.

193 408 136 77 ex
261 408 159 77 quo
352 408 136 77 in
420 408 250 77 quosdam
602 408 409 77 circumscriptum
943 408 295 77 dominatum
1170 408 386 77 nanciscantur.
1488 408 159 77 Cum
1579 408 204 77 autem
1692 408 182 77 aethe-

180 460 212 90 riarum
328 460 234 90 clauium
498 460 191 90 usus,
626 460 234 90 aliquod
795 460 234 90 imperij
965 460 149 90 ius
1050 460 276 90 flagitare
1262 460 276 90 uideatur,
1475 460 127 90 ob
1538 460 149 90 eam
1623 460 212 90 causam
1751 460 127 90 dici

185 534 151 86 mus
272 534 151 86 eum
358 534 151 86 qui
444 534 194 86 summi
573 534 237 86 imperij
746 534 280 86 potestate
962 534 259 86 nitatur,
1156 534 216 86 ijsdem
1306 534 151 86 uti
1393 534 129 86 in
1457 534 172 86 unum
1565 534 237 86 quemque
1716 534 151 86 posse

189 599 147 81 non
273 599 189 81 autem
399 599 168 81 eos,
505 599 210 81 quorum
652 599 147 81 sit
736 599 316 81 praefinitus
988 599 105 81 &
1030 599 379 81 circumscriptus
1346 599 295 81 dominatus.
1577 599 147 81 nam
1662 599 147 81 ijs
1725 599 147 81 prae-

194 647 220 98 terquam
354 647 120 98 in
414 647 280 98 discrimine
634 647 200 98 animas
774 647 300 98 efflantium,
1014 647 120 98 in
1073 647 140 98 eos
1153 647 180 98 solum
1273 647 140 98 qui
1353 647 160 98 sibi
1453 647 180 98 sorte
1573 647 280 98 obtigerint
1773 647 100 98 po-

187 722 213 74 testas
336 722 213 74 utendi
484 722 191 74 datur
612 722 255 74 Quanquam
803 722 213 74 aliqua
952 722 319 74 Theologorum
1207 722 319 74 dissensione
1462 722 276 74 certatur,
1653 722 213 74 cuiusce-

199 778 169 90 modi
304 778 232 90 senatus
473 778 317 90 indulgentia
726 778 253 90 dicatur.
916 778 190 90 Diuus
1043 778 169 90 enim
1149 778 211 90 Thomas
1296 778 401 90 religiosissimus
1613 778 253 90 christiana

189 839 349 97 salubritatis
473 839 240 97 custos,
647 839 153 97 eam
735 839 349 97 indulgentiam
1018 839 284 97 (audeamus
1236 839 175 97 enim
1345 839 153 97 hoc
1433 839 196 97 uerbo
1564 839 175 97 uti)
1673 839 175 97 quae
1760 839 109 97 est

186 903 244 86 senatus
363 903 377 86 promulgatione
674 903 266 86 decreta,
873 903 244 86 aliquid
1051 903 222 86 uirium
1206 903 155 86 non
1294 903 177 86 modo
1405 903 133 86 in
1472 903 244 86 senatus
1649 903 200 86 foro,
1760 903 111 86 sed

188 967 180 95 etiam
308 967 120 95 in
368 967 160 95 ipso
468 967 140 95 dei
548 967 240 95 iudicio,
728 967 240 95 nancisci
908 967 220 95 uoluit.
1067 967 120 95 In
1127 967 140 95 quo
1207 967 160 95 sane
1307 967 300 95 locupletior
1547 967 140 95 non
1627 967 180 95 esset
1727 967 140 95 exqui

189 1038 210 69 rendus
336 1038 231 69 auctor,
503 1038 168 69 nisi
608 1038 126 69 in
671 1038 147 69 eum
755 1038 252 69 directis
944 1038 210 69 contis
1090 1038 273 69 Aureolus,
1300 1038 105 69 &
1342 1038 252 69 Durandus
1531 1038 231 69 tanquam
1677 1038 189 69 uelites

196 1092 300 77 decurrerent
436 1092 100 77 .
476 1092 200 77 ltaque
616 1092 120 77 ob
675 1092 140 77 eam
755 1092 200 77 causam
895 1092 220 77 Christi
1055 1092 280 77 diuorumque
1275 1092 220 77 litatum
1435 1092 200 77 quasi.
1574 1092 120 77 R.
1634 1092 120 77 P.
1674 1092 200 77 aerarium

195 1172 237 81 quoddam
368 1172 259 81 dicemus.
562 1172 129 81 In
627 1172 172 81 quod
734 1172 237 81 tanquam
907 1172 129 81 in
972 1172 194 81 urnam
1101 1172 280 81 generatim
1316 1172 237 81 quisque
1489 1172 194 81 usque
1618 1172 129 81 eo
1661 1172 216 81 uectigal

186 1232 264 79 inijciat,
389 1232 183 79 quoad
510 1232 284 79 expleatur,
734 1232 142 79 nec
815 1232 183 79 tamen
937 1232 244 79 expletam
1119 1232 223 79 futuram
1282 1232 244 79 dicimus,
1464 1232 162 79 nisi
1566 1232 122 79 in
1626 1232 183 79 busto
1728 1232 142 79 defla

184 1284 203 93 grati,
326 1284 101 93 &
366 1284 263 93 cinefacti
569 1284 203 93 mundi,
710 1284 122 93 ex
771 1284 142 93 quo
852 1284 142 93 tam
933 1284 304 93 multiplicem
1176 1284 284 93 indulgendi
1399 1284 284 93 facultatem
1622 1284 182 93 oriri
1723 1284 142 93 uolu-

187 1361 167 77 mus.
291 1361 146 77 Sed
375 1361 188 77 multi
500 1361 313 77 Theologorum
750 1361 271 77 tunicati,
959 1361 146 77 qui
1042 1361 188 77 uelut
1168 1361 334 77 mirmillones,
1439 1361 146 77 aut
1522 1361 229 77 thraces
1689 1361 125 77 in
1731 1361 125 77 uulu

176 1421 201 85 coetum
316 1421 301 85 gladiatoria
557 1421 281 85 spectacula
778 1421 221 85 aedunt,
938 1421 140 85 hoc
1018 1421 321 85 indulgentiae
1279 1421 201 85 munus,
1420 1421 221 85 tanquam
1580 1421 221 85 inutile
1721 1421 140 85 explo

173 1486 199 70 dunt,
306 1486 332 70 affirmantes
571 1486 265 70 inutilem
770 1486 288 70 muneralem
991 1486 243 70 ambitum
1168 1486 243 70 uideri.
1345 1486 199 70 Atqui
1478 1486 155 70 cum
1566 1486 133 70 in
1633 1486 155 70 hoc
1699 1486 155 70 gener

188 1536 235 99 spiritus
365 1536 177 99 bona,
483 1536 118 99 ob
542 1536 216 99 externa
698 1536 157 99 dari
797 1536 216 99 dicant,
954 1536 137 99 quo
1032 1536 235 99 scilicet
1209 1536 118 99 in
1267 1536 177 99 fanis
1385 1536 137 99 aut
1464 1536 353 99 ualitudinarijs
1738 1536 118 99 pub-

184 1601 197 103 licis
316 1601 351 103 construendis
600 1601 372 103 profundantur,
907 1601 219 103 cumque
1060 1601 153 103 eam
1148 1601 394 103 pernutationem,
1477 1601 285 103 muneralem
1674 1601 197 103 ambitum

180 1674 168 80 esse
285 1674 295 80 opinentur,
517 1674 253 80 fatendum
706 1674 168 80 esse
811 1674 232 80 uolunt,
980 1674 126 80 id
1043 1674 337 80 indulgentiae
1317 1674 358 80 auctoramentum
1611 1674 232 80 inutile
1759 1674 105 80 ui-

175 1738 186 92 deri.
299 1738 207 92 Quibus
444 1738 165 92 sane
548 1738 290 92 responderi
775 1738 207 92 debet,
920 1738 186 92 nullo
1044 1738 165 92 modo
1147 1738 248 92 spiritus
1333 1738 186 92 bona,
1457 1738 124 92 ob
1519 1738 248 92 externa,
1706 1738 165 92 nisi
1788 1738 83 92 ex

173 1794 302 87 aduentitio
411 1794 194 87 dari.
540 1794 151 87 nam
626 1794 151 87 cum
712 1794 129 87 ob
777 1794 259 87 delubra,
971 1794 151 87 aut
1057 1794 366 87 ualitudinaria
1359 1794 323 87 construenda
1596 1794 259 87 tribuuntur

172 1867 141 86 non
252 1867 121 86 ob
313 1867 121 86 id
373 1867 161 86 dari
474 1867 242 86 dicimus,
655 1867 121 86 ut
715 1867 121 86 in
776 1867 141 86 ijs
856 1867 221 86 habeant
1017 1867 221 86 aliquem
1178 1867 242 86 sistendi
1360 1867 201 86 locum,
1501 1867 141 86 sed
1581 1867 121 86 ob
1621 1867 242 86 comitantem

185 1925 302 94 manantemque
427 1925 242 94 spiritus
608 1925 282 94 utilitatem
830 1925 181 94 dari.
950 1925 121 94 ex
1011 1925 141 94 quo
1091 1925 161 94 haud
1192 1925 161 94 sane
1293 1925 121 94 ob
1353 1925 222 94 externa
1515 1925 161 94 dari
1595 1925 262 94 affirmamus,

175 1992 157 90 nisi
274 1992 236 90 quatenus
451 1992 118 90 ad
510 1992 236 90 spiritus
687 1992 157 90 bona
785 1992 334 90 praetexuntur.
1060 1992 177 90 Atque
1178 1992 177 90 etiam
1296 1992 256 90 plaerique
1493 1992 216 90 hominem
1650 1992 118 90 ob
1690 1992 157 90 mulcta

169 2052 208 94 nexum,
315 2052 104 94 a
357 2052 208 94 gloria
502 2052 312 94 adipiscenda
752 2052 250 94 reprimi,
939 2052 104 94 &
981 2052 271 94 retardari
1189 2052 229 94 uolunt.
1356 2052 146 94 Sed
1439 2052 125 94 si
1501 2052 333 94 indulgentiae
1751 2052 104 94 au-

172 2114 317 93 ctoramentum
425 2114 254 93 tantidem
616 2114 275 93 ualiturum
827 2114 254 93 dicatur,
1017 2114 211 93 quanti
1165 2114 254 93 feratur,
1355 2114 275 93 perfacile
1566 2114 190 93 posse
1672 2114 190 93 hominem

172 2185 262 76 affirmat,
374 2185 121 76 si
434 2185 323 76 indulgentiae
696 2185 161 76 gyro
797 2185 262 76 decurrat,
999 2185 282 76 temporaria
1221 2185 202 76 mulcta
1362 2185 242 76 liberari
1543 2185 121 76 ex
1604 2185 141 76 quo
1664 2185 182 76 perspi-

174 2249 174 80 cuum
283 2249 239 80 uideri,
457 2249 239 80 hominem
630 2249 261 80 caeteris
826 2249 261 80 reiectis
1022 2249 326 80 adiumentis,
1282 2249 130 80 in
1347 2249 152 80 hoc
1434 2249 174 80 unum
1543 2249 196 80 munus
1651 2249 196 80 incumbe

167 2318 120 73 re
227 2318 220 73 debere.
387 2318 200 73 Quibus
527 2318 100 73 a
567 2318 240 73 dynastis
747 2318 220 73 nostris
907 2318 280 73 responderi
1127 2318 200 73 solet,
1267 2318 160 73 quam
1367 2318 240 73 quanquam
1547 2318 280 73 uehementer
1747 2318 100 73 ho-

174 2372 346 84 indulgentiae
455 2372 368 84 auctoramentum
758 2372 130 84 ad
823 2372 238 84 mulctae
996 2372 346 84 liberationem
1277 2372 281 84 ualiturum
1493 2372 259 84 dicatur,
1666 2372 195 84 uehemen

166 2447 169 76 tius
272 2447 190 76 tamen
399 2447 233 76 quaedam
568 2447 360 76 persolutionis
864 2447 233 76 genera,
1033 2447 127 76 ob
1097 2447 275 76 essentiae
1308 2447 254 76 praemium
1498 2447 233 76 mereri,
1668 2447 169 76 quod
1752 2447 106 76 lon

164 2509 125 84 ge
227 2509 146 84 sit
310 2509 312 84 temporariae
559 2509 229 84 mulctae
725 2509 312 84 liberatione
975 2509 353 84 praestantius.
1266 2509 146 84 Sed
1349 2509 208 84 maxime
1495 2509 125 84 in
1536 2509 312 84 controuersiam

170 2570 115 75 &
216 2570 413 75 disceptationem
560 2570 230 75 cadit,
721 2570 161 75 num
813 2570 367 75 consentaneum
1111 2570 161 75 sit
1203 2570 230 75 probos
1364 2570 253 75 quosdam
1548 2570 230 75 manes,
1708 2570 161 75 cum
1777 2570 69 75 c

166 2636 251 77 corpore
348 2636 364 77 excesserint,
645 2636 182 77 apud
759 2636 319 77 expiatorem
1009 2636 205 77 Orcum
1146 2636 296 77 mulctari.
1374 2636 296 77 Nonnullis
1601 2636 182 77 enim
1693 2636 159 77 uisum

169 2692 170 76 est,
275 2692 212 76 nullum
423 2692 148 76 tam
508 2692 254 76 nefarium
699 2692 212 76 scelus
847 2692 276 76 inueniri,
1059 2692 170 76 quin
1165 2692 212 76 possit
1314 2692 276 76 mulctarum
1526 2692 318 76 perpessione
1759 2692 85 76 in

173 2753 177 85 uita
284 2753 266 85 expiari,
483 2753 177 85 modo
593 2753 221 85 mulcta
748 2753 199 85 aequo
881 2753 199 85 animo
1014 2753 332 85 perferatur,
1280 2753 199 85 atqui
1412 2753 155 85 cum
1501 2753 177 85 mors
1612 2753 199 85 summa
1722 2753 133 85 mul-

168 2813 216 99 ctarum
320 2813 325 99 carnificina
580 2813 173 99 sit,
688 2813 130 99 in
753 2813 238 99 promptu
926 2813 173 99 esse
1034 2813 325 99 poenitentem
1294 2813 390 99 perferentemque
1597 2813 260 99 constanter

164 2888 180 88 morte
284 2888 220 88 expiari
444 2888 200 88 posse.
584 2888 140 88 Qui
664 2888 180 88 autem
784 2888 120 88 ne
844 2888 120 88 in
904 2888 380 88 festinationibus
1224 2888 200 88 quidem
1364 2888 240 88 quicquam
1544 2888 120 88 de
1604 2888 220 88 passuum
1744 2888 100 88 tar

176 2941 200 113 ditate
316 2941 279 113 remitcunt,
535 2941 260 113 perfacile
735 2941 279 113 respondent
955 2941 200 113 laethi
1094 2941 220 113 naturae
1254 2941 240 113 mulctam,
1434 2941 160 113 haud
1534 2941 120 113 ob
1593 2941 220 113 patrata
1733 2941 120 113 actu
