2453 3827
585 340 238 124 crimina
758 340 216 124 facere
910 340 194 124 posse
1039 340 194 124 satis
1169 340 216 124 quando
1320 340 216 124 quidem
1471 340 151 124 sit
1558 340 216 124 homini
1709 340 130 124 ob
1774 340 259 124 originis
1968 340 194 124 malum
2076 340 238 124 constitu-

584 433 147 105 ta,
668 433 252 105 quamquam
857 433 168 105 haud
962 433 210 105 negent
1110 433 126 105 ui
1173 433 231 105 illatam
1341 433 210 105 necem,
1488 433 168 105 quae
1593 433 147 105 dei
1677 433 147 105 spe
1761 433 105 105 &
1803 433 210 105 nomine
1951 433 294 105 constanter
2161 433 147 105 perfe

595 492 210 108 ratur,
742 492 252 108 concreta
930 492 210 108 eluere
1077 492 231 108 scelera
1245 492 210 108 posse.
1392 492 126 108 Ex
1455 492 147 108 quo
1538 492 189 108 causa
1664 492 293 108 inquirendi
1895 492 210 108 datur,
2041 492 147 108 num
2104 492 210 108 expiabi-

588 569 166 102 lium
692 569 207 102 manium
837 569 145 102 sit
920 569 207 102 quidam
1065 569 207 102 certus
1210 569 290 102 receptator
1438 569 207 102 locus.
1583 569 145 102 Vgo
1666 569 166 102 enim
1769 569 290 102 Victorius,
1997 569 249 102 affluens
2184 569 104 102 &
2204 569 104 102 lo-

591 628 224 101 cuples
747 628 314 101 theologus,
994 628 202 101 negat
1128 628 202 101 ullum
1263 628 224 101 certum
1420 628 314 101 expiatorem
1666 628 179 101 esse
1778 628 224 101 locum,
1935 628 291 101 affirmans
2137 628 179 101 ijsdem

586 698 185 94 locis
710 698 247 94 mulctari
895 698 205 94 manes,
1038 698 205 94 quibus
1182 698 144 94 sit
1264 698 185 94 culpa
1388 698 288 94 contracta.
1614 698 185 94 Maior
1737 698 185 94 autem
1860 698 164 94 pars
1963 698 123 94 eo
2024 698 288 94 delabitur,
2230 698 82 94 ut

596 767 184 98 Ditis
718 767 205 98 antrum
862 767 184 98 uelit
984 767 123 98 in
1046 767 225 98 quatuor
1210 767 307 98 distributum
1455 767 164 98 esse
1558 767 225 98 partes,
1721 767 143 98 nam
1803 767 164 98 imis
1906 767 225 98 sedibus
2069 767 205 98 animas
2192 767 123 98 actu

585 823 246 104 pollutas
769 823 123 104 ob
830 823 225 104 patrata
994 823 225 104 scelera
1158 823 205 104 plecti
1301 823 225 104 dicunt,
1465 823 225 104 alteram
1629 823 164 104 esse
1732 823 123 104 in
1793 823 143 104 qua
1875 823 246 104 originis
2059 823 164 104 tabe
2141 823 164 104 inqui-

590 885 162 105 nati
691 885 303 105 crucientur,
934 885 222 105 tertium
1095 885 263 105 tartareum
1298 885 162 105 esse
1399 885 182 105 locum
1520 885 263 105 Riccardus
1722 885 182 105 Villa
1844 885 263 105 opinatur,
2046 885 142 105 quo
2107 885 202 105 sublimes

582 954 194 101 aniae,
717 954 252 101 haerentes
911 954 233 101 criminum
1086 954 194 101 sordes
1222 954 233 101 eijciant
1396 954 233 101 quamquam
1571 954 213 101 quisdam
1726 954 175 101 manes
1842 954 175 101 alibi
1959 954 175 101 labes
2075 954 194 101 eluere
2192 954 116 101 pos-

593 1035 118 96 se
652 1035 197 96 dicat,
790 1035 138 96 quo
869 1035 236 96 scilicet
1046 1035 256 96 quarundam
1243 1035 177 96 rerum
1361 1035 217 96 indices
1519 1035 98 96 &
1558 1035 177 96 quasi
1676 1035 295 96 internuntij
1912 1035 177 96 sint,
2030 1035 276 96 hominesque
2227 1035 79 96 ad

593 1098 256 98 inferias,
790 1098 98 98 &
829 1098 275 98 parentalia
1046 1098 354 98 suffragandique
1341 1098 197 98 studia
1479 1098 275 98 impellant,
1695 1098 118 98 ac
1754 1098 118 98 in
1813 1098 295 98 perferendo,
2049 1098 216 98 sensili
2187 1098 118 98 ali-

588 1166 153 100 qua
675 1166 240 100 notitia
850 1166 196 100 ratum
981 1166 153 100 dei
1068 1166 240 100 ultoris
1242 1166 349 100 aequilibrium
1526 1166 305 100 ostendant.
1766 1166 240 100 Quartum
1940 1166 174 100 uero
2049 1166 174 100 modo
2137 1166 174 100 anima-

597 1218 161 106 bus
689 1218 230 106 uacuum
850 1218 184 106 esse
965 1218 207 106 uult,
1103 1218 161 106 quo
1195 1218 253 106 Heroum,
1379 1218 115 106 &
1426 1218 207 106 uatum
1564 1218 207 106 manes
1702 1218 322 106 subsedisse
1932 1218 253 106 dicantur.

864 1358 307 74 DE
966 1358 921 74 SACRAMENTOEXTRE

909 1417 760 81 MAEVNCTIONIS

924 1488 710 79 DISTINCTIO
1432 1488 457 79 QVARTA.

852 1566 267 109 Cquatuor
1052 1566 156 109 his
1141 1566 290 109 generibus
1364 1566 290 109 sacrorum,
1587 1566 223 109 quinta
1743 1566 312 109 adiungitur
1988 1566 223 109 extima
2122 1566 178 109 perun-

860 1620 186 116 ctio.
985 1620 145 116 Quo
1067 1620 124 116 in
1130 1620 207 116 genere
1274 1620 249 116 multorum
1461 1620 269 116 sententia
1668 1620 166 116 est,
1772 1620 166 116 haud
1875 1620 124 116 id
1937 1620 249 116 lustrale
2124 1620 207 116 sacrum
2248 1620 62 116 a

860 1697 237 100 Christo,
1038 1697 138 100 sed
1117 1697 99 100 a
1157 1697 297 100 pedissequis
1394 1697 277 100 discipulis
1612 1697 198 100 fuisse
1750 1697 198 100 latum,
1889 1697 158 100 quam
1988 1697 178 100 obrem
2086 1697 218 100 nonnulli-

852 1759 157 109 omia
951 1759 236 109 sacrorum
1128 1759 197 109 genera
1266 1759 98 109 a
1305 1759 217 109 Christo
1463 1759 276 109 constituta
1679 1759 217 109 dicunt,
1837 1759 138 109 sed
1915 1759 217 109 quaedam
2073 1759 118 109 ex
2132 1759 157 109 hijs
2211 1759 98 109 ab-

586 1822 115 105 eo
643 1822 172 105 lata,
758 1822 249 105 quorundam
949 1822 153 105 uero
1045 1822 230 105 lationem
1217 1822 210 105 alumnis
1370 1822 268 105 reseruatam
1581 1822 210 105 fuisse,
1734 1822 134 105 cui
1810 1822 191 105 quidem
1944 1822 268 105 sententiae
2155 1822 115 105 ex
2193 1822 115 105 par-

585 1896 130 95 te
650 1896 195 95 magna
780 1896 195 95 diuus
911 1896 217 95 Thomas
1062 1896 325 95 assentitur.
1322 1896 152 95 Sed
1409 1896 238 95 incidit
1583 1896 304 95 contentio,
1821 1896 152 95 num
1908 1896 260 95 eiusmodi
2103 1896 195 95 sacri
2211 1896 87 95 fi

585 1967 197 94 nitima
723 1967 236 94 materies
900 1967 177 94 oleum
1018 1967 236 94 dicatur,
1195 1967 157 94 quod
1294 1967 275 94 pontifices
1510 1967 275 94 sacrificio
1726 1967 177 94 certo
1844 1967 334 94 consecrarint.
2100 1967 197 94 Durandus

578 2022 171 104 enim
684 2022 299 104 argutiarum
919 2022 235 104 auceps,
1090 2022 299 104 spinosiora
1325 2022 278 104 argumenta
1539 2022 235 104 nectit,
1710 2022 214 104 quibus
1859 2022 235 104 probare
2030 2022 235 104 conatur
2180 2022 128 104 haud

581 2087 264 118 eiusmodi
779 2087 198 118 sacri
912 2087 264 118 materiem
1110 2087 198 118 oleum
1242 2087 110 118 a
1286 2087 198 118 Pont,
1418 2087 331 118 consecratum
1683 2087 176 118 esse
1793 2087 264 118 oportere
1991 2087 220 118 quando
2124 2087 176 118 quidem

589 2152 258 110 Christum
783 2152 194 110 nullo
913 2152 258 110 corporeo
1106 2152 172 110 olei
1214 2152 258 110 perfusum
1408 2152 172 110 usum
1516 2152 215 110 dicat,
1666 2152 172 110 quae
1774 2152 172 110 sane
1882 2152 345 110 argumentorum
2140 2152 151 110 gene-

586 2232 132 88 ra
652 2232 264 88 praecare
850 2232 110 88 a
894 2232 198 88 Petro
1026 2232 286 88 Paludensi
1246 2232 330 88 retexuntur,
1509 2232 154 88 qui
1597 2232 176 88 nunc
1707 2232 132 88 in
1773 2232 198 88 magno
1905 2232 330 88 theologorum
2147 2232 154 88 thea-

580 2281 154 118 tro
668 2281 220 118 sessum
822 2281 308 118 recipitur.
1064 2281 154 118 Sed
1152 2281 330 118 interiectus
1416 2281 154 118 est
1505 2281 286 118 moderator
1725 2281 198 118 diuus
1857 2281 242 118 Thomas,
2033 2281 154 118 qui
2099 2281 198 118 perinde

580 2351 117 112 id
638 2351 195 112 sacrum
774 2351 117 112 in
833 2351 234 112 lustrali
1008 2351 214 112 illitu,
1164 2351 117 112 ut
1222 2351 234 112 baptisma
1397 2351 117 112 in
1456 2351 214 112 laticis
1612 2351 292 112 aspersione,
1845 2351 273 112 consistere
2040 2351 253 112 arbitratur,

585 2415 211 114 eiusque
738 2415 249 114 materiem,
930 2415 172 114 oleum
1045 2415 287 114 consecratum
1275 2415 153 114 esse
1370 2415 211 114 censet.
1524 2415 115 114 Et
1581 2415 249 114 propterea
1773 2415 115 114 in
1830 2415 134 114 eam
1907 2415 268 114 sententiam
2118 2415 172 114 itur,
2213 2415 77 114 ut

576 2490 245 98 eiusmodi
759 2490 184 98 sacri
882 2490 245 98 princeps
1065 2490 245 98 effectus
1249 2490 245 98 criminum
1433 2490 265 98 liberatio
1637 2490 245 98 uocetur,
1821 2490 122 98 ex
1882 2490 143 98 quo
1963 2490 122 98 id
2025 2490 184 98 primo
2147 2490 122 98 ad
2188 2490 102 98 in-

585 2554 253 103 sidentium
779 2554 233 103 scelerum
954 2554 311 103 aegritudinem
1207 2554 233 103 sanandam
1382 2554 272 103 institutum
1596 2554 233 103 putatur,
1771 2554 136 103 que
1849 2554 233 103 spiritus
2024 2554 214 103 quaedam
2160 2554 136 103 sana-

571 2621 149 102 tio
656 2621 255 102 dicatur.
847 2621 212 102 Itaque
996 2621 127 102 ob
1059 2621 149 102 eam
1144 2621 212 102 causam
1293 2621 170 102 haud
1399 2621 127 102 id
1463 2621 212 102 contra
1611 2621 149 102 eas
1696 2621 319 102 defectiones
1951 2621 255 102 adhiberi
2121 2621 170 102 affir-

568 2691 223 87 mamus,
724 2691 223 87 quibus
880 2691 268 87 spiritus
1082 2691 179 87 uita
1193 2691 290 87 adimatur,
1417 2691 335 87 quemadmodum
1685 2691 223 87 contra
1841 2691 290 87 originis,
2065 2691 112 87 &
2087 2691 201 87 capita-

574 2752 124 112 se
636 2752 207 112 malum,
781 2752 145 112 sed
864 2752 207 112 contra
1009 2752 145 112 eas
1092 2752 311 112 defectiones
1341 2752 186 112 dari,
1465 2752 207 112 quibus
1610 2752 228 112 homines
1776 2752 249 112 spiritus
1962 2752 311 112 aegritudine
2190 2752 104 112 op-

575 2822 309 92 primantur,
817 2822 375 92 hebetenturque
1126 2822 132 92 ad
1192 2822 242 92 gloriae
1368 2822 198 92 actum
1501 2822 353 92 nanciscendum
1787 2822 176 92 quod
1897 2822 220 92 quidem
2052 2822 176 92 haud
2140 2822 154 92 quic-

580 2898 150 81 quam
674 2898 168 81 aliud
786 2898 150 81 iure
879 2898 150 81 dici
973 2898 187 81 possit
1104 2898 150 81 quam
1197 2898 318 81 inmbecillitas
1459 2898 243 81 eneruata,
1646 2898 150 81 siue
1739 2898 206 81 socors,
1889 2898 93 81 &
1926 2898 187 81 inepta
2057 2898 206 81 quaedam
2188 2898 93 81 he-

570 2947 258 99 betatio,
764 2947 172 99 quae
872 2947 280 99 hominibus
1087 2947 129 99 ob
1151 2947 215 99 crimen
1302 2947 172 99 actu
1409 2947 280 99 patratum,
1624 2947 323 99 originisque
1882 2947 194 99 tabem
1990 2947 301 99 relinquatur,

569 3027 235 88 contra
734 3027 188 88 quae
852 3027 188 88 mala
969 3027 259 88 homines
1157 3027 165 88 hoc
1251 3027 282 88 lustrali
1463 3027 212 88 sacro
1604 3027 329 88 muniantur.
1863 3027 306 88 Quamobrem
2074 3027 212 88 senatus

571 3086 250 112 consulto
759 3086 250 112 cauetur,
946 3086 208 112 nequis
1092 3086 271 112 profanus,
1301 3086 146 112 aut
1384 3086 250 112 minister
1571 3086 229 112 flamen,
1738 3086 146 112 qui
1822 3086 104 112 a
1863 3086 229 112 graecis
2030 3086 250 112 Diaconus
2197 3086 83 112 no
