2453 3693
141 319 231 100 minatur,
314 319 250 100 illinendi
506 319 269 100 facultatem
717 319 231 100 usurpet,
890 319 154 100 neue
987 319 173 100 etiam
1102 319 192 100 insani
1236 319 288 100 illinantur,
1467 319 154 100 nisi
1563 319 135 100 qui
1621 319 192 100 stolidem

142 404 209 85 amentes
294 404 171 85 sint,
408 404 190 85 quique
541 404 285 85 interposito
769 404 190 85 spatio
902 404 133 85 ita
978 404 304 85 resipiscant,
1224 404 114 85 ut
1281 404 228 85 sentiant
1452 404 114 85 ui
1509 404 190 85 sacri,
1623 404 190 85 scelerum

152 467 245 77 uestigia
335 467 184 77 dilui
458 467 245 77 eodemque
641 467 163 77 modo
743 467 245 77 infantes
927 467 326 77 repelluntur,
1192 467 143 77 qui
1274 467 204 77 nondum
1416 467 163 77 sint
1518 467 163 77 uim,
1600 467 204 77 praestan

148 528 214 88 tiamque
303 528 311 88 intelligendi
556 528 272 88 consecuti,
770 528 195 88 quique
906 528 117 88 ut
965 528 233 88 praecare
1140 528 136 88 ait
1217 528 272 88 Riccardus,
1431 528 195 88 nondum
1568 528 97 88 .
1587 528 214 88 ignoscibi

140 591 125 87 li
203 591 166 87 tabe
306 591 332 87 inquinentur,
576 591 187 87 cuius
701 591 208 87 quidem
846 591 166 87 mali
950 591 332 87 liberationem
1220 591 125 87 in
1282 591 249 87 eiusmodi
1469 591 187 87 sacro
1593 591 166 87 unam
1697 591 104 87 e
1718 591 83 87 mu

152 655 140 82 tis
232 655 321 82 antesignanam
493 655 100 82 &
533 655 261 82 principem
733 655 160 82 esse
834 655 261 82 opinatur.
1034 655 180 82 Atque
1154 655 180 82 illud
1275 655 180 82 etiam
1395 655 241 82 sancitum
1575 655 160 82 est,
1676 655 120 82 ne
1716 655 80 82 ua

142 728 256 81 sentibus
334 728 149 81 aut
419 728 128 81 in
483 728 277 81 quocunque
696 728 341 81 aegritudinum
973 728 235 81 genere,
1144 728 299 81 adhibeatur
1379 728 341 81 quandoquidem
1656 728 128 81 id
1698 728 107 81 sa-

138 786 172 80 crum
245 786 236 80 extimum
417 786 258 80 dicatur,
610 786 172 80 quod
717 786 236 80 senatus
889 786 279 80 adhibeat,
1104 786 236 80 homines
1276 786 322 80 praeparans,
1534 786 107 80 &
1555 786 258 80 perpoliens

153 846 118 82 ad
212 846 217 82 gloriam
370 846 118 82 et
429 846 256 82 propterea
627 846 138 82 eos
706 846 217 82 tanntum
863 846 276 82 illinendos
1080 846 158 82 esse
1179 846 237 82 dicimus,
1356 846 138 82 qui
1435 846 118 82 in
1494 846 158 82 ipso
1593 846 158 82 sint
1672 846 138 82 uitae

143 913 238 80 excessum
322 913 298 80 constituti.
560 913 119 80 In
620 913 139 80 quo
699 913 179 80 etiam
819 913 338 80 intelligendum
1097 913 159 80 est,
1196 913 179 80 omnes
1315 913 238 80 corporis
1494 913 199 80 partes
1613 913 199 80 illiniri

147 975 135 80 non
224 975 231 80 placere,
397 975 135 80 cum
474 975 115 80 id
532 975 192 80 sacrum
666 975 212 80 curatio
820 975 212 80 quaedam
974 975 231 80 dicatur,
1148 975 289 80 corporisque
1379 975 212 80 curatio
1533 975 154 80 haud
1610 975 192 80 cunctis-

143 1036 256 95 corporis
334 1036 277 95 partibus,
548 1036 149 95 sed
633 1036 256 95 morborum
825 1036 213 95 tantum
974 1036 213 95 fibris
1123 1036 320 95 medicamenta
1379 1036 277 95 adhibeat.
1592 1036 149 95 Cum
1656 1036 149 95 autem

149 1098 177 87 omnis
267 1098 196 87 nostra
405 1098 177 87 notio
522 1098 98 87 a
562 1098 236 87 sensibus
739 1098 236 87 oriatur,
915 1098 137 87 ubi
994 1098 255 87 facinorum
1190 1098 295 87 scelerumque
1426 1098 177 87 ortum
1544 1098 157 87 esse
1622 1098 177 87 dicimus

142 1161 165 88 ibi,
245 1161 144 88 hoc
328 1161 247 88 lustrale
513 1161 330 88 perunctionis
781 1161 247 88 fomentum
967 1161 165 88 esse
1070 1161 247 88 uolumus,
1255 1161 124 88 ob
1317 1161 206 88 eamque
1462 1161 206 88 causam
1606 1161 103 88 a
1626 1161 186 88 flamine

136 1242 254 77 senisuum
326 1242 191 77 sedes
432 1242 233 77 obliniri-

362 1284 292 104 DE
508 1284 682 104 SACRAMENTO
996 1284 438 104 ORDINIS

490 1374 671 64 DISTINCTIO
970 1374 432 64 QVARTA.

408 1408 189 96 Taque
534 1408 231 96 quoniam
702 1408 210 96 cuncta
850 1408 252 96 sacrorum
1039 1408 210 96 genera
1186 1408 336 96 persequimur,
1459 1408 231 96 restare
1607 1408 210 96 deinceps

415 1490 250 75 uidetur,
603 1490 125 75 ut
665 1490 125 75 de
728 1490 229 75 ordinis
895 1490 188 75 sacro
1020 1490 250 75 dicatur.
1207 1490 125 75 In
1270 1490 146 75 quo
1353 1490 208 75 quidem
1499 1490 208 75 fateri
1624 1490 188 75 cogimur

408 1552 277 73 opificem,
621 1552 107 73 &
664 1552 299 73 effectorem
898 1552 192 73 mundi
1026 1552 192 73 deum,
1154 1552 192 73 opera
1282 1552 128 73 ad
1346 1552 149 73 sui
1431 1552 299 73 simulacrum
1644 1552 171 73 aedere

395 1619 255 90 uoluisse
586 1619 128 90 ut
650 1619 383 90 absoluerentur.
969 1619 277 90 Quamobrem
1182 1619 128 90 ne
1246 1619 255 90 eiusmodi
1437 1619 213 90 decori
1586 1619 234 90 species
1735 1619 85 90 se

134 1697 180 68 natui
254 1697 240 68 deesset,
434 1697 140 68 eam
514 1697 140 68 est
594 1697 120 68 in
654 1697 240 68 ordines,
834 1697 220 68 tanquam
994 1697 120 68 in
1054 1697 260 68 membrorum
1254 1697 220 68 quaedam
1414 1697 200 68 genera
1554 1697 260 68 partitus,
1734 1697 80 68 ut

144 1752 190 72 essent
277 1752 133 72 qui
353 1752 171 72 stata
468 1752 171 72 sacra
582 1752 229 72 obirent,
753 1752 171 72 eaque
868 1752 152 72 more
963 1752 210 72 rituque
1115 1752 229 72 caeteris
1287 1752 286 72 praeberent.
1515 1752 114 72 Ex
1572 1752 133 72 quo
1630 1752 171 72 praecla

147 1806 115 85 re
204 1806 134 85 dux
281 1806 307 85 sententiarum
531 1806 154 85 ait,
627 1806 211 85 ordinis
780 1806 211 85 sacrum,
934 1806 192 85 signum
1068 1806 211 85 quoddam
1222 1806 154 85 esse
1318 1806 230 85 senatus,
1491 1806 134 85 quo
1568 1806 230 85 spiritus
1721 1806 77 85 in

137 1866 216 95 perium
289 1866 259 95 initiato
483 1866 303 95 tribuatur.
721 1866 173 95 Quam
829 1866 216 95 quidem
981 1866 346 95 definitionem
1262 1866 195 95 diuus
1391 1866 216 95 Thomas
1543 1866 216 95 maxime
1672 1866 130 95 pro-

144 1930 157 90 bat,
243 1930 256 90 affirmans
440 1930 236 90 mirifice
617 1930 197 90 ordini
755 1930 315 90 consentaneam
1011 1930 217 90 uideri,
1168 1930 236 90 quatenus
1345 1930 236 90 scilicet
1522 1930 217 90 senatus
1660 1930 138 90 sacus

151 2005 244 80 dicatur.
334 2005 142 80 Sed
415 2005 122 80 in
476 2005 183 80 eadem
598 2005 203 80 curuli
740 2005 183 80 sella
862 2005 264 80 consessor
1065 2005 224 80 Scotus,
1228 2005 183 80 negat
1350 2005 244 80 eiusmodi
1533 2005 203 80 sacrum
1655 2005 142 80 spiri

137 2064 158 80 tus
228 2064 271 80 imperium
431 2064 135 80 ad
498 2064 203 80 actum
634 2064 271 80 quempiam
837 2064 135 80 in
905 2064 226 80 senatu
1062 2064 293 80 nancisci.
1288 2064 158 80 cum
1378 2064 158 80 quo
1469 2064 135 80 ab
1514 2064 293 80 Aquinatibus

137 2140 198 69 summa
269 2140 330 69 contentione
533 2140 286 69 pugnatur,
753 2140 132 69 in
819 2140 154 69 qua
907 2140 220 69 quidem
1060 2140 132 69 re
1126 2140 264 69 utrumuis
1324 2140 242 69 concedi
1500 2140 220 69 potest
1654 2140 154 69 Sed
1720 2140 88 69 na

135 2199 135 73 tam
212 2199 328 73 controuersiam
482 2199 155 73 est,
579 2199 174 73 utrum
695 2199 116 73 in
753 2199 116 73 eo
811 2199 135 73 qui
888 2199 116 73 in
946 2199 212 73 ordines
1100 2199 270 73 cooptetur,
1313 2199 174 73 uitae
1429 2199 135 73 sit
1506 2199 270 73 flagitanda
1699 2199 116 73 pro-

146 2254 201 74 bitas,
287 2254 121 74 in
347 2254 161 74 quam
447 2254 161 74 sane
548 2254 301 74 quaestionem
789 2254 181 74 multi
909 2254 141 74 cum
990 2254 321 74 arcessuntur,
1251 2254 301 74 negligenter
1492 2254 121 74 ut
1552 2254 161 74 sunt
1632 2254 181 74 amicti-

133 2318 228 90 prodeunt
304 2318 95 90 .
342 2318 190 90 ltaque
475 2318 228 90 quempiam
646 2318 114 90 ob
703 2318 228 90 sacrorum
874 2318 285 90 partitionem
1102 2318 228 90 initiari
1273 2318 209 90 dicunt.
1425 2318 133 90 sed
1501 2318 133 90 cum
1577 2318 171 90 sacra
1672 2318 133 90 affii

144 2382 153 76 ment
240 2382 172 76 aeque
355 2382 192 76 probos
489 2382 115 76 ac
546 2382 230 76 improbos
719 2382 268 76 dispertiri
930 2382 192 76 posse,
1064 2382 192 76 facile
1198 2382 268 76 intellectu
1409 2382 172 76 esse,
1524 2382 172 76 uitae
1639 2382 134 76 non
1696 2382 115 76 esse

147 2449 301 95 postulandam
388 2449 301 95 probitatem.
628 2449 200 95 Quibus
768 2449 281 95 responderi
989 2449 200 95 debet,
1129 2449 120 95 in
1189 2449 261 95 quocumque
1390 2449 241 95 sacrorum
1570 2449 221 95 ordine,
1711 2449 100 95 dum

146 2514 163 83 quis
248 2514 245 83 caeteris
431 2514 143 83 dux
513 2514 347 83 constituitur,
799 2514 143 83 eum
880 2514 122 83 in
941 2514 265 83 quocunque
1146 2514 204 83 genere
1288 2514 286 83 impudenter
1513 2514 306 83 delinquere,
1737 2514 82 83 si

150 2583 161 75 modo
251 2583 141 75 cum
331 2583 262 75 capitalis
533 2583 262 75 facinoris
735 2583 202 75 morsum
876 2583 282 75 initietur,
1098 2583 121 75 ob
1158 2583 202 75 eamque
1300 2583 202 75 causam
1441 2583 121 75 in
1501 2583 222 75 ordinum
1643 2583 161 75 genere

140 2642 195 67 edicti
277 2642 137 67 non
355 2642 176 67 sacri
472 2642 312 67 necessitate,
726 2642 176 67 uitae
843 2642 312 67 integritatem
1096 2642 273 67 flagitari.
1311 2642 137 67 Cui
1389 2642 195 67 quidem
1525 2642 273 67 sententiae
1720 2642 98 67 ita

135 2698 163 78 funt
236 2698 244 78 nonnulli
420 2698 244 78 assensi,
603 2698 122 78 ut
664 2698 265 78 initiatum
868 2698 183 78 tamen
990 2698 265 78 censeant,
1193 2698 183 78 legis
1315 2698 428 78 commentariorumque
1661 2698 143 78 sacro

138 2766 157 83 rum
227 2766 225 83 gnarum
385 2766 180 83 esse
497 2766 270 83 oportere
700 2766 270 83 siquidem
902 2766 157 83 eum
992 2766 202 83 legis
1127 2766 247 83 peritum
1307 2766 180 83 esse
1420 2766 225 83 debere
1555 2766 247 83 opinantur

137 2835 160 70 cuius
244 2835 107 70 ex
297 2835 142 70 ore,
386 2835 124 70 ius
457 2835 178 70 fasque
581 2835 266 70 religiomnis
794 2835 231 70 hauritur.
972 2835 160 70 Atque
1079 2835 124 70 cum
1150 2835 124 70 lex
1221 2835 142 70 diuo
1310 2835 213 70 Matthaeo
1469 2835 213 70 auctore,
1629 2835 107 70 ex
1665 2835 142 70 flami-

155 2895 134 66 nis
231 2895 134 66 ore
308 2895 249 66 haurienda
500 2895 153 66 sit,
596 2895 115 66 in
653 2895 211 66 promptu
806 2895 172 66 esse,
921 2895 230 66 flaminem
1094 2895 172 66 fegis
1209 2895 192 66 debere
1343 2895 211 66 nauiter
1496 2895 134 66 eem
1573 2895 230 66 peritum.
1726 2895 96 66 Nos

149 2954 131 87 veo
224 2954 112 87 in
280 2954 243 87 quocumque
467 2954 205 87 hominum
616 2954 168 87 actu,
728 2954 112 87 si
784 2954 112 87 ad
840 2954 168 87 ratam
952 2954 168 87 ordis
1064 2954 243 87 mensionem
1250 2954 261 87 referamur,
1456 2954 168 87 ronis
1568 2954 205 87 amussim
1698 2954 131 87 iesse
