2453 3824
588 331 167 144 item
693 331 125 144 de
755 331 230 144 senatus
922 331 271 144 sententia
1131 331 313 144 affirmandum
1381 331 167 144 esse
1486 331 334 144 absolutionem
1757 331 209 144 mundi,
1903 331 292 144 partiumque
2112 331 209 144 integri-

598 412 202 119 tatem
732 412 292 119 incolumem
957 412 270 119 futuram.
1160 412 270 119 Quocirca
1362 412 202 119 multo
1497 412 225 119 tutius
1654 412 247 119 dicemus
1834 412 135 119 in
1901 412 225 119 natura
2059 412 180 119 esse
2149 412 157 119 rerum

590 493 293 98 primordia
816 493 248 98 mansura
997 493 180 98 quae
1109 493 180 98 tabe
1222 493 248 98 scelere
1403 493 248 98 hominum
1583 493 271 98 inuecta,
1786 493 271 98 expiatum
1989 493 158 98 iri
2057 493 248 98 cogantur.

594 551 148 110 Quo
678 551 211 110 quidem
826 551 296 110 constituto
1059 551 296 110 quaeritur,
1291 551 127 110 an
1354 551 254 110 quempiam
1545 551 190 110 eorum
1671 551 148 110 qui
1756 551 127 110 in
1819 551 296 110 selectorum
2030 551 275 110 patriciatum

590 615 355 111 coscribuntur,
882 615 146 111 sit
966 615 292 111 expiaturus
1196 615 209 111 ignis.
1342 615 230 111 Auctore
1509 615 125 111 ad
1571 615 167 111 hanc
1676 615 146 111 rem
1759 615 146 111 uti
1843 615 209 111 possum
1989 615 271 111 Riccardo,
2177 615 125 111 qui-

594 685 167 109 fore
699 685 188 109 negat
824 685 125 109 ut
886 685 188 109 ignis
1012 685 251 109 quempiam
1200 685 125 109 ex
1262 685 292 109 selectorum
1492 685 209 109 genere
1638 685 230 109 exurat,
1805 685 146 109 cui
1888 685 188 109 nihil
2014 685 146 109 sit
2076 685 230 109 expiabile

599 748 255 111 concretu
790 748 149 111 sed
875 748 149 111 eos
960 748 213 111 potius
1109 748 298 111 cessatione
1343 748 213 111 meatus
1492 748 319 111 interituros
1747 748 234 111 censet.
1917 748 149 111 Nam
2002 748 255 111 quanquam
2172 748 128 111 coe-

599 810 161 113 lum
691 810 161 113 cum
783 810 231 113 moueri
945 810 300 113 desierit,
1176 810 185 113 haud
1291 810 208 113 omnem
1429 810 161 113 uim
1522 810 185 113 suam
1637 810 300 113 amissurum
1868 810 277 113 opinetur
2075 810 161 113 eam
2145 810 161 113 tamen

594 887 148 113 uim
679 887 276 113 habiturum
891 887 212 113 negat,
1039 887 170 113 quae
1145 887 148 113 sit
1230 887 127 113 ad
1294 887 191 113 uitae
1421 887 255 113 perennem
1612 887 361 113 propagationem
1909 887 191 113 apta.
2036 887 127 113 In
2100 887 148 113 quo
2164 887 148 113 Rabbi

599 956 182 96 Moses
720 956 343 96 similitudinem
1003 956 242 96 inducit,
1184 956 141 96 qui
1265 956 182 96 aeque
1386 956 182 96 uelit
1507 956 182 96 coeli
1629 956 202 96 meatus
1770 956 303 96 conuersione
2012 956 263 96 extincta,
2194 956 101 96 la-

588 1020 280 103 befactari
804 1020 237 103 mundum,
976 1020 129 103 ac
1040 1020 237 103 hominem
1212 1020 194 103 corde
1341 1020 108 103 a
1384 1020 172 103 motu
1492 1020 258 103 deserto,
1685 1020 194 103 mori,
1814 1020 258 103 quanquam
2008 1020 129 103 ne
2072 1020 151 103 hoc
2137 1020 172 103 quidem

595 1079 181 112 satis
715 1079 100 112 a
756 1079 241 112 Riccardo
937 1079 301 112 conceditur,
1178 1079 141 112 qui
1258 1079 181 112 negat
1379 1079 201 112 meatus
1519 1079 281 112 cessatione
1740 1079 261 112 coelestia
1941 1079 241 112 corpora,
2122 1079 141 112 aut
2182 1079 121 112 pri-

603 1144 201 113 mordia
743 1144 181 113 rerum
864 1144 221 113 euerti.
1024 1144 261 113 Quibusdam
1225 1144 181 113 etiam
1346 1144 241 113 antequam
1526 1144 181 113 coeli
1647 1144 261 113 comuersio
1847 1144 241 113 desinat,
2028 1144 161 113 omne
2128 1144 181 113 genus
2229 1144 80 113 ho

596 1211 183 108 minum
718 1211 306 108 interiturum
963 1211 224 108 uidetur
1126 1211 183 108 idque
1248 1211 163 108 ante
1350 1211 204 108 meatus
1493 1211 285 108 uacationem
1717 1211 306 108 ignescentis
1961 1211 183 108 aeris
2063 1211 245 108 flagrantia

592 1276 299 104 euenturum,
827 1276 150 104 qua
912 1276 171 104 omne
1019 1276 150 104 sit
1105 1276 235 104 humanum
1276 1276 278 104 periturum
1490 1276 214 104 genus.
1640 1276 278 104 Nonnullis
1854 1276 214 104 quoque
2004 1276 235 104 placet,
2153 1276 150 104 quos-

591 1355 153 102 dam
678 1355 131 102 ex
744 1355 306 102 selectorum
984 1355 175 102 albo
1093 1355 262 102 futuros,
1290 1355 153 102 qui
1377 1355 218 102 nondum
1530 1355 196 102 uitae
1661 1355 262 102 uectigal
1857 1355 349 102 pependerint,
2119 1355 175 102 quorum

593 1414 185 109 alios
717 1414 144 109 qui
799 1414 287 109 expiatione
1024 1414 267 109 eguerint,
1230 1414 164 109 igne
1332 1414 246 109 expiatum
1517 1414 164 109 iri.
1620 1414 185 109 alios
1743 1414 123 109 ne
1804 1414 287 109 ustulandos
2030 1414 205 109 quidem
2153 1414 144 109 fore.

595 1476 153 108 Nos
683 1476 241 108 prorsus
858 1476 284 108 intelligi
1077 1476 241 108 uolumus
1252 1476 219 108 duplex
1405 1476 175 108 esse
1514 1476 197 108 ignis
1646 1476 219 108 futuri
1799 1476 219 108 genus,
1952 1476 175 108 unum
2061 1476 175 108 quod
2171 1476 131 108 ui
2214 1476 88 108 na

577 1544 186 104 turae
702 1544 228 104 nitatur
867 1544 228 104 alterum
1033 1544 166 104 quod
1136 1544 248 104 quatenus
1323 1544 186 104 iuris
1447 1544 228 104 dicundi
1613 1544 207 104 tempus
1758 1544 352 104 antecesserit,
2048 1544 145 104 dei
2110 1544 186 104 instru-

583 1617 197 98 mento
714 1617 153 98 sit
802 1617 131 98 in
867 1617 306 98 uindicando
1107 1617 240 98 usurum.
1282 1617 153 98 nam
1370 1617 131 98 id
1435 1617 262 98 quatenus
1632 1617 131 98 ui
1697 1617 153 98 sua
1785 1617 240 98 cietur,
1959 1617 240 98 perinde
2112 1617 175 98 probos

580 1688 124 94 ut
642 1688 248 94 improbos
829 1688 269 94 exusturum
1036 1688 248 94 dicimus,
1222 1688 124 94 at
1284 1688 124 94 id
1346 1688 248 94 quatenus
1532 1688 145 94 sit
1615 1688 331 94 instrumentum
1884 1688 228 94 futurum
2029 1688 269 94 dissimilli-

581 1736 124 113 mo
643 1736 165 113 iure
746 1736 206 113 usurum
891 1736 165 113 esse
994 1736 227 113 uolumus
1158 1736 247 113 siquidem
1344 1736 206 113 sontes
1488 1736 227 113 ultoris
1653 1736 185 113 ignis
1777 1736 206 113 natura
1921 1736 309 113 plectentur,
2148 1736 144 113 probi

575 1808 188 92 autem
700 1808 208 92 quibus
846 1808 188 92 nihil
971 1808 146 92 sit
1054 1808 271 92 expiabile
1263 1808 292 92 concretum,
1492 1808 167 92 sine
1596 1808 208 92 dolore
1742 1808 125 92 ad
1805 1808 208 92 bustum
1930 1808 208 92 agentur.

839 1869 292 82 DE
985 1869 438 82 EADEM
1229 1869 779 82 RESVRRECTIONE.

940 1943 698 72 DISTINCTIO
1439 1943 449 72 OCTAVA.

841 2003 128 112 Ed
905 2003 128 112 ne
969 2003 171 112 quod
1075 2003 235 112 huiusce
1246 2003 320 112 quaestionis
1502 2003 405 112 praetermittatur
1843 2003 213 112 genus,
1971 2003 320 112 intelligendum

844 2077 152 105 est
931 2077 240 105 maxime,
1106 2077 131 105 an
1171 2077 305 105 necessario
1411 2077 152 105 sit
1498 2077 283 105 humanorum
1716 2077 261 105 corporum
1912 2077 327 105 resurrectio
2151 2077 131 105 futu

839 2148 141 99 ra.
920 2148 222 99 Inuenti
1081 2148 161 99 enim
1182 2148 182 99 multi
1303 2148 182 99 sunt,
1424 2148 141 99 qui
1505 2148 182 99 quasi
1626 2148 262 99 Platonici
1828 2148 242 99 itineris
2009 2148 222 99 orbitam
2151 2148 141 99 seque

822 2212 235 105 rentur,
992 2212 192 105 omnem
1120 2212 235 105 hominis
1291 2212 235 105 naturam
1461 2212 192 105 anima
1589 2212 256 105 constare
1781 2212 299 105 uoluerunt,
2016 2212 171 105 quae
2101 2212 192 105 corpore

572 2270 241 101 tanquam
748 2270 329 101 instrumento
1011 2270 219 101 quodam
1165 2270 285 101 uteretur.
1384 2270 154 101 Quo
1472 2270 307 101 constituto
1713 2270 351 101 consentaneum
1999 2270 219 101 uideri
2130 2270 154 101 dice-

572 2344 187 90 bant,
697 2344 187 90 anima
822 2344 166 90 sola
926 2344 333 90 foelicitatis
1196 2344 249 90 complexu
1383 2344 270 90 cumulata,
1591 2344 166 90 haud
1695 2344 229 90 hominem
1861 2344 249 90 naturali
2028 2344 249 90 foelicita-

565 2406 143 96 tis
646 2406 307 96 appetitione
892 2406 266 96 fraudatum
1096 2406 143 96 iri
1178 2406 123 96 ex
1239 2406 143 96 quo
1321 2406 184 96 satis
1444 2406 164 96 esse
1546 2406 286 96 argumenti,
1771 2406 266 96 humanorum
1975 2406 245 96 corporum
2139 2406 143 96 resun

569 2472 282 111 rectionem
786 2472 195 111 nullo
917 2472 174 111 modo
1025 2472 261 111 futuram.
1221 2472 217 111 Quibus
1373 2472 217 111 quidem
1525 2472 152 111 ita
1612 2472 130 111 ab
1677 2472 304 111 Aristotele
1916 2472 217 111 obuiam
2068 2472 152 111 est
2133 2472 152 111 itum-

569 2538 125 103 ut
632 2538 292 103 ostenderet
861 2538 209 103 animam
1007 2538 250 103 corpori,
1195 2538 125 103 ut
1258 2538 250 103 materiae
1445 2538 209 103 formam
1591 2538 250 103 annecti,
1779 2538 167 103 quod
1884 2538 146 103 cum
1967 2538 146 103 ita
2050 2538 167 103 sit,
2134 2538 146 103 prae-

560 2613 165 103 dare
663 2613 185 103 sciri
787 2613 206 103 potest
931 2613 165 103 sine
1033 2613 144 103 hac
1116 2613 165 103 uita
1219 2613 226 103 hominem
1383 2613 185 103 nullo
1506 2613 165 103 modo
1609 2613 206 103 beatum
1753 2613 185 103 fore.
1877 2613 123 103 ex
1938 2613 144 103 quo
2021 2613 267 103 efficitur
2206 2613 82 103 ut

562 2676 205 99 abesse
705 2676 143 99 non
787 2676 225 99 possit,
950 2676 164 99 quin
1053 2676 266 99 humanorum
1258 2676 246 99 corporum
1442 2676 143 99 sit
1524 2676 205 99 futura
1667 2676 328 99 resurrectio.
1933 2676 184 99 Atque
2056 2676 184 99 etiam
2158 2676 123 99 cum-

570 2749 200 98 anima
703 2749 245 98 corpori
881 2749 222 98 natura
1037 2749 356 98 annenctatur,
1326 2749 222 98 quando
1481 2749 222 98 quidem
1637 2749 222 98 suapte
1793 2749 222 98 natura
1948 2749 267 98 corporis
2126 2749 156 98 forma

572 2802 239 97 dicatur,
751 2802 199 97 fateri
891 2802 219 97 necesse
1050 2802 159 97 est,
1149 2802 139 97 eam
1229 2802 199 97 contra
1368 2802 219 97 naturam
1528 2802 219 97 corpore
1687 2802 219 97 uacare,
1846 2802 159 97 quod
1946 2802 179 97 autem
2065 2802 199 97 contra
2184 2802 100 97 na-

565 2881 182 89 turam
686 2881 161 89 est,
787 2881 121 89 id
847 2881 182 89 etiam
968 2881 141 89 nec
1049 2881 242 89 aeternum
1231 2881 161 89 esse
1332 2881 222 89 potest.
1493 2881 161 89 ergo
1594 2881 141 89 nec
1675 2881 182 89 anima
1796 2881 242 89 aeternum
1977 2881 222 89 corpore
2119 2881 161 89 uacat,

560 2942 121 90 At
620 2942 141 90 cum
701 2942 222 90 aeterna
862 2942 242 90 dicatur,
1043 2942 181 90 fieri
1164 2942 181 90 nullo
1285 2942 161 90 modo
1386 2942 222 90 potest,
1547 2942 161 90 quin
1648 2942 121 90 in
1708 2942 201 90 corpus
1849 2942 222 90 tanquam
2010 2942 121 90 in
2071 2942 222 90 thecam,
2212 2942 60 90 &

562 3011 196 87 domum
693 3011 261 87 remigret
888 3011 130 87 ex
953 3011 152 87 quo
1040 3011 283 87 efficitur
1258 3011 130 87 ut
1323 3011 261 87 animarum
1518 3011 304 87 aeternitas
1757 3011 261 87 corporum
1931 3011 348 87 resurrectionem

562 3070 226 97 futuram
727 3070 267 97 reposcat.
932 3070 185 97 Quare
1055 3070 123 97 hi
1117 3070 123 97 si
1179 3070 123 97 in
1240 3070 205 97 istius
1384 3070 164 97 modi
1487 3070 349 97 quaestionibus
1774 3070 267 97 tacerent,
1980 3070 226 97 dimidio
2124 3070 164 97 minus.
