2453 3683
208 348 255 100 diuturnum
405 348 138 100 non
483 348 157 100 sit,
582 348 118 100 id
641 348 138 100 nec
719 348 197 100 beatum
857 348 197 100 quidem
994 348 157 100 esse
1093 348 197 100 posse.
1230 348 118 100 Ab
1289 348 138 100 his
1368 348 138 100 non
1446 348 177 100 longo
1564 348 275 100 interuallo
1761 348 98 100 ab-

202 426 167 76 sunt
307 426 272 76 Epicurus,
516 426 105 76 &
558 426 293 76 Aristippus
788 426 293 76 Socraticae
1019 426 314 76 disciplinae
1270 426 209 76 lotura
1416 426 272 76 aspersus,
1626 426 147 76 qui
1689 426 167 76 summum

198 491 189 77 bonum
324 491 126 77 in
387 491 294 77 uoluptatum
618 491 294 77 affluentia
849 491 336 77 constituunt,
1123 491 147 77 dum
1207 491 147 77 non
1291 491 273 77 agnoscunt
1501 491 210 77 corpus
1648 491 231 77 lagenam
1795 491 63 77 S

207 556 278 75 quadrantal
426 556 159 75 esse
525 556 219 75 animae,
684 556 139 75 cui
763 556 219 75 tanquam
922 556 219 75 materia
1081 556 219 75 formae,
1240 556 99 75 &
1280 556 298 75 imperfectum
1518 556 238 75 absoluto
1677 556 199 75 subijci-

203 628 141 79 tur
284 628 141 79 nec
364 628 303 79 intelligunt
607 628 283 79 uoluptatem
829 628 263 79 sensibus,
1031 628 141 79 non
1112 628 222 79 ratione
1273 628 283 79 contineri,
1495 628 202 79 quando
1637 628 101 79 a
1657 628 222 79 uoluptate

205 684 281 71 impediatur
426 684 201 71 ratio,
566 684 120 71 ut
626 684 241 71 praedare
807 684 120 71 in
867 684 341 71 libidinosorum
1148 684 301 71 lurconumque
1389 684 201 71 natura
1529 684 181 71 patet
1649 684 100 71 &
1689 684 160 71 quod
1770 684 100 71 ra-

207 744 162 79 tioni
315 744 216 79 officit,
477 744 108 79 id
530 744 126 79 nec
602 744 234 79 absolutum
782 744 144 79 esse
872 744 180 79 posse.
998 744 180 79 ltaque
1123 744 108 79 hi
1177 744 198 79 artubus
1321 744 287 79 foelicitatis
1555 744 198 79 elisis,
1698 744 108 79 in
1734 744 126 79 tanto

193 810 197 66 robore
331 810 276 66 doctrinae,
548 810 217 66 culicis
705 810 197 66 morsum
843 810 177 66 ferre
961 810 138 66 non
1040 810 217 66 possunt
1198 810 98 66 &
1237 810 217 66 tanquam
1394 810 256 66 absynthij
1591 810 217 66 laticem
1729 810 138 66 pota-

203 872 169 79 rint,
316 872 169 79 nihil
429 872 150 79 nisi
523 872 169 79 suaue
635 872 113 79 in
692 872 150 79 uita
786 872 282 79 perquirunt.
1011 872 132 79 Nec
1086 872 150 79 vero
1180 872 301 79 sapientiores
1425 872 226 79 fuerunt,
1594 872 188 79 quibus
1707 872 150 79 summum

191 936 179 81 bonum
310 936 258 81 uidebatur
509 936 198 81 honos,
648 936 179 81 quasi
767 936 218 81 parenti
925 936 139 81 deo
1005 936 179 81 nihil
1124 936 258 81 tribuatur
1322 936 198 81 maius,
1461 936 139 81 nec
1541 936 159 81 alia
1640 936 198 81 merces
1759 936 99 81 ma-

197 1004 142 72 gis
278 1004 122 72 ab
339 1004 263 72 hominibus
541 1004 304 72 flagitetur.
784 1004 122 72 In
845 1004 142 72 quo
926 1004 182 72 nullo
1048 1004 162 72 modo
1149 1004 223 72 superba
1311 1004 284 72 stoliditas
1534 1004 304 72 intelligere
1757 1004 101 72 po-

186 1076 186 69 tuit,
310 1076 227 69 honorem
475 1076 248 69 mercedem
661 1076 145 69 non
744 1076 165 69 esse
847 1076 268 69 uirtutis,
1054 1076 145 69 sed
1136 1076 248 69 mercedis
1322 1076 165 69 loco
1425 1076 227 69 suscipi
1591 1076 124 69 ab
1632 1076 227 69 hominibus

195 1133 137 79 cum
274 1133 156 79 uera
371 1133 234 79 uirtutis
547 1133 195 79 merces
684 1133 137 79 sit
762 1133 215 79 solida,
918 1133 137 79 non
997 1133 234 79 lubrica,
1173 1133 98 79 &
1212 1133 176 79 quasi
1329 1133 234 79 precaria
1505 1133 293 79 foelicitas.
1739 1133 137 79 Nam
1798 1133 78 79 si

200 1188 220 73 homines
360 1188 220 73 honoris
520 1188 300 73 cupiditate,
760 1188 220 73 labores
920 1188 100 73 &
960 1188 240 73 pericula
1141 1188 240 73 adirent,
1321 1188 200 73 fateri
1461 1188 300 73 cogerentur,
1681 1188 180 73 ambitio

198 1244 130 84 nis
273 1244 130 84 non
347 1244 222 84 uirtutis
513 1244 167 84 causa
625 1244 111 84 ad
680 1244 111 84 id
736 1244 185 84 fuisse
865 1244 259 84 compulsos,
1069 1244 259 84 foelicitas
1273 1244 148 84 enim
1366 1244 130 84 non
1440 1244 130 84 est
1514 1244 167 84 bonum
1625 1244 185 84 alteri
1736 1244 130 84 subie

195 1312 190 72 ctum,
321 1312 147 72 sed
406 1312 126 72 id
469 1312 147 72 cui
553 1312 253 72 subiecta
743 1312 169 72 sunt
848 1312 211 72 omnia.
995 1312 147 72 Cum
1080 1312 190 72 autem
1206 1312 190 72 honos
1332 1312 147 72 sit
1417 1312 316 72 testimonium
1648 1312 211 72 uirtutis

191 1380 255 72 perfacile
388 1380 255 72 intelligi
584 1380 216 72 potest,
741 1380 138 72 eum
820 1380 118 72 in
879 1380 157 72 actu
977 1380 255 72 uirtutum,
1174 1380 138 72 non
1252 1380 118 72 in
1311 1380 216 72 extremo
1468 1380 216 72 bonorum
1625 1380 157 72 esse
1704 1380 157 72 ponen-

198 1448 161 81 dum.
299 1448 141 81 Nec
379 1448 181 81 multo
500 1448 201 81 quoque
641 1448 181 81 secus
762 1448 141 81 qui
842 1448 221 81 gloriam
1003 1448 322 81 appetendorum
1265 1448 181 81 finem
1386 1448 161 81 esse
1487 1448 262 81 dixerunt,
1668 1448 181 81 tanquam

193 1497 316 88 foelicitatem
450 1497 118 88 ut
509 1497 257 88 chlamydem
707 1497 118 88 ad
766 1497 237 88 poplites
944 1497 197 88 fusam,
1082 1497 138 88 non
1161 1497 217 88 talarem
1319 1497 276 88 adamarent,
1536 1497 276 88 confirmare
1734 1497 118 88 cona

195 1561 208 89 bantur
341 1561 291 89 optabilius
569 1561 166 89 esse
673 1561 249 89 bonorum,
860 1561 187 89 quasi
985 1561 208 89 gloria
1131 1561 270 89 splendida
1338 1561 145 89 sit
1422 1561 333 89 commemoratio
1671 1561 187 89 nominis

191 1627 241 89 hominum,
372 1627 161 89 quae
472 1627 221 89 propter
633 1627 221 89 laborum
794 1627 362 89 periculorumque
1095 1627 322 89 perpessionem
1357 1627 342 89 praestantibus
1618 1627 241 89 tribuatur.

196 1689 142 92 sed
277 1689 142 92 cum
358 1689 284 92 foelicitas
581 1689 142 92 sit
663 1689 183 92 uerum
784 1689 183 92 bonum
906 1689 223 92 generis
1068 1689 223 92 humani,
1231 1689 142 92 non
1312 1689 304 92 cognouerunt
1556 1689 223 92 gloriam
1698 1689 162 92 falsam

192 1758 149 80 esse
286 1758 186 80 posse,
416 1758 130 80 cum
491 1758 186 80 quiuis
621 1758 168 80 falso
733 1758 149 80 esse
826 1758 186 80 possit
956 1758 112 80 in
1012 1758 186 80 gloria
1143 1758 168 80 uulgi
1255 1758 242 80 consensum
1441 1758 261 80 excitatus.
1646 1758 168 80 Eorum
1739 1758 112 80 aute

193 1816 209 84 opinio
339 1816 167 84 quae
444 1816 334 84 magnitudinis
715 1816 209 84 falsae
861 1816 188 84 typum
986 1816 167 84 sibi
1091 1816 313 84 conficiens,
1341 1816 125 84 in
1404 1816 250 84 potentia
1592 1816 188 84 uitam
1696 1816 167 84 beatam

194 1886 172 85 sitam
308 1886 152 85 esse
404 1886 210 85 censet,
556 1886 191 85 facile
689 1886 286 85 exploditur,
918 1886 133 85 cum
994 1886 229 85 praedare
1166 1886 172 85 notum
1280 1886 152 85 sit,
1376 1886 305 85 foelicitatem
1623 1886 172 85 nihil
1719 1886 133 85 prau-

197 1943 240 86 admixtum
377 1943 160 86 pati
477 1943 100 86 &
517 1943 260 86 potentiam
717 1943 180 86 aeque
837 1943 120 86 in
897 1943 180 86 malis
1017 1943 120 86 ac
1078 1943 120 86 in
1138 1943 180 86 bonis
1258 1943 160 86 esse
1358 1943 200 86 posse.
1498 1943 140 86 Sed
1578 1943 220 86 praeter
1718 1943 140 86 caete

188 2019 149 75 ros
273 2019 276 75 praestans
485 2019 234 75 quoddam
655 2019 361 75 philolophorum
952 2019 212 75 genus,
1101 2019 340 75 foelicitatem
1377 2019 127 75 ut
1440 2019 276 75 thesaurum
1653 2019 191 75 Draco
1759 2019 106 75 com

188 2081 285 76 plectitur,
412 2081 285 76 existimans
636 2081 224 76 ultimum
799 2081 224 76 bonorum
962 2081 122 76 ab
1023 2081 143 76 his
1104 2081 285 76 perfectum,
1328 2081 143 76 qui
1410 2081 204 76 essent
1552 2081 122 76 in
1593 2081 265 76 scientiarum

187 2144 307 69 inspectione
432 2144 246 69 uersati,
617 2144 143 69 que
699 2144 184 69 esset
822 2144 266 69 inspectio
1027 2144 205 69 quidam
1170 2144 307 69 cottidianus
1416 2144 205 69 cibus,
1560 2144 143 69 quo
1621 2144 246 69 beatissime

187 2202 292 74 expleretur
416 2202 188 74 anima
542 2202 229 74 humana.
708 2202 146 74 Nam
792 2202 146 74 cum
875 2202 292 74 foelicitas
1104 2202 146 74 sit
1188 2202 167 74 opus
1292 2202 250 74 uirtutum
1480 2202 334 74 perfectarum,
1730 2202 125 74 quae

188 2267 199 68 maxime
327 2267 119 68 ad
387 2267 298 68 scientiarum
626 2267 318 68 inspectionem
884 2267 278 68 pertinent,
1103 2267 278 68 concludere
1322 2267 298 68 nitebantur,
1561 2267 199 68 summum
1680 2267 179 68 bonorum

189 2333 116 70 in
247 2333 290 70 scientiarum
479 2333 290 70 inspectione
711 2333 290 70 consistere.
943 2333 155 70 Quae
1040 2333 252 70 argumenti
1234 2333 232 70 angustia
1408 2333 252 70 celeriter
1582 2333 271 70 perrumpitur.

198 2393 134 65 cum
275 2393 192 65 fateri
409 2393 211 65 necesse
563 2393 154 65 sit,
659 2393 307 65 inspectionem
909 2393 307 65 principiorum
1158 2393 231 65 ueritate
1331 2393 231 65 transire
1504 2393 134 65 non
1581 2393 192 65 posse,
1696 2393 154 65 quibus

197 2458 170 82 omnis
311 2458 227 82 scientia
481 2458 284 82 continetur,
708 2458 133 82 cum
784 2458 170 82 autem
898 2458 303 82 inspectionis
1144 2458 246 82 principia
1334 2458 133 82 (ut
1409 2458 133 82 ait
1485 2458 303 82 Aristoteles)
1712 2458 133 82 sensi

193 2507 137 83 bus
272 2507 332 83 percipiantur,
545 2507 234 83 sequitur
720 2507 312 83 inspectionem
974 2507 215 83 sensuum
1130 2507 273 83 cognitione
1345 2507 137 83 non
1423 2507 215 83 egredi,
1579 2507 156 83 quod
1676 2507 156 83 vero
1754 2507 98 83 sen

196 2581 164 81 suum
299 2581 288 81 cognitione
525 2581 144 81 non
607 2581 185 81 exit,
730 2581 144 81 nec
813 2581 329 81 foelicitatem
1080 2581 205 81 quidem
1223 2581 226 81 hominis
1388 2581 267 81 absoluere
1593 2581 226 81 potest.
1737 2581 123 81 Quam

189 2646 118 74 ob
248 2646 137 74 rem
327 2646 216 74 necesse
484 2646 157 74 est,
582 2646 118 74 ut
641 2646 157 74 illi
739 2646 157 74 ipsi
837 2646 294 74 philosophi,
1073 2646 196 74 summum
1210 2646 177 74 bonum
1328 2646 118 74 in
1387 2646 177 74 nullo
1505 2646 177 74 horum
1622 2646 216 74 generum
1760 2646 98 74 po-

186 2701 117 88 ni
244 2701 175 88 posse
361 2701 253 88 fateantur
556 2701 195 88 inuiti
692 2701 136 88 cum
770 2701 273 88 perspicuum
984 2701 156 88 sit,
1082 2701 273 88 quodcunque
1296 2701 234 88 commenti
1471 2701 175 88 sunt,
1588 2701 234 88 mortalis
1744 2701 117 88 con-

193 2772 245 73 ditionis
376 2772 224 73 finibus
539 2772 326 73 circumscribi
804 2772 102 73 &
845 2772 204 73 deleto
988 2772 245 73 corpore,
1171 2772 204 73 deleri
1314 2772 183 73 etiam
1436 2772 183 73 uitae
1558 2772 204 73 beatae
1681 2772 183 73 sensum.

182 2829 145 78 Nos
265 2829 186 78 autem
389 2829 207 78 amissa
534 2829 124 78 ui
596 2829 269 78 ponderis,
802 2829 331 78 ueritatisque
1071 2829 227 78 depulsa
1236 2829 186 78 fame,
1360 2829 186 78 summi
1484 2829 165 78 boni
1567 2829 289 78 integritatem

185 2895 350 85 persequimur.
469 2895 219 85 Itaque
622 2895 372 85 intelligendum
928 2895 153 85 est
1016 2895 219 85 primum
1169 2895 350 85 foelicitatem
1453 2895 262 85 hominum,
1649 2895 197 85 nullo
1759 2895 87 85 mo

189 2960 119 99 do
249 2960 119 99 in
308 2960 198 99 aliquo
446 2960 257 99 genitorum
644 2960 198 99 genere
782 2960 277 99 consistere
999 2960 316 99 proptereaque
1256 2960 277 99 foelicitas
1474 2960 257 99 expletum,
1671 2960 99 99 &
1691 2960 158 99 summum
