2453 3683
197 356 199 102 nexum
330 356 288 102 continere
551 356 133 102 ob
618 356 221 102 eamque
773 356 221 102 causam
928 356 199 102 ignem
1061 356 155 102 qui
1149 356 155 102 sit
1238 356 377 102 nequissimorum
1548 356 244 102 hominum
1703 356 155 102 corpo

189 444 125 69 ra
252 444 291 69 exusturus,
480 444 270 69 corporeum
688 444 166 69 esse
792 444 208 69 debere
938 444 250 69 censemus
1125 444 208 69 quando
1271 444 208 69 quidem
1416 444 250 69 corpori,
1603 444 187 69 nulla
1707 444 146 69 poena

199 497 186 87 magis
323 497 165 87 quam
427 497 248 87 corporea
613 497 269 87 congruat.
819 497 186 87 Quare
943 497 165 87 iure
1047 497 186 87 eorum
1171 497 351 87 philolophorum
1460 497 269 87 sententia
1667 497 124 87 ut
1708 497 145 87 uetus

198 561 230 100 pictura
365 561 251 100 euanuit,
553 561 146 100 qui
637 561 230 100 excessu
804 561 188 100 uitae
929 561 230 100 mulctam
1096 561 209 100 tantum
1242 561 251 100 irrogari
1430 561 334 100 opinabantur,
1702 561 125 100 in
1744 561 104 100 quo

197 639 181 86 sane
310 639 226 86 multum
468 639 271 86 Auicenna
671 639 271 86 emacuit,
875 639 158 86 qui
965 639 181 86 erat
1078 639 135 86 in
1145 639 226 86 numero
1303 639 361 86 excellentium
1574 639 271 86 philolopho

179 698 152 74 rum
266 698 325 74 reponendus,
526 698 130 74 si
591 698 282 74 potuisset
807 698 173 74 sine
916 698 152 74 hac
1002 698 303 74 exceptione
1241 698 260 74 laudari.
1436 698 152 74 Nam
1522 698 152 74 cum
1609 698 217 74 animas
1739 698 108 74 ex-

187 752 186 86 cessu
311 752 186 86 uitae
435 752 248 86 corporum
620 752 330 86 similitudine
889 752 227 86 perinde
1054 752 206 86 plecti
1198 752 227 86 uellet,
1363 752 124 86 ut
1425 752 309 86 somniantium
1652 752 206 86 imagina-

187 828 200 79 tioni
320 828 311 79 similitudo
564 828 333 79 imprimitur,
830 828 155 79 non
919 828 200 79 uidit
1052 828 377 79 imaginationem
1363 828 155 79 uim
1452 828 178 79 esse
1563 828 244 79 quandam
1718 828 133 79 cor-

185 879 189 96 poreo
311 879 315 96 instrumento
563 879 273 96 nitentem,
773 879 126 96 ex
836 879 189 96 eoque
962 879 189 96 fieri
1088 879 147 96 non
1172 879 210 96 posse,
1319 879 126 96 ut
1382 879 189 96 uisum
1508 879 336 96 imaginatione
1760 879 84 96 or

192 958 142 90 tum
273 958 182 90 aeque
394 958 122 90 in
455 958 182 90 anima
577 958 101 90 a
617 958 223 90 corpore
779 958 263 90 seiugata,
982 958 182 90 atque
1103 958 122 90 in
1164 958 284 90 somniantis
1387 958 182 90 anima
1509 958 263 90 nascatur.
1691 958 162 90 Itaque

182 1019 139 69 cum
262 1019 278 69 labyrinthi
480 1019 199 69 exitum
619 1019 159 69 sine
719 1019 159 69 lini
818 1019 219 69 glomere
977 1019 239 69 inuenire
1156 1019 278 69 conaretur,
1375 1019 278 69 inuolutius
1594 1019 119 69 in
1653 1019 159 69 alia
1733 1019 119 69 opi-

182 1075 220 90 nionis
336 1075 286 90 prauitate
556 1075 286 90 uersatur.
775 1075 264 90 Siquidem
973 1075 154 90 cum
1061 1075 220 90 animam
1215 1075 242 90 corpore
1391 1075 286 90 uacantem,
1610 1075 198 90 coeli
1720 1075 132 90 qua-

193 1132 146 93 dam
277 1132 208 93 parte,
422 1132 208 93 organi
568 1132 167 93 uice
672 1132 146 93 uti
756 1132 313 93 suspicetur,
1006 1132 188 93 cuius
1131 1132 125 93 ob
1193 1132 125 93 id
1256 1132 208 93 corpus
1402 1132 229 93 humanum
1568 1132 208 93 simile
1693 1132 167 93 uelit,

191 1212 126 80 ut
254 1212 189 80 anima
380 1212 252 80 rationis
569 1212 210 80 compos
716 1212 315 80 absoluitur,
968 1212 168 80 quae
1073 1212 147 80 sit
1157 1212 294 80 agitantium
1388 1212 252 80 coelitum
1556 1212 294 80 similitudine

184 1271 237 74 germana,
362 1271 138 74 non
441 1271 277 74 intelligit
659 1271 138 74 eam
738 1271 158 74 sibi
837 1271 297 74 accipiendam
1074 1271 158 74 esse
1173 1271 218 74 plagam,
1332 1271 119 74 ut
1391 1271 119 74 ei
1450 1271 218 74 necesse
1609 1271 138 74 sit
1688 1271 119 74 in
1727 1271 119 74 ieiu

184 1336 155 68 nam
272 1336 199 68 illam
405 1336 111 68 &
450 1336 266 68 insulsam
649 1336 377 68 philolophorum
959 1336 310 68 sententiam
1203 1336 310 68 incurrere,
1446 1336 155 68 qui
1535 1336 221 68 animas
1690 1336 133 68 ad
1734 1336 111 68 si-

175 1384 194 95 derum
305 1384 194 95 orbes
435 1384 238 95 regredi
607 1384 281 95 uoluerunt
823 1384 108 95 &
866 1384 130 95 ab
931 1384 302 95 Aristotele
1169 1384 302 95 hebetiorum
1406 1384 367 95 philosophorum
1687 1384 151 95 irri-

183 1443 162 97 sore
284 1443 304 97 desciscere,
528 1443 142 97 qui
609 1443 183 97 aeque
731 1443 203 97 animam
873 1443 284 97 praefinito
1096 1443 203 97 organo
1238 1443 264 97 corporeo,
1441 1443 122 97 ac
1502 1443 203 97 fabrum
1624 1443 223 97 ferrarium

174 1515 214 77 malleo
323 1515 150 77 uti
409 1515 214 77 censet
559 1515 128 77 ex
623 1515 150 77 quo
709 1515 300 77 perspicuum
945 1515 150 77 sit
1030 1515 171 77 haud
1137 1515 236 77 quaquam
1309 1515 214 77 animam
1459 1515 128 77 in
1523 1515 193 77 uaria
1630 1515 214 77 corporum

180 1579 210 93 genera
327 1579 210 93 meare,
475 1579 126 93 ut
538 1579 295 93 Pythagorae
769 1579 189 93 uisum
895 1579 210 93 fuisse
1043 1579 231 93 scimus.
1211 1579 147 93 Sed
1295 1579 210 93 potest
1442 1579 168 93 esse
1547 1579 295 93 contentio,
1758 1579 84 93 an

175 1648 175 71 ultor
291 1648 155 71 ille
388 1648 175 71 ignis
505 1648 136 71 sit
582 1648 214 71 futurus
738 1648 252 71 aeternus.
932 1648 272 71 Plaerisque
1145 1648 155 71 enim
1242 1648 175 71 multo
1359 1648 291 71 uendibilior
1592 1648 175 71 ratio
1689 1648 155 71 uideri

170 1704 203 91 solet,
312 1704 122 91 si
373 1704 183 91 ignem
494 1704 122 91 in
555 1704 203 91 aliena
697 1704 223 91 materia
860 1704 162 91 esse
961 1704 284 91 opinentur,
1185 1704 101 91 &
1225 1704 203 91 suapte
1367 1704 203 91 natura
1509 1704 203 91 effici
1631 1704 203 91 aeternum

186 1769 224 96 putent
342 1769 156 96 nam
432 1769 224 96 semper
588 1769 134 96 ab
655 1769 134 96 eo
722 1769 246 96 depasci
901 1769 268 96 materiam
1102 1769 179 96 suam
1214 1769 246 96 uolunt.
1393 1769 134 96 At
1460 1769 246 96 quoniam
1639 1769 179 96 apud
1728 1769 112 96 he-

180 1839 192 90 rebum
308 1839 192 90 coeli
436 1839 256 90 afflatum
627 1839 171 90 esse
734 1839 320 90 confirmant,
990 1839 149 90 quo
1075 1839 213 90 semper
1225 1839 128 90 in
1289 1839 256 90 tellurem
1480 1839 192 90 aqua,
1608 1839 107 90 &
1651 1839 149 90 tum
1715 1839 128 90 pars

179 1892 200 85 aeris,
319 1892 140 85 tum
399 1892 160 85 pars
499 1892 220 85 eiusdem
658 1892 240 85 uicissim
838 1892 180 85 ignis
958 1892 320 85 comuertatur,
1218 1892 120 85 ob
1278 1892 140 85 eam
1358 1892 220 85 idcirco
1517 1892 200 85 causam
1637 1892 200 85 aeternum

177 1949 175 113 esse
287 1949 197 113 posse
418 1949 219 113 dicunt
571 1949 350 113 proptereaque
855 1949 328 113 quemadmodum
1118 1949 131 113 ex
1184 1949 153 113 una
1271 1949 153 113 sui
1359 1949 197 113 parte
1490 1949 263 113 materiam
1665 1949 175 113 arripi

173 2027 252 85 censent,
362 2027 147 85 ita
446 2027 189 85 aeque
572 2027 189 85 eodem
699 2027 231 85 afflatu
867 2027 210 85 rursum
1014 2027 189 85 gigni
1140 2027 336 85 arbitrantur.
1413 2027 210 85 Quibus
1561 2027 168 85 sane
1645 2027 189 85 aliquio

169 2092 314 75 concedendum
421 2092 293 75 putaremus,
651 2092 126 75 si
714 2092 252 75 rationes
903 2092 335 75 induxissent,
1175 2092 210 75 quibus
1322 2092 293 75 probaretur
1553 2092 168 75 post
1636 2092 210 75 iudicium

171 2155 198 82 ignem
303 2155 242 82 futurum
479 2155 352 82 sempiternum,
766 2155 154 82 cum
854 2155 264 82 praedare
1052 2155 198 82 notum
1184 2155 154 82 sit
1272 2155 132 82 in
1338 2155 198 82 rerum
1471 2155 308 82 primordijs
1691 2155 154 82 tabem

170 2231 122 67 ac
231 2231 183 67 ortum
353 2231 265 67 dissoluto
557 2231 224 67 iudicio
720 2231 306 67 cessaturos.
964 2231 204 67 ltaque
1107 2231 204 67 tutius
1249 2231 244 67 dicendum
1433 2231 163 67 erit
1534 2231 244 67 uindicem
1697 2231 143 67 illum

183 2276 187 89 ignem
308 2276 125 89 in
371 2276 208 89 aliena
516 2276 229 89 materia
683 2276 312 89 consistere,
933 2276 187 89 uique
1058 2276 187 89 supra
1183 2276 354 89 progredientem
1474 2276 229 89 naturam
1620 2276 208 89 aeternum

181 2341 251 92 futurum.
369 2341 126 92 At
432 2341 126 92 si
495 2341 251 92 quispiam
684 2341 126 92 in
746 2341 188 92 rerum
872 2341 335 92 institutione
1144 2341 251 92 materiam
1333 2341 251 92 opinetur
1521 2341 147 92 ita
1605 2341 230 92 naturae
1751 2341 84 92 ha

183 2399 171 96 bitu,
297 2399 228 96 coelique
468 2399 209 96 afflatu
619 2399 209 96 molitum
771 2399 152 96 esse
866 2399 171 96 deum,
980 2399 114 96 ut
1037 2399 285 96 exardescat,
1265 2399 171 96 atque
1379 2399 190 96 igneae
1511 2399 247 96 auiditati
1682 2399 152 96 pastum

180 2460 329 106 suppeditet,
443 2460 154 106 nec
531 2460 241 106 consumi
707 2460 176 106 ullo
816 2460 176 106 modo
926 2460 241 106 possit,
1102 2460 132 106 is
1168 2460 176 106 haud
1277 2460 219 106 quidem
1431 2460 198 106 mulum
1563 2460 110 106 a
1607 2460 176 106 diui
1694 2460 132 106 Augu

169 2527 182 90 stini
290 2527 264 90 sententia
493 2527 304 90 desciuerit.
736 2527 142 90 Sed
817 2527 284 90 quaerendum
1040 2527 243 90 uidetur,
1223 2527 203 90 quanam
1365 2527 182 90 mundi
1486 2527 223 90 regione
1628 2527 203 90 tartarea

176 2595 198 90 sedes
308 2595 287 90 locentur.
529 2595 265 90 Nonnulli
727 2595 176 90 enim
838 2595 132 90 in
904 2595 287 90 theologia
1124 2595 353 90 Mathematici,
1411 2595 198 90 parum
1521 2595 309 90 consentaneum

171 2654 189 86 uideri
303 2654 207 86 uolunt,
454 2654 245 86 inferorum
643 2654 170 86 sedes
756 2654 113 86 eo
812 2654 151 86 loci
907 2654 151 86 esse
1001 2654 189 86 sitas,
1133 2654 132 86 quo
1209 2654 377 86 praestantissimus
1529 2654 170 86 coeli
1624 2654 207 86 afflantus

177 2726 356 88 constituitur,
470 2726 126 88 at
533 2726 147 88 cum
617 2726 419 88 praestantissimus
973 2726 251 88 afflatus
1161 2726 209 88 mediam
1308 2726 188 88 mundi
1433 2726 209 88 sedem,
1580 2726 167 88 quod
1664 2726 167 88 graeci

334 2791 223 73 uocant,
496 2791 263 73 obtineat,
698 2791 142 73 cum
780 2791 122 73 ex
840 2791 263 73 quacunque
1043 2791 182 73 coeli
1164 2791 182 73 parte
1286 2791 243 73 radiorum
1468 2791 284 73 interuentu
1691 2791 122 73 ad
1732 2791 101 73 per

171 2859 307 79 pendiculum
412 2859 263 79 ferantur
609 2859 132 79 ad
675 2859 241 79 centrum
851 2859 110 79 .
894 2859 219 79 cumque
1048 2859 132 79 id
1114 2859 263 79 radiorum
1311 2859 197 79 genus
1442 2859 175 79 quod
1552 2859 132 79 ad
1596 2859 241 79 perpendi-

176 2912 172 77 culum
291 2912 229 77 feratur,
462 2912 229 77 caeteris
634 2912 172 77 multo
749 2912 248 77 ualentius
940 2912 229 77 dicatur,
1112 2912 115 77 si
1169 2912 134 77 has
1246 2912 229 77 infernas
1418 2912 172 77 sedes
1532 2912 115 77 in
1590 2912 229 77 telluris
1742 2912 96 77 ui-

175 2972 238 107 sceribus
353 2972 198 107 locari
492 2972 317 107 confirmetui,
750 2972 198 107 facile
888 2972 297 107 intellectum
1126 2972 158 107 esse
1225 2972 139 107 eas
1304 2972 119 107 in
1364 2972 218 107 centro,
1522 2972 139 107 aut
1582 2972 257 107 quamproxime
