2453 3824
602 355 153 147 esse
697 355 191 147 sitas.
831 355 114 147 Ex
888 355 134 147 quo
964 355 229 147 praedare
1136 355 172 147 sciri
1251 355 172 147 posse
1365 355 229 147 absurdum
1537 355 172 147 esse,
1651 355 114 147 ut
1708 355 172 147 orcus
1823 355 134 147 sub
1899 355 229 147 telluris
2071 355 210 147 uertice
2205 355 114 147 sta-

611 449 224 123 tuatur,
774 449 163 123 quod
875 449 204 123 quidem
1018 449 204 123 facile
1161 449 224 123 refelli
1324 449 224 123 potest,
1487 449 143 123 cum
1568 449 183 123 satis
1690 449 285 123 perspicuum
1915 449 163 123 sit,
1996 449 326 123 praestantiorem

612 536 152 91 esse
707 536 171 91 coeli
821 536 247 91 afflatum,
1011 536 133 91 qui
1087 536 114 91 in
1144 536 266 91 periferiam
1353 536 152 91 quam
1448 536 133 91 qui
1523 536 114 91 in
1580 536 209 91 centrum
1732 536 209 91 feratur
1884 536 114 91 ac
1941 536 152 91 item
2017 536 304 91 excellentiorem

606 589 141 105 eum
686 589 202 105 omnino
828 589 202 105 uideri
969 589 141 105 qui
1049 589 181 105 supra
1170 589 262 105 tellurem,
1372 589 161 105 quam
1473 589 141 105 qui
1553 589 181 105 infra
1674 589 242 105 feratur,
1855 589 121 105 si
1916 589 121 105 id
1976 589 262 105 nostrorum
2158 589 161 105 domici

607 651 225 111 liorum
764 651 315 111 collatione
1011 651 292 111 metiamur.
1236 651 225 111 Itaque
1393 651 247 111 quoddam
1573 651 382 111 philolophorum
1888 651 202 111 genus
2023 651 247 111 herebum
2180 651 135 111 subi

611 722 262 110 telluris
807 722 196 110 orbe,
938 722 196 110 supra
1069 722 218 110 summam
1221 722 196 110 tamen
1352 722 218 110 cutem,
1505 722 131 110 ex
1570 722 240 110 aduerso
1745 722 240 110 uertice
1919 722 174 110 esse
2028 722 240 110 uolunt.
2180 722 153 110 Atque

610 790 202 103 etiam
744 790 336 103 Aristoteles
1013 790 157 103 qui
1103 790 247 103 omnibus
1282 790 359 103 superioribus
1574 790 336 103 philolophis
1843 790 202 103 equum
1978 790 135 103 ob
2045 790 269 103 ueternum
2224 790 90 103 ad

615 860 244 103 imendum
792 860 222 103 putat.
947 860 310 103 Pythagorae
1191 860 288 103 placuisse
1413 860 222 103 dicit,
1568 860 399 103 cruciamentorum
1900 860 355 103 carnificinam
2166 860 155 103 igneo

612 917 129 109 in
676 917 171 109 orbe
783 917 171 109 esse
890 917 214 109 sitam,
1040 917 214 109 eamque
1190 917 129 109 in
1254 917 193 109 media
1383 917 193 109 mundi
1512 917 171 109 sede
1619 917 257 109 locatam.
1812 917 193 109 Nobis
1940 917 171 109 uero
2026 917 300 109 existimandum

608 996 144 101 est
691 996 328 101 consentaneum
957 996 205 101 uideri
1101 996 205 101 herebi
1244 996 246 101 infernam
1429 996 205 101 sedem,
1573 996 144 101 sub
1655 996 246 101 telluris
1839 996 226 101 uertice
2003 996 164 101 esse
2085 996 226 101 constitu-

604 1051 159 114 tam
695 1051 159 114 nam
786 1051 340 114 quemadmodum
1058 1051 272 114 grauiora
1262 1051 227 114 suapte
1420 1051 272 114 corporis
1624 1051 227 114 natura
1783 1051 295 114 inferiora
2010 1051 295 114 dicuntur,
2214 1051 113 114 ita

613 1121 239 112 terrena
787 1121 239 112 deorsum
961 1121 217 112 suopte
1113 1121 239 112 pondere
1287 1121 261 112 feruntur
1482 1121 130 112 ac
1548 1121 326 112 quemadmodum
1808 1121 369 112 excelsissimum
2113 1121 196 112 coeli
2221 1121 109 112 tem

599 1179 164 115 plum
701 1179 266 115 foelicium
905 1179 225 115 hominum
1069 1179 266 115 laetitiae
1273 1179 245 115 apposite
1457 1179 225 115 apteque
1621 1179 327 115 describimus,
1887 1179 143 115 ita
1968 1179 225 115 uolumus
2112 1179 204 115 funestis

616 1243 293 118 perditorum
846 1243 251 118 luctibus
1034 1243 251 118 telluris
1222 1243 230 118 uiscera
1389 1243 293 118 congruere.
1619 1243 146 118 Quo
1703 1243 167 118 sane
1807 1243 167 118 loco
1912 1243 355 118 nequissimorum
2184 1243 125 118 reo-

612 1326 161 108 rum
704 1326 253 108 nefaria
888 1326 276 108 uoluntas
1095 1326 345 108 ostenditur,
1371 1326 161 108 nam
1463 1326 230 108 primum
1625 1326 161 108 eos
1717 1326 253 108 dicimus
1901 1326 207 108 orcum
2039 1326 207 108 uelle
2154 1326 161 108 huma-

612 1388 136 111 no
680 1388 227 111 genere
840 1388 295 111 compleri,
1067 1388 295 111 probosque
1294 1388 205 111 omnes
1431 1388 273 111 daemonum
1635 1388 318 111 carnificum
1885 1388 409 111 animaduersione
2203 1388 114 111 sem

616 1444 230 113 piterna
783 1444 230 113 uexari.
951 1444 251 113 eodemque
1139 1444 167 113 modo
1243 1444 188 113 illis
1369 1444 230 113 odiosum
1536 1444 167 113 esse
1640 1444 188 113 deum.
1766 1444 209 113 Cumque
1912 1444 209 113 primus
2058 1444 230 113 naturae
2205 1444 105 113 mo-

610 1514 144 108 tus
693 1514 185 108 finis
816 1514 247 108 uniuersi
1001 1514 267 108 appetitio
1207 1514 165 108 sit,
1310 1514 144 108 eam
1392 1514 123 108 ob
1454 1514 206 108 causam
1598 1514 247 108 putandum
1783 1514 165 108 est,
1886 1514 123 108 ab
1948 1514 144 108 his
2030 1514 206 108 suapte
2153 1514 165 108 natura

609 1574 197 113 finem
740 1574 285 113 uniuersum
959 1574 241 113 expeti.
1135 1574 131 113 At
1200 1574 153 113 cum
1288 1574 263 113 extremum
1485 1574 109 113 &
1529 1574 241 113 ultimum
1704 1574 307 113 foelicitas
1945 1574 263 113 dicatur,
2120 1574 197 113 manife-

594 1642 166 116 stum
698 1642 166 116 esse
802 1642 228 116 potest,
967 1642 124 116 ab
1030 1642 145 116 hoc
1113 1642 290 116 perditorum
1341 1642 228 116 hominum
1506 1642 207 116 grege,
1652 1642 332 116 foelicitatem
1921 1642 207 116 expeti
2066 1642 145 116 sed
2149 1642 145 116 ita
2211 1642 104 116 eam

601 1717 343 108 appetitionem
879 1717 236 108 tenuem,
1051 1717 107 108 &
1093 1717 364 108 perimbecillam
1393 1717 171 108 esse
1501 1717 257 108 dicimus,
1694 1717 129 108 ut
1758 1717 193 108 magis
1886 1717 343 108 cumulandarum
2144 1717 171 108 aerum-

604 1786 214 105 narum,
753 1786 171 105 quam
860 1786 299 105 consolandi
1096 1786 214 105 causas
1245 1786 235 105 afferre
1417 1786 257 105 uideatur
1609 1786 150 105 cum
1695 1786 278 105 appetitio
1909 1786 171 105 eius
2016 1786 235 105 opinati
2165 1786 150 105 boni-

604 1857 167 98 quod
708 1857 229 98 acquiri
875 1857 188 98 nullo
1000 1857 167 98 modo
1105 1857 209 98 queat,
1251 1857 188 98 angor
1376 1857 146 98 sit
1459 1857 209 98 potius
1605 1857 104 98 &
1647 1857 229 98 aerumna
1814 1857 313 98 expetentis.
2064 1857 188 98 Atque
2168 1857 146 98 etiam

606 1923 346 96 intelligendum
891 1923 163 96 est,
992 1923 142 96 eos
1074 1923 224 96 adeptae
1236 1923 265 96 scientiae
1440 1923 265 96 reminisci
1643 1923 183 96 posse
1766 1923 326 96 proptereaque
2030 1923 122 96 in
2071 1923 244 96 patratorum

589 1973 267 109 scelerum
789 1973 356 109 meditatione,
1078 1973 133 109 ac
1144 1973 133 109 in
1211 1973 333 109 acerbissima
1478 1973 400 109 animaduersione
1811 1973 311 109 ponderanda
2033 1973 267 109 uersentur.

587 2053 135 97 et
655 2053 158 97 tum
745 2053 361 97 cogitationes
1039 2053 135 97 ad
1107 2053 429 97 praetermissorum
1468 2053 361 97 praeclarorum
1761 2053 248 97 munerum
1942 2053 271 97 memoriam
2122 2053 181 97 tradu-

604 2121 200 108 cant,
737 2121 155 108 tum
826 2121 244 108 bonorum
1003 2121 222 108 genera
1159 2121 311 108 expendant,
1403 2121 222 108 quibus
1558 2121 133 108 se
1625 2121 266 108 priuatos
1825 2121 178 108 esse
1936 2121 333 108 intelligant
2180 2121 133 108 quae

596 2187 203 102 amara
732 2187 293 102 meditatio
957 2187 225 102 acrius
1114 2187 270 102 moerorum
1317 2187 383 102 miseriarumque
1632 2187 225 102 luctum
1790 2187 293 102 exagitat.
2015 2187 135 102 Et
2083 2187 158 102 cum
2150 2187 158 102 omnia

600 2244 306 106 aerumnarum
840 2244 218 106 genera
993 2244 393 106 complectantur,
1321 2244 153 106 tum
1408 2244 196 106 nihil
1539 2244 262 106 acerbius
1735 2244 131 106 ex
1801 2244 218 106 omnium
1954 2244 327 106 calamitatum
2194 2244 109 106 ge-

599 2322 162 92 nere
700 2322 222 92 ferunt,
862 2322 162 92 quam
963 2322 142 92 que
1044 2322 101 92 a
1084 2322 222 92 parente
1246 2322 182 92 rerum
1367 2322 142 92 deo
1448 2322 263 92 contuendo
1650 2322 263 92 arcentur.
1852 2322 263 92 Quamobrem
2054 2322 182 92 saepe
2155 2322 142 92 inter

593 2387 224 95 nostros
755 2387 142 95 est
837 2387 163 95 nata
938 2387 285 95 dissensio,
1162 2387 122 95 an
1223 2387 163 95 deus
1324 2387 325 95 suppliciorum
1589 2387 285 95 uexationem
1812 2387 244 95 aeternam
1995 2387 224 95 futuram
2137 2387 163 95 uelit.

595 2444 202 105 Multi
729 2444 157 105 qui
819 2444 247 105 nauteam
999 2444 135 105 ex
1067 2444 270 105 Origenea
1269 2444 247 105 sentina
1449 2444 292 105 hauriunt,
1674 2444 157 105 non
1763 2444 180 105 modo
1876 2444 270 105 hominum,
2078 2444 157 105 sed
2146 2444 157 105 etiam

601 2514 248 94 daemonum
787 2514 269 94 supplicia
994 2514 124 94 in
1056 2514 207 94 tempus
1201 2514 331 94 circunscribi
1469 2514 227 94 putant.
1635 2514 124 94 At
1697 2514 207 94 quidam
1841 2514 186 94 quasi
1965 2514 186 94 eorum
2069 2514 227 94 ulceribus

590 2583 289 92 malagmata
812 2583 244 92 leniora
990 2583 311 92 adhibeant,
1234 2583 200 92 diuos
1368 2583 178 92 modo
1479 2583 267 92 sontibus
1679 2583 133 92 in
1745 2583 200 92 coeli
1879 2583 311 92 patrocinio
2101 2583 200 92 suffra-

595 2662 163 78 gari
697 2662 224 78 dicunt.
860 2662 122 78 At
921 2662 143 78 cum
1002 2662 265 78 dissoluto
1206 2662 224 78 iudicio
1369 2662 367 78 inflammatiores
1675 2662 122 78 ad
1736 2662 306 78 opitulandum
1981 2662 163 78 fore
2063 2662 224 78 opinentur

596 2721 141 89 cum
676 2721 141 89 tum
757 2721 282 89 absolutior
979 2721 141 89 sit
1059 2721 201 89 futura
1200 2721 262 89 charitas,
1402 2721 181 89 plane
1523 2721 161 89 bene
1623 2721 242 89 liquere,
1805 2721 141 89 eos
1885 2721 141 89 tum
1966 2721 242 89 precandi
2127 2721 161 89 suffra

590 2771 248 104 gandique
777 2771 311 104 patrocinium
1025 2771 331 104 suscepturos.
1294 2771 145 104 Sed
1377 2771 145 104 cum
1460 2771 186 104 eorum
1584 2771 207 104 minime
1729 2771 145 104 sit
1812 2771 207 104 inanis
1957 2771 248 104 peritura
2122 2771 166 104 preca-

597 2850 158 99 tio,
696 2850 178 99 satis
815 2850 158 99 esse
913 2850 198 99 notum,
1052 2850 138 99 ita
1131 2850 217 99 placari
1289 2850 178 99 posse
1408 2850 178 99 deum,
1526 2850 119 99 ut
1585 2850 257 99 quandoque
1783 2850 138 99 sit
1862 2850 158 99 reis
1961 2850 296 99 acerbissima
2178 2850 119 99 sup-

588 2918 264 94 pliciorum
791 2918 163 94 iuga
893 2918 305 94 depulsurus.
1136 2918 142 94 Qui
1218 2918 203 94 quidem
1360 2918 163 94 haud
1462 2918 224 94 quaquam
1624 2918 122 94 ex
1685 2918 244 94 integris
1868 2918 203 94 essent
2010 2918 224 94 effecti
2153 2918 142 94 clau-

590 2963 142 117 di,
671 2963 122 117 si
732 2963 264 117 recordari
935 2963 304 117 uoluissent,
1178 2963 183 117 diuos
1300 2963 162 117 modo
1401 2963 345 117 facinorosorum
1685 2963 203 117 reorum
1827 2963 304 117 patrocinium
2051 2963 243 117 suscipere,

583 3049 114 91 ut
640 3049 114 91 in
697 3049 227 91 auctorem
867 3049 151 91 deum
962 3049 95 91 a
1000 3049 284 91 flagitiorum
1227 3049 265 91 colluuione
1435 3049 284 91 reuocentur,
1662 3049 133 91 cum
1738 3049 189 91 nondum
1870 3049 133 91 sit
1946 3049 246 91 reuocandi
2117 3049 170 91 praeter

579 3111 192 122 uecta
706 3111 277 122 facultas,
919 3111 447 122 intellexissentque
1302 3111 341 122 excedentibus
1579 3111 170 122 sine
1686 3111 213 122 gratia
1835 3111 234 122 manibus
2005 3111 213 122 nullum
2133 3111 170 122 tempus
