2342 3270
208 163 177 50 what
319 163 243 50 largely
496 163 155 50 out
584 163 133 50 of
650 163 155 50 the
739 163 177 50 holy
850 163 310 50 scripture,

213 227 134 50 to
280 227 157 50 the
369 227 224 50 intent
526 227 112 50 I
571 227 201 50 might
705 227 201 50 prove
839 227 134 50 to
907 227 134 50 al
974 227 179 50 men,

209 291 173 49 that
317 291 259 49 wedlocke
512 291 130 49 is
577 291 216 49 holie,
728 291 108 49 &
771 291 173 49 that
879 291 281 49 therefore

208 355 136 51 no
276 355 136 51 ma
344 355 159 51 can
435 355 136 51 be
503 355 249 51 defiled
684 355 181 51 with
798 355 136 51 ye
866 355 295 51 moderate,

220 419 223 52 holie,
376 419 111 52 &
420 419 223 52 lawful
576 419 156 52 use
665 419 267 52 thereof:
865 419 156 52 and
954 419 134 52 so
999 419 111 52 con

210 482 312 53 sequently
450 482 192 53 that
570 482 288 53 marriage
785 482 144 53 is
857 482 312 53 permitted

211 547 127 49 to
274 547 127 49 al
338 547 191 49 sorts
465 547 127 49 of
528 547 169 49 men.
634 547 148 49 For
719 547 127 49 ye
782 547 233 49 Apostle
952 547 212 49 saith:

209 608 167 49 Let
305 608 119 49 a
352 608 287 49 bishoppe
567 608 143 49 be
639 608 167 49 the
735 608 263 49 husband
926 608 143 49 of
998 608 167 49 one

219 671 201 50 wife,
353 671 157 50 let
442 671 157 50 him
532 671 179 50 rule
643 671 157 50 his
733 671 179 50 owne
845 671 201 50 house
979 671 179 50 wel,

216 737 159 51 and
307 737 182 51 have
421 737 295 51 faithfull
647 737 295 51 children.
874 737 159 51 For
965 737 136 51 it
1033 737 136 51 is

208 803 267 53 manifest
408 803 134 53 by
475 803 134 53 ye
542 803 334 53 testimonies
809 803 134 53 of
876 803 290 53 scripture

212 868 157 53 and
301 868 427 53 ecclesiasticall
661 868 270 53 writers,
863 868 180 53 that
975 868 157 53 the
1043 868 67 53 A

212 932 244 52 postles
389 932 133 52 of
456 932 222 52 Christ
611 932 155 52 and
699 932 199 52 other
832 932 332 52 Apostolical

212 996 286 53 teachers
426 996 143 53 of
498 996 143 53 ye
569 996 310 53 primitive
807 996 238 53 Church
974 996 190 53 were

211 1059 276 54 married
412 1059 201 54 men,
537 1059 176 54 and
637 1059 176 54 had
738 1059 226 54 wives
888 1059 176 54 and
963 1059 151 54 chil

211 1126 206 52 dren.
348 1126 252 52 Neither
531 1126 137 52 is
600 1126 206 52 there
737 1126 160 52 any
829 1126 229 52 thing,
989 1126 183 52 next

208 1188 221 51 after
356 1188 270 51 corrupt
552 1188 319 51 doctrine,
798 1188 221 51 which
945 1188 221 51 doeth

204 1253 189 50 more
322 1253 236 50 infect
487 1253 165 50 the
582 1253 236 50 Church
747 1253 141 50 of
817 1253 259 50 Christ,
1006 1253 165 50 and

216 1318 227 50 subvert
382 1318 124 50 al
444 1318 372 50 ecclesiastical
754 1318 310 50 discipline,
1002 1318 165 50 than

216 1383 133 49 if
282 1383 155 49 the
371 1383 288 49 ministers
592 1383 133 49 of
659 1383 155 49 teh
747 1383 288 49 churches,
969 1383 199 49 which

220 1447 245 49 should
391 1447 147 49 be
465 1447 245 49 lights
636 1447 147 49 of
710 1447 172 49 the
808 1447 221 49 whole
930 1447 196 49 congre

207 1509 266 56 gation,
400 1509 145 56 be
473 1509 362 56 fornicators
763 1509 145 56 or
835 1509 338 56 adulterous

214 1574 273 53 persons.
419 1574 182 53 That
533 1574 250 53 offence
715 1574 319 53 especially
966 1574 205 53 above

216 1638 151 49 all
303 1638 216 49 other,
454 1638 130 49 is
519 1638 130 49 an
584 1638 325 49 hinderaunce
844 1638 151 49 and
930 1638 173 49 blot
1038 1638 130 49 to

215 1705 134 48 al
282 1705 179 48 kind
393 1705 134 48 of
461 1705 268 48 honesty:
662 1705 156 48 but
751 1705 268 48 touching
952 1705 179 48 this
1064 1705 112 48 I

221 1768 238 51 purpose
395 1768 152 51 not
481 1768 130 51 at
546 1768 173 51 this
655 1768 173 51 time
763 1768 130 51 to
828 1768 282 51 discourse
1044 1768 130 51 so

223 1831 256 50 largely
409 1831 163 50 and
502 1831 210 50 fully
642 1831 140 50 as
712 1831 116 50 I
758 1831 233 50 might.
921 1831 140 50 to
991 1831 186 50 this

231 1896 112 52 I
275 1896 201 52 adde,
410 1896 134 52 ye
477 1896 157 52 the
566 1896 179 52 band
678 1896 134 52 of
745 1896 246 52 wedlock
924 1896 134 52 is
968 1896 157 52 indis

235 1964 219 44 soluble
394 1964 100 44 &
434 1964 319 44 everlasting,
693 1964 119 44 ye
753 1964 119 44 is
812 1964 119 44 to
872 1964 159 44 say,
972 1964 159 44 such
1071 1964 100 44 a

229 2025 195 48 knot
351 2025 146 48 as
424 2025 220 48 never
570 2025 171 48 can
668 2025 146 48 be
741 2025 268 48 undone.
936 2025 171 48 For
1033 2025 146 48 of

222 2090 185 48 fire
338 2090 139 48 is
407 2090 185 48 made
523 2090 162 48 one
616 2090 209 48 flesh
755 2090 162 48 and
848 2090 162 48 one
941 2090 232 48 bodye,

223 2155 204 46 which
359 2155 136 46 if
427 2155 158 46 you
518 2155 226 46 sever,
676 2155 158 46 you
767 2155 136 46 do
835 2155 249 46 utterly
1016 2155 158 46 mar

216 2218 181 48 it.
320 2218 207 48 What
449 2218 181 48 God
553 2218 207 48 hath
682 2218 259 48 joyned
863 2218 311 48 together

223 2281 309 49 therefore,
466 2281 155 49 let
554 2281 155 49 not
643 2281 133 49 ma
709 2281 265 49 separat.
908 2281 177 49 They
996 2281 133 49 ther

227 2345 177 51 fore
337 2345 132 51 do
404 2345 177 51 make
514 2345 110 51 a
558 2345 287 51 slauhhter
779 2345 132 51 of
845 2345 177 51 this
955 2345 221 51 bodye,

218 2410 188 50 that
335 2410 141 50 do
405 2410 211 50 comit
546 2410 329 50 adulterie.
804 2410 164 50 For
898 2410 141 50 ye
969 2410 211 50 lawes

216 2474 152 48 of
292 2474 178 48 God
393 2474 178 48 and
495 2474 178 48 men
596 2474 228 48 admit
748 2474 127 48 a
799 2474 381 48 divorcement

223 2538 262 48 betwixt
414 2538 119 48 a
462 2538 167 48 man
557 2538 119 48 &
605 2538 167 48 his
700 2538 334 48 adulterous
962 2538 215 48 wife.

216 2603 164 48 And
309 2603 164 48 yet
403 2603 164 48 let
497 2603 164 48 not
590 2603 187 48 anye
707 2603 211 48 lesse
848 2603 141 48 or
918 2603 258 48 lighter

222 2667 217 48 cause
367 2667 289 48 dissolve
584 2667 193 48 this
704 2667 193 48 knot
825 2667 265 48 betwixt
1017 2667 169 48 man

220 2730 172 49 and
319 2730 222 49 wife,
467 2730 197 49 than
590 2730 369 49 fornication
885 2730 172 49 is.
959 2730 172 49 Other

218 2793 203 51 wise
344 2793 177 51 God
446 2793 228 51 which
597 2793 152 51 in
673 2793 177 51 the
775 2793 278 51 Gospell
977 2793 203 51 hath

227 2858 282 49 permitted
444 2858 152 49 the
531 2858 217 49 lesse,
682 2858 173 49 doth
790 2858 152 49 not
877 2858 217 49 forbid
1029 2858 152 49 the

226 2923 256 50 greater
412 2923 140 50 to
482 2923 163 50 bee
575 2923 233 50 causes
738 2923 140 50 of
808 2923 373 50 divorcement.

222 2987 176 49 And
323 2987 151 49 in
398 2987 176 49 the
499 2987 328 49 primitive
751 2987 252 49 church
927 2987 176 49 the
1003 2987 126 49 Epi

222 3050 192 54 stles
350 3050 107 54 &
393 3050 342 54 costitutions
670 3050 128 54 of
734 3050 278 54 christian
948 3050 235 54 princes

1145 154 127 55 do
1208 154 274 55 testifie,
1419 154 127 55 ye
1482 154 169 55 once
1588 154 253 55 comiting
1778 154 127 55 of
1820 154 232 55 fornicati

1139 221 153 51 on
1215 221 178 51 was
1317 221 153 51 no
1393 221 229 51 cause
1545 221 153 51 of
1622 221 407 51 divorcement.
1952 221 153 51 Of

1141 289 208 48 which
1280 289 116 48 I
1326 289 185 48 have
1442 289 232 48 spoken
1604 289 139 48 in
1673 289 255 48 another
1859 289 232 48 place.

1204 353 164 48 But
1297 353 187 48 that
1414 353 187 48 this
1531 353 187 48 holy
1648 353 187 48 knot
1765 353 164 48 may
1859 353 140 48 be
1929 353 164 48 the

1138 418 226 47 surer,
1296 418 135 47 it
1364 418 135 47 is
1432 418 316 47 availeable
1680 418 181 47 that
1793 418 293 47 marriages

1138 479 140 50 be
1208 479 186 50 made
1324 479 256 50 holily,
1510 479 303 50 lawfully,
1743 479 163 50 and
1836 479 186 50 with
1930 479 116 50 dis

1146 544 251 50 cretion
1329 544 137 50 in
1397 544 160 50 the
1488 544 205 50 feare
1625 544 137 50 of
1694 544 160 50 the
1785 544 228 50 Lorde.
1945 544 160 50 Let

1146 607 208 52 them
1276 607 182 52 not
1380 607 156 52 be
1458 607 338 52 unwilling
1719 607 260 52 agreed
1901 607 208 52 unto

1138 672 160 50 and
1229 672 182 50 made
1343 672 137 50 up
1412 672 137 50 by
1480 672 319 50 compulsio.
1731 672 205 50 First
1868 672 160 50 let
1959 672 137 50 ye

1150 738 182 51 good
1264 738 227 51 liking
1423 738 136 51 of
1491 738 204 51 their
1627 738 318 51 consenting
1876 738 227 51 mindes

1146 802 172 49 bee
1245 802 246 49 joyned
1417 802 148 49 in
1491 802 197 49 one,
1615 802 197 49 whom
1738 802 172 49 the
1836 802 197 49 open
1935 802 123 49 pro

1143 866 259 49 session
1332 866 141 49 of
1402 866 259 49 natural
1590 866 259 49 consent
1779 866 118 49 &
1826 866 282 49 outwarde

1146 931 396 49 hand-fasting
1468 931 198 49 must
1591 931 346 49 afterwarde
1863 931 247 49 couple

1152 997 295 49 together.
1379 997 159 49 Let
1470 997 159 49 the
1561 997 136 49 be
1629 997 250 49 matched
1810 997 295 49 together,

1151 1060 192 49 that
1271 1060 168 49 are
1367 1060 168 49 not
1463 1060 264 49 severed
1654 1060 144 49 by
1726 1060 312 49 alliaunce
1966 1060 144 49 of

1146 1125 229 48 bloud,
1306 1125 160 48 and
1398 1125 297 48 nighnesse
1626 1125 137 48 of
1695 1125 320 48 affinitie.
1947 1125 160 48 Let

1143 1190 203 47 them
1269 1190 152 47 be
1346 1190 279 47 coupled
1549 1190 152 47 in
1625 1190 203 47 one,
1752 1190 203 47 that
1878 1190 178 47 may
1955 1190 101 47 ma

1144 1254 169 47 rie
1240 1254 290 47 together
1458 1254 145 47 by
1530 1254 169 47 the
1627 1254 217 47 lawes
1772 1254 145 47 of
1845 1254 169 47 God
1941 1254 169 47 and

1150 1317 210 49 their
1289 1317 279 49 coutrie,
1499 1317 186 49 with
1616 1317 163 49 the
1709 1317 256 49 consent
1895 1317 116 49 &
1918 1317 140 49 coun

1148 1383 153 48 sel
1235 1383 131 48 of
1301 1383 196 48 their
1432 1383 240 48 friends
1606 1383 109 48 &
1650 1383 262 48 parents.
1846 1383 153 48 Let
1933 1383 174 48 them

1146 1447 225 48 which
1296 1447 225 48 minde
1446 1447 300 48 marriage
1671 1447 200 48 have
1796 1447 125 48 a
1846 1447 275 48 sincere

1154 1511 204 49 heart
1290 1511 294 49 purposely
1516 1511 181 49 bent
1629 1511 136 49 to
1697 1511 181 49 seek
1810 1511 204 49 their
1946 1511 158 49 own

1153 1576 254 49 safegard
1343 1576 106 49 &
1386 1576 296 49 continuall
1619 1576 296 49 felicitie,
1851 1576 169 49 that
1957 1576 148 49 is,

1159 1641 132 46 to
1225 1641 243 46 respect
1402 1641 177 46 only
1512 1641 155 46 the
1600 1641 155 46 wil
1689 1641 155 46 and
1777 1641 265 46 pleasure
1976 1641 132 46 of

1155 1705 182 47 God,
1269 1705 159 47 and
1360 1705 159 47 not
1451 1705 205 47 admit
1588 1705 182 47 anie
1702 1705 182 47 evil
1816 1705 296 47 affectios

1156 1768 140 50 as
1226 1768 350 50 counsellers
1505 1768 140 50 to
1575 1768 187 50 make
1692 1768 140 50 up
1762 1768 140 50 ye
1832 1768 280 50 marriage

1158 1832 263 48 betwixt
1349 1832 215 48 them.
1493 1832 311 48 Hierocles
1732 1832 143 48 in
1803 1832 167 48 his
1899 1832 215 48 booke

1157 1895 134 45 De
1224 1895 223 45 nuptys
1379 1895 223 45 saith:
1535 1895 134 45 It
1602 1895 134 45 is
1669 1895 200 45 meere
1803 1895 223 45 follie
1959 1895 156 45 and

1149 1958 216 47 lacke
1293 1958 144 47 of
1365 1958 168 47 wit
1461 1958 216 47 which
1605 1958 192 47 make
1724 1958 216 47 those
1868 1958 240 47 things

1150 2022 173 49 that
1259 2022 130 49 of
1324 2022 282 49 theselves
1540 2022 152 49 are
1627 2022 195 49 easie
1757 2022 130 49 to
1822 2022 130 49 be
1887 2022 217 49 borne,

1156 2086 415 48 troublesome,
1493 2086 182 48 and
1597 2086 208 48 make
1727 2086 130 48 a
1779 2086 208 48 wife
1908 2086 130 48 a
1934 2086 130 48 gri

1154 2151 202 47 nous
1280 2151 202 47 clog
1407 2151 152 47 to
1482 2151 177 47 her
1584 2151 303 47 husband.
1811 2151 177 47 For
1887 2151 177 47 marri

1157 2216 164 49 age
1250 2216 141 49 to
1321 2216 188 49 many
1438 2216 141 49 me
1509 2216 188 49 hath
1626 2216 164 49 bin
1720 2216 399 49 intollerable:

1157 2280 168 47 not
1253 2280 265 47 because
1446 2280 168 47 the
1542 2280 241 47 wedded
1710 2280 216 47 state
1855 2280 144 47 is
1927 2280 144 47 by
1975 2280 96 47 de

1158 2344 200 49 fault
1291 2344 134 49 of
1358 2344 134 49 it
1425 2344 200 49 selfe
1558 2344 134 49 or
1625 2344 178 49 owne
1736 2344 223 49 proper
1892 2344 223 49 nature

1150 2408 163 49 so
1231 2408 408 49 troublesome
1558 2408 163 49 or
1639 2408 381 49 comberous,
1938 2408 190 49 but

1157 2473 173 52 for
1256 2473 173 52 our
1355 2473 296 52 matching
1577 2473 148 52 as
1651 2473 148 52 we
1725 2473 271 52 shoulde
1922 2473 197 52 not,

1161 2537 140 49 it
1231 2537 256 49 falleth
1417 2537 163 49 out
1510 2537 140 49 as
1579 2537 163 49 wee
1673 2537 233 49 woulde
1835 2537 186 49 not,
1952 2537 163 49 and

1158 2602 256 47 causeth
1344 2602 163 47 our
1437 2602 302 47 marriages
1670 2602 140 47 to
1739 2602 163 47 bee
1832 2602 279 47 grievous

1153 2666 170 47 and
1250 2666 291 47 noysome.
1468 2666 145 47 To
1541 2666 194 47 this
1662 2666 194 47 ende
1783 2666 242 47 verily
1953 2666 170 47 our

1158 2730 230 49 daily
1312 2730 333 49 marriages
1568 2730 179 49 doe
1670 2730 307 49 commonly
1901 2730 230 49 come.

1158 2794 184 48 For
1263 2794 211 48 they
1395 2794 264 48 marrie
1579 2794 237 48 wives
1737 2794 290 48 usually
1948 2794 184 48 not

1161 2858 177 48 for
1262 2858 177 48 the
1363 2858 329 48 begetting
1616 2858 152 48 of
1692 2858 303 48 children
1919 2858 152 48 or
1970 2858 101 48 so

1154 2922 238 48 cietie
1321 2922 143 48 of
1392 2922 214 48 life:
1535 2922 167 48 but
1630 2922 190 48 some
1749 2922 167 48 for
1844 2922 119 48 a
1892 2922 238 48 greate

1156 2987 266 48 dowrie,
1350 2987 194 48 some
1471 2987 170 48 for
1567 2987 121 48 a
1616 2987 339 48 beautifull
1882 2987 242 48 bodye,

1155 3051 190 49 and
1263 3051 217 49 some
1399 3051 271 49 beeing
1588 3051 298 49 seduced
1805 3051 163 49 by
1886 3051 244 49 suche
