1416 2066
210 218 714 259 vilis: & hoc non accidit eis ex lege,
210 256 620 306 sed ex corrumpentibus eam.
228 292 714 346 Accidit igitur istis hominibus, cum
210 333 712 384 incipiunt speculari illum modum per
223 369 714 410 fectionis, cui subiecti erant. sed cum
229 408 721 460 desperauerunt peruenire ad hanc per¬
219 446 711 490 fectionem, & viderunt omnes ho¬
226 484 723 531 mines contemnere eam, & credere
231 528 717 570 quod expectantes eam non debent esse
236 565 719 603 pars ciuitatis: aut credunt cum hoc
231 599 718 651 quod omnia dicta de hac perfectione
228 636 715 687 torte sunt similia dictis de illa pri¬
226 677 721 722 ma perfectione, quam expulerunt,
221 717 716 767 licet illam, in qua nutriebantur: & tales
227 752 723 804 sunt plures istius temporis, scilicet il¬
225 791 715 841 li, qui modice speculationem attin¬
230 829 714 879 gunt: tunc omnino declinabunt ad
226 869 714 917 appetitus, & accedit eis dispositio in
226 908 716 949 naturalis, adeo quod non dicentur esse
224 944 721 992 pars ciuitatis omnino: quoniam cum
210 983 713 1032 eis non potest fieri contractus ciui¬
222 1020 716 1071 lis, neque amicitia humana, neque vti¬
227 1060 717 1098 litas alterius, sed omnes actiones eo
210 1096 717 1148 rum sunt ad seipsos: & ideo philoso
236 1134 714 1176 phia in hoc abhorretur. & iam exi¬
232 1174 722 1226 uimus a nostra intentione, ad quam
228 1220 410 1250 reuertimur¬
266 1444 721 1498 Ordo autem huius libri est quod iste
225 1485 716 1536 liber est primus librorum positorum
226 1533 721 1573 ab Arist. in scientia naturali. quia res
229 1562 719 1603 naturales diuiduntur ad diuersas na¬
226 1601 723 1650 turas: &, cum diuersantur in eo, quid
233 1644 714 1682 est proprium vnicuique eorum com
225 1685 719 1722 municant tamen in rebus commu¬
228 1718 728 1768 nibus existentibus in eis. & propter.
229 1754 719 1794 hoc diuiditur consyderatio huius ar¬
228 1793 722 1835 tis in duas partes. Prima est consyde
228 1835 724 1875 ratio in rebus communibus omni¬
755 222 1240 271 pse siores stur ipfecti: hoc autem accidit
749 260 1243 311 eis non perper legen. sed perper eos, qui eam vitu¬
746 296 1248 348 perant, & accusant. Huic igitur gene
749 340 1245 386 ri honum contigit, cum aggrediuntur ip
746 373 1245 422 sam speculationem, vt vituperent illud
742 413 1238 463 genus perfectionis, cui erant iclinati. sed
751 453 1247 502 cum ipsi remaneant in ea re, in quae fuerunt
748 489 1241 538 educati, nempe parum sunt, prom illi perfe
754 525 1247 570 ctioni: & putant se ipfectos esse, perpea
751 565 1249 617 quia homines vituperant eos, & ipsos non
752 605 1245 656 ssem dignos, vt ciuiles vocet, existimant
748 652 1243 695 neque dignos esse, vt inter minimos eo¬
753 682 1251 722 rum vnus ipsorum comnumeretur, vt cum eis
745 716 1247 762 associetur & cum non speret amplius attin
742 757 1246 808 gere huinscemodi perfectionem, opinam,
748 799 1247 834 tur quod id, quod dicitur de hac, non sit absile
746 833 1251 875 ei, quid dicebatur de illa prima perfectione,
744 873 1243 922 quam expulerunt, posteaquerant in ea edu
750 909 1242 955 cati. & hoc fit vtpesecudum nitro tpere: videli
748 946 1255 1002 cet quod plures eorum tradunt se hoc tpre
747 987 1251 1039 arti logicaesqui tantdum stur ad voluptates in
747 1027 1248 1061 clinati: ac accidit eis res maxime pe¬
746 1060 1244 1106 ternaturalis ita, vt non sint digni esse
757 1096 1247 1152 ps Rcip. vllo pacto: quia nulla actio
748 1141 1244 1192 ciuilis omnino vere, procedit ab eis: neque
757 1182 1245 1226 vlla humana amicitia, nullaque vtili¬
748 1217 1247 1258 tas alteri ab eis, puenit: si eorum actio
748 1253 1249 1298 nes omnes viversaliter esse, probae in animo eorum, hic
750 1293 1221 1345 fit vt hac tempestate noitra ii, qui seniam,
752 1333 1239 1378 fitentur, sint in opprobrium, & maximo
755 1372 1249 1410 vitio affecti iudicentur. sed iam reuertem
753 1408 1219 1450 dum est ad id, vndeo digressi sumus.
758 1447 1239 1490 Quod vero ad ordinem libri attinet
753 1484 1236 1538 is quidem libert est primus librorum ab
754 1525 1246 1577 Arsilic. positorum, qui in scia namli leguntur,
761 1572 1245 1611 uoniam, cum res namles diuidantur in varias na
750 1605 1242 1646 turas, quae quid dem naturae, licet differant in
748 1640 1242 1683 ter se per ea, quae sunt propria vnicuique
749 1678 1247 1716 earum, tamen adhuc communicant inter se in re
749 1716 1200 1766 bus vniuersalibus, quas obtinent.
788 1757 1247 1806 Ideo oportet vt primo diuidatur con
751 1790 1247 1834 sideratio hus artis in duas partes. In
750 1832 1234 1874 Prima consyderatur de his rebus vniversalibus
