1416 2066
182 180 687 226 partes rectae erant in eo, quae siunt ma¬
182 219 687 273 noris incuruationis, sed in qualibet
213 260 685 312 artium eius recipit incuruationem,
206 301 690 339 & hoc intendebat, cum dixit: non fuit
203 341 680 395 hoc aliquid, in quo fit incuruatio,
204 380 683 419 &c. i. quoniam incuruatio non est facta in
202 428 682 458 eo in aliquibus partibus, & non in
197 457 682 511 aliis. v. g. vt aliquis dicat quod partes re
198 496 691 550 ctae, quae erant in arcu, incuruabantur.
194 538 686 579 D.d. minus enim ex maiori non est carem
198 576 685 629 tia, &c. i. quoniam transmutatio corporis
201 618 687 667 de magnitudine in paruitatem non
199 659 687 705 fit per carentiam partium exeuii¬
200 692 687 747 tium a for aminibus, vt fingunt di¬
200 733 689 784 centes vacuum esse, quoniam, si ita esset,
200 769 683 823 contingeret vt corpus calidum non es¬
202 812 690 850 set calidum secundum omnes partes, & similiter al
199 849 691 890 bum, sed solummodo esset calidum secundum
199 888 690 939 ipsa foramina: illud autem, quod in¬
204 933 691 978 teriacet foramina, non disponitur per
197 965 687 1019 aliquid ex hoc, quod est impossibile.
200 1013 684 1043 & hoc intendebat, cum dixit, nec po¬
207 1045 689 1089 test inueniri ex slamma, &c. i. sed quae¬
207 1084 680 1136 ibet pars flammae ignis, quae existi¬
202 1120 686 1162 matur esse in fine raritatis, habet cali
198 1162 682 1202 ditatem aequaliter. & similiter est de om¬
204 1199 686 1241 nibus calidis. sed dedit exemplum de
204 1240 685 1291 flamma propter suam raritatem. &
200 1277 683 1322 hoc intendebat, cum dixit: & similiter est
201 1316 685 1360 de calore, &c. i. qui crescit ex primo,
182 1356 692 1407 scilicetquoniam est in omnibus partibus. Et intem
198 1396 684 1448 debat per hoc, quod densitas, & raritas
200 1437 684 1486 sunt in omnibus partibus rei: & hoc si¬
200 1476 687 1523 onificat quod non sunt ex foraminibus.
194 1504 680 1566 D.d. magnitudo igitur, & paruitas
198 1553 679 1603 &c. declaratum est igitur ex hoc, quo
195 1591 681 1635 magnitudo, & paruitas, quae inueniun
196 1630 689 1671 tur in eodem corpore sensibili, non
196 1669 688 1714 fiunt ita, quod materia, quando transfert
193 1708 683 1762 in magnitudinem, recipit additio¬
198 1749 687 1801 nem corporum, quando foramina expam
192 1788 694 1839 duntur, neque constringuntur forami
196 1826 688 1878 na, quando transfertur ad paruitatem:
194 1866 691 1922 sed causa in hoc est, quniam materia est
718 180 1225 236 in potentia magnum, & paruum. &, cum
718 221 1214 274 declarauit quod translatio corporis de
722 261 1202 315 paruitate in magnitudinem, & ecom
719 300 1211 339 uerso, non fit ex foraminibus vacuis
714 337 1209 390 in corpore, quae quandoque constringun¬
714 388 1208 429 tur, & fit corpus minus, & quandoque am
718 417 1210 458 pliantur, & fit maius, siue fuerint stri
723 459 1213 506 cta apud exitum corporum, & am¬
719 495 1213 546 pla apud introitum corporum, vt
722 541 1211 588 ppinantur dicentes vacuum non esse
717 573 1215 627 separatum, aut strictura, & amplia¬
716 620 1210 658 tio in eis fuerit sine introitu, & exitu
718 652 1215 705 corporum, vt opinantur in densitate
719 692 1207 742 dicentes vacuum esse separatum:
718 733 1206 780 &, cum declarauit hoc de paruita¬
717 780 1213 818 te, & magnitudine: & densum, & ra¬
715 820 1213 858 rum nihil aliud est quam idem corpus
718 853 1218 891 transferii de paruo in magnum, &
719 893 1212 939 econuerso, dicit: necesse est ergo vt
714 933 1209 970 rarum, & densum, &c. idest &, cum
714 964 1211 1010 hoc declaratum sit, necesse est vt
719 1004 1215 1056 corpus, quod quandoque, condensa¬
717 1044 1213 1089 tur, & quandoque rarefit, sit idem,
714 1084 1211 1133 absque eo, quod accidat additio ex in¬
715 1124 1215 1166 troitu corporum extrinsecorum, &
718 1160 1216 1214 diminutio ex exitu partium: sed quia
714 1205 1213 1242 eadem materia recipit quandoque
714 1240 1206 1286 maiorem quantitatem, & quandoque
723 1274 1209 1322 minorem. D.d. & desum est graue,
718 1317 1215 1355 & rarum est leue. potest intendere
719 1356 1211 1408 contradictionem istorum. sequitur,
716 1405 1220 1434 enim secundum sermonem eorum vt leue sit
725 1436 1213 1485 grauius, quia in eo sunt partes plu¬
718 1474 1207 1523 res, & densum sit leuius, quia in eo
723 1511 1213 1567 sunt partes pauciores. Et potest in
716 1552 1209 1594 telligi, quoniam quemadmodum materia
716 1598 1214 1641 recipit graue, & leue, & est in poten
715 1636 1209 1674 tia vtrunque, nullo graui, aut leui ad¬
716 1668 1216 1714 ueniente in actu, ita est de iaro, &
718 1708 1210 1762 denso, cum vtrunque sequatur iu¬.
717 1757 897 1803 uin compar.
750 1813 1218 1874 ITAmplius, sicut circuli cir
719 1864 1210 1914 cunferentia, condueta in minus,
