1416 2066
177 179 683 238 venit, quatenus nascitur. ad
190 221 689 270 quod igitur nasciturus non ad id
186 263 519 314 ex quo, sed ad quod
239 309 685 370 Et etiam natura, quae dicitur de
188 357 687 419 generatione, est via ad naturam.
187 404 691 465 quoniam non est in hoc, sicut est, cu
184 452 687 519 dicimus quod via, per quam imus in
192 500 676 546 medicinado, no inducit ad medici¬
187 548 691 603 nam, sed ad sanitatem: necesse enim est vt
195 595 685 642 initiu medicinadisit ex medicina,
186 642 688 690 & non inducit ad medicina. & non
196 689 685 742 est talis dispo naturae apud naturam:
186 733 683 797 sed naturatu ab aliquo ad aliquid
200 781 689 842 venit, & naturatur aliquid, isecm
190 828 687 890 ligitur naturati aliquid no est illud,
187 876 683 938 exquo icipit, sed illud ad quid venit.
210 941 687 986 Ista etiam est alia roiocinatio, ex qua
186 982 683 1032 declarat etiam quod natura, dicitur de fora, quoniam
191 1021 687 1066 hoc nomen natura dicitur de generatione,
194 1061 687 1110 qua est via ad hoc, quod forma fiat, ideo
193 1101 685 1150 forma est dignior hoc, hoc enim nomen
192 1135 676 1179 transmutari deriuatur in rebus na¬
190 1174 680 1222 turalibus ab eo, ad quod est transmu
192 1220 685 1261 tatio. illud enim quod transmutatur de
189 1253 677 1305 nigredine in albedinem, dicitur albescere
191 1286 691 1338 non nigrescere: & similiter dicimus quod il¬
187 1327 677 1370 lud, quod alteratur de frigore in ca
190 1365 682 1416 lorem, dicitur calefieri, & non in frigida¬
191 1406 682 1453 ri. D.notificauit quod naturalia in hoc
190 1445 684 1483 differunt ab artificialibus, & dixit:
189 1481 687 1522 non enim est in hoc, &c. i. non enim
197 1518 691 1570 est in generabilibus per naturam, sicut
186 1557 679 1607 est in generabilibus per artem: quoniam
188 1594 686 1648 in quibusdam generabilibus per artem
189 1640 679 1674 deriuatur hoc verbum ab eo, ex quo
190 1671 684 1714 fit transmutatio: & si transmutatio
186 1708 688 1750 non inducat ad illud. Et causa in hoc
188 1756 683 1787 est, quia transmutatio in eis est de
182 1796 688 1834 genere eius, ex quo sit transmutatio,
185 1828 685 1874 magis quae de genere eius, ad quod est
717 173 1201 233 transmutatio: aut ipsam esse de ge¬
714 219 1192 273 nere eius, ex quo sit transmutatio
717 254 1212 298 est famosius, qui ipsam esse de genere
716 295 1205 343 eius, ad quod est transmutatio. vt via,
712 332 1210 375 qua inducit per curationem ad sanita
716 372 1213 418 tem, quae dicitur curari, & medicinari, quod
712 410 1195 450 deriuatur ab hoc vocabulo medicus
716 445 1214 482 & curator, non dicitur sanari: licet
716 485 1203 530 ista via non inducat ad medicinam,
717 524 1203 562 sed ad sanitatem. & qu. d. dispositio enim
714 560 1214 602 in hoc non est sicut dispositio in hoc
720 604 1213 650 quod dicimus, quod via pertransenda
720 636 1212 674 in curatione medicinae, non indu¬
709 676 1205 714 cit ad medicinam, sed ad ssanitatem:
710 714 1202 754 sed nomen eius deriuatur ab eo, ex
712 751 1208 794 quo fit scilicet medicina, non ab eo, ad quod
713 789 1211 834 est. & hoc debet intelligi ex suis ver
719 829 1211 882 pis D.d. & non est talis dispositio na¬
715 876 1215 906 turae, &c. i. & dispositio viae actionis,
711 909 1205 945 medicinae ad sanitatem non est di¬
709 944 1213 986 spositio naturae, quae est via inducens
714 983 1207 1035 ad formam apud illudm, ad quod in¬
715 1020 1205 1069 ducit scilicet quoniam via in rebus generabili¬
715 1062 1198 1106 bus perinaturam est de specie eius
708 1097 1203 1139 ad quod venit: sed differunt secundum ma
714 1138 1202 1189 gis, & minus, hoc igitur nomen na
712 1175 1205 1218 tura deriuatur a nole eius, quod ad¬
710 1213 1204 1250 uenit scilicet cum dicimus ipsum esse na¬
717 1254 1203 1290 turatum. & hoc intendebat, cum di¬
717 1291 1205 1330 xit. sed r aturatum, &c. i. sed natura¬
717 1326 1207 1370 tum ab illo, a quo generatur, ad ali¬
717 1364 1219 1411 quid venit, & dicitur ipsum naturari
721 1412 1211 1455 aliquid: & illud non est illud, ex quo
711 1441 1211 1495 estprincipium generationis, sed il¬
715 1482 1139 1522 lud, ad quod venit generatio.
756 1533 1217 1578 forma itaque natura est. sed
717 1573 1213 1618 forma, & natura dupliciter di¬
714 1628 1220 1659 citur. & enim priuatio forma
717 1667 1217 1707 quodammodo est. si autem est
723 1701 1211 1757 priuatio, & contrarium ali¬
718 1740 1208 1795 quod circa simplicem genera¬
724 1782 1220 1826 tionem, aut non est, posterius
710 1826 1002 1875 consyderandum.
