1416 2066
210 180 741 241 mostratio illius sit illud, in quo pri
220 225 741 282 mo erit cessans AE. impossibile
224 269 741 331 est igitur hoc esse indiuisibile. mo¬
226 316 741 379 tus enim non fit in indiuisibili: nam
222 364 717 426 erit aliquid, & iam ex ipso moue
223 412 731 466 tur. Et declaratum est, quod ces¬
217 458 721 517 sans est motum, &, si fuerit diui
220 508 741 563 sibile, erit cessans in quacunque par
731 173 1241 235 te eius. nam hoc declaratu, quonia,
731 224 1243 283 cum fuerit aliquid, in quo erit pri
731 269 1245 331 mo cessans, tunc cessans erit i quae
731 317 1237 378 cunque parte illius. Et, quia illud, in
742 364 1230 424 quo est primo cessans, est tempus,
746 410 1233 459 non indiu: sibile: omne enim tempus est
745 462 1243 507 diuisibile in infinitum: ergo nihil
731 506 1194 563 est, in quo primo erit cessatio.
213 1164 716 1203 Cum declarauit hoc sermone, re
224 1203 704 1246 petit declarationem per exemplum, & dicit
224 1237 717 1290 Quam neque ex moto, neque ex cessante,
222 1276 706 1314 &c. i. quoniam neque motum, neque cessans
222 1313 707 1363 habet primam partem motus, aut cessa
221 1355 717 1394 tionis. nam si hoc esset, tunc motus, &
226 1388 715 1426 tempus, & vniversaliter continuum componeren
222 1426 711 1476 tur ex indiuisibilibus. D.d. sit igitur
221 1460 714 1512 illud, in quo, &c. i. sit igitur primum
222 1501 707 1550 tpers, in quo erit prima cessatio AB.
223 1536 709 1576 D.d. & impossibile est vt hoc sit indiui¬
220 1575 709 1621 sibile, i. primum tpes, in quo ponitur
229 1610 713 1650 prima cessatio ABE.D.d. motus enim non
220 1645 702 1697 est in aliquo. i. & diximus quod istuo
224 1691 712 1730 primum tempus necesse est vt sit diui¬
225 1729 708 1770 sibile: quia iam declaratum est quod
229 1764 705 1811 omne cessant est motum, a & quod mo¬
228 1796 713 1850 tus non fit in aliquo indiuisibili:
747 1171 1227 1210 quoniam pars recedens, & accedens mo¬
750 1204 1230 1254 tus esset eadem: & sic pars antecedens
746 1236 1233 1290 fuit ex se, & fuit anteque esset. Et hoc
749 1277 1235 1322 intendebat, cum d. nam erit aliquid,
748 1314 1229 1354 & iam mouetur ex seipso, i. nam se¬
748 1357 1236 1399 quitur ex hoc quod aliquid mouetur,
744 1389 1238 1435 ex scipso. & hoc est simile ei, quid di¬
747 1426 1235 1474 xit in initio istius tractatus, quoniam, si
744 1461 1237 1503 motus esset indiuisibilis, tunc res,
740 1501 1233 1539 cum mouetur, iam esset mota. &, cum
743 1535 1235 1578 motus sit diuisibilis, necesse est vt il¬
742 1573 1239 1622 lud, in quo est motus, sit diuisibile,
739 1610 1231 1651 ilicet tempus, & locus. Deinde d. &, si fue¬
738 1644 1234 1690 rit diuisibile, &cet. idest &, si istud
747 1684 1224 1730 primum tempus fuerit diuisibile,
746 1732 1238 1770 vt sumus coacti per rationem, tunc
743 1760 1233 1811 cessans erit cessans in qualibet par¬
749 1796 1237 1843 te eius, sicut in toto: & sic erit ces¬
