1416 2066
212 173 735 221 tus, incoenit dare eam secundam, &
229 216 720 259 dixit: Et forte erit non in re, &c. i. &
227 253 717 306 forte motus erit inaequalis, non per
225 294 712 330 illud, per quod est motus. v. gr. per lo¬
226 328 719 380 cum, neque per tempus, neque per finem.
226 369 715 410 & hoc intendebat, vt mihi videtur, cum
222 406 719 454 dixit: neque in illo ad quod, sed vni
223 440 717 482 uersaliter, &c. i. sed ex ipsius motus
224 485 723 523 natura, aut moti scilicet uando fuerit innata
227 514 719 564 velocitari in quibusdam pertibus & tar¬
229 556 724 596 dari in quibusdam. Et hoc intendebat,
228 596 714 635 vt mihi videtur, cum dixit in eo, quod est i
231 630 721 674 via velocitatis. i. in eo, quod innatum
226 668 713 706 est velocius fieri, aut tardari, est na¬
221 709 722 753 tura ipsius motus, aut moti. Et posui
228 744 718 796 mus hunc sermonen sic. quia caae omnis
228 781 721 826 velocitatis, & tarditatis omnis acentis i
225 820 723 861 motu sunt hae c quatuor scilicet aut diuer
228 856 720 898 sitas eius, per quod est motus, aut di
230 897 727 946 uersitas dispositionis moti in se, aut
228 931 722 971 dispositionis motoris, aut dispositio
223 976 719 1011 nis eius, ad quod est motus, & inten¬
223 1007 726 1056 dit per hunc sermonen quasi determina
224 1046 717 1090 re eauns diuersitatis motus. D.d. in eo,
226 1086 726 1127 quod est solum. i. illud, quod est in via
222 1121 719 1173 velocitatis, & tarditatis scilicet quod aliquand
231 1165 719 1210 velocescit, & aliquando tardat, secundum quod io¬
226 1196 720 1248 lum habet hanc disponem proprie scilicet quia
224 1236 725 1281 hent velocitatem, & tarditatem proprie,
227 1277 725 1323 & solum secundum quod est motum. D.d. mo
227 1309 723 1363 tms igitur, &c. i. cuius velocitas partium
230 1349 720 1399 est eadem: quia hoc est in acentibus
229 1385 719 1426 eiusdem motus. & dixit: & ideo velo
228 1423 715 1473 citas, & tarditas, &c. i. & caum in hoc, quod
229 1462 719 1499 velocitas, & tarditas non sunt diitrurae
225 1498 721 1551 motus: ita, quod motus velox, & tardus
226 1535 716 1578 sint spes eius, est, quia velocitas, &
224 1573 716 1626 tarditas sequuntur vnunquemque modum
226 1606 720 1651 motus. & ista est dispo acentium se
237 1648 711 1701 parabilium scilicet quod inueniuntur in qua
226 1687 719 1735 libet spe quandoque, & non iueniuntur quandoque
229 1725 714 1769 in quibusdam specenbus. D.d. ergo neque
230 1763 723 1810 grauitas, &c. i. & signum eimais, quod veloci
228 1805 721 1843 tas, & tarditas non sunt differentiae
740 173 1259 226 motus: ita, quod per illas diuidatur in speces,
753 219 1240 264 est, quoniam graue, & leue, quando duo illorum
750 253 1249 289 mouentur ad eundem locum, & alterum
750 291 1241 331 est grauius, aut leuius reliquo, tunc al
748 325 1249 371 terum necessario exit velocius reli¬
752 364 1249 410 quo. & motus eorum est idem in specie,
748 402 1236 442 quoniam, si mouentur ad locum terrae, tunc
749 438 1247 482 motus grauioris erit velocior, & v¬
755 475 1239 526 terque est motus idem spe ad me¬
750 514 1243 559 dium. &, si mouentur ad locum ignis,
748 553 1245 594 tunc motus leuioris erit velocior, &
754 592 1240 642 vterque est idem motus in specie, & est mo
748 629 1252 673 tus a medio. & hoc intendebat, cum di¬
746 666 1245 706 xit. v. gr. inducens terram ad terram.
751 704 1245 746 &c. i. &. v. g. motus, qui inducit terram
750 742 1259 792 ad terram, aut motus, qui inducit
752 779 1245 834 ignem ad ignem. v. g. motus ad me
750 818 1021 866 dium, aut a medio.
796 877 1246 931 Vnus igitur irregularis est,
753 916 1247 973 quam est continuus minus autem, quid
750 957 1243 1010 fractae accidit lationi. id autem, quod
755 998 1239 1043 est minus, commistio semper contra¬
746 1040 1249 1091 rum est. Si autem omnem, vnum contingit,
755 1080 1247 1135 & regularem esse, & non, non erunt
752 1123 1244 1161 & ipsi, qui non secundum specem contigui
752 1165 1245 1202 sunt, vnus, & continuus, quomodo enim
757 1212 1247 1257 erit regularis motus ex altera¬
755 1245 1244 1290 tione compositus, & lationcus opor
756 1285 1068 1330 teret enim coaptari.
794 1332 1242 1371 Et dicamus quod motus diuer
747 1365 1247 1433 sus est vnus, cum fuerit cotinuus. sed
751 1416 1239 1470 est in hoc minus. et hoc accidit tra
751 1469 1243 1522 stationi secudum tortuositatem. et mi
749 1509 1243 1571 nus semper est per mixtionem contra
745 1565 1238 1620 riorum. Si igitur omnis motus vnus
744 1613 1242 1668 possibile est vt sit secudum aequalita
746 1650 1239 1714 te, aut inaequalitate, possibile est
756 1693 1239 1754 vt motus seseus no secudum spem, sit
741 1741 1247 1802 idem motus continuus. quonia impossi
743 1789 1245 1851 bile est vt motus copositus ex alte
