1416 2066
200 181 705 235 corpus, cum ens apud eos sit ens prin¬
211 221 704 272 cipaliter: & corpus dicitur de substantia
210 261 709 311 & quantitate: erit igitur commune ad esse
213 300 715 338 substantiae, & ad esse quantitatis. Et
206 334 710 379 fortem intendit, quod, si ens fuerit vnum,
208 379 699 433 impossibile est vt sit corpus. nam corp
209 411 680 458 est diuisibile. & hoc est manifesti
219 453 706 498 vt mihi videtur. D.d. incoepit con¬
209 494 710 530 tradicere eis alio modo, & dixit: &
212 526 707 570 manifestum est, & c. i. & vniversaliter iue ere
207 570 715 611 diderint ipsum esse corpus, siue non,
214 612 718 650 necesse est vt habeat definitionem,
216 644 713 690 ex qua intelligatur eius substantia, scilicet
214 681 713 734 vt habeat aliquid quasi genus, & ali¬
210 725 714 762 quid quasi differentiam. D. induxit
212 759 713 810 exemplum, & dixit. v. g. homo, &c.
211 797 717 853 i. v. g. quoniam, si posuerit quod ens, quod est
220 836 714 881 vnum apud eos, sit homo, necesse est,
216 877 710 915 vt animal, quod est penus homns, & bipes
212 903 715 955 quod est eius differentia, sint entia
213 951 713 994 in rei veritate: nam partes rei, quae
214 989 712 1043 sunt secundum definitionem, pcedunt rem
219 1029 705 1078 in esse. D.dedit rationem super hoc &id
199 1069 706 1106 xit: nam si non fuerint, &c. i. animal enim
220 1105 710 1145 & bipes, si non fuerint de natura il¬
224 1147 711 1187 ius, quod est ens, ergo erunt accidem
215 1183 713 1226 tia in eo: & tunc, aut erunt acciden¬
223 1222 711 1270 tia honi, aut alteri subiecto: sed ipos¬
218 1260 717 1299 sibile est vt animal bipes sint accidentia
216 1297 698 1338 hoi. Accidens enim inuenitur duob
216 1335 710 1389 modis, aut separatum, quod quandoque
219 1373 715 1418 est in fe, & quandoque non, vt sessio, aut
222 1420 709 1465 non separatum, & est illud, in cuius
222 1453 709 1501 dlefinitione accipitur illud, cuius est ac¬
216 1490 714 1544 cidens. v. g. simitas, quae accidit naso:
216 1528 706 1570 nasus enim accipitur in eius definitio
213 1569 705 1617 ne. D.induxit impossibile, quod sequitur,
209 1605 707 1650 si animal, & bipes fuerint alterius duo¬
217 1645 605 1691 rum modorum accidentis.
257 1709 709 1768 Amplius quaecunque in defini
208 1763 704 1810 tiua ratione insunt, aut ex qui¬
217 1797 705 1842 bus sunt, in ratione horum non
214 1838 714 1883 inest ratio totius. vt in bipede ratio
738 180 1236 233 homins, aut in albo ratio albi homins,
737 228 1230 266 Si igitur haec hoc se habent modo.
738 268 1246 312 & homini accidit bipes. necesse
738 309 1241 366 est separabile esse ipsum, quare
744 349 1240 394 continget vtique non bipedem esse
743 393 1245 434 hominem, aut in ratione bipedis
742 434 1239 482 inerit hominis ratio. sed impos¬
739 474 1235 520 sibile est. illud enim in tillius ratio¬
743 517 1244 562 ne inest. Si autem alii accidunt bi
742 564 1235 606 pes, & animal, & non est vtrun
741 594 1233 651 que quod vere est aliquid, & homo
739 639 1203 683 vtique erit accidentium alteri.
791 685 1247 738 Et dicamus etiam quod illa, quae deci¬
732 736 1235 794 piuntur in definitione definicte rem,
737 783 1233 834 aut illa, ex quibus inuenitur res
738 828 1243 890 impossibile est vt ratio illius rei vni
741 876 1241 938 uersalis accipiatur in ratione illa¬
739 924 1241 989 rum reru. v. g: vt ratio hominis ac
746 973 1232 1034 cipiatur in bipede, aut ratio hois
741 1021 1247 1083 albi accipiatur in albo. Et si illa
745 1068 1239 1130 sunt talia, & bipes accidit homi¬
736 1117 1236 1178 ni, necesse est autem vt aut illud
735 1172 1235 1227 separatum sit, ita quod sit possibi¬
739 1213 1241 1274 le vt homo non sit bipes, aut ratio ho¬
741 1261 1245 1323 minis accipiatur in ratione bipe¬
736 1308 1232 1371 dis. sed hoc est impossibile, nam hoc
741 1356 1235 1418 accipitur in definitione illius. Et,
743 1404 1243 1458 sibipes, & aial accidant alteri, et
743 1449 1240 1510 vtrunque etiam non est illud, quod
743 1497 1241 1560 est ens, necesse est vt homo sit vnum
744 1543 1164 1594 de rebus accidentibus alteri.
781 1611 1256 1650 Dicit: &manifestum est etiam quod :
732 1645 1232 1698 illa, quae accipiuntur in definitione,
738 1688 1234 1732 vel ratione definiente rem, impossibile est
740 1725 1238 1774 vt in definitionibus illorum accipian
742 1770 1234 1803 tur illae res: quoniam partes definitionis
744 1798 1241 1849 praecedunt definitum, non definitum
738 1837 1242 1891 praecedit definitionem. v. gr. vt ho¬
