1416 2066
189 183 689 231 in finibus rerum generabilium, ideo finis
189 217 692 271 gnationis est alia a fine generati. v.
195 255 680 308 g. quoniam finis homins in gneratione est iue
202 293 691 339 nire suam primam perfectionem, & finis
202 332 691 382 eius, secundum quod est ens, est ipsum esse in
200 372 694 410 sua vltima perfectione. & ideo dixit:
202 410 696 450 Et multotiens. & intendit per. illa tria
203 447 683 491 Agens, & Eormam, &Einem, sicut dixim
242 493 693 530 Atque omnino quaecumque mota mo
204 530 699 579 uent, quaecunque autem non, a non
204 569 696 618 amplius Physicae sunt: non enim in
203 613 696 658 seipsis habentia motum, aut pri
207 653 697 698 cipium motus, mouent, sed im¬
189 693 696 747 mobilia sunt. Quamobrem Tria
202 740 703 792 sunt negocial, hoc quidem circa
206 777 702 819 mobile, illud vero circa mobile
208 821 694 870 quidem, sed incorruptibile, aliud
207 865 617 906 autem circa corruptibilia.
251 901 697 962 Et vniuersaliter esne, quod, cum
201 949 701 1010 mouet, mouetur, quod aut non est
199 996 697 1058 ita, non est de scientia Naturali.
198 1044 698 1106 de enim quod est huiusmodi, no mo
196 1093 693 1154 uet, quia in eo est motus, aut prin¬
202 1141 694 1204 cipium motus, sed mouet, quia est
203 1188 693 1234 immobile. Et ideo modi scietiae Sui
206 1237 699 1298 Tres. Vnus enim cosyderat de eo, quod
189 1285 691 1338 mouetur, sed est corruptibile, Se¬
202 1333 689 1387 cundus autem consyderat de eo
200 1381 697 1439 quod mouetur, sed non est corrupti
203 1428 701 1474 bile, Tertius autem consyderat de.
202 1477 705 1538 eo, quod non corrumpitur neque
208 1532 343 1571 mouetur.
245 1572 705 1621 Idest omne, quod, cum mouet, mouetur,
206 1612 698 1666 quaruntur in eo quatuor emamae, cum sit de
204 1649 700 1691 sienta Naturali: quid autem mouet, sed non
206 1693 698 1732 mouetur, neque ex se, neque ex alio, est mo
206 1725 707 1762 uens, & non motum: & ista est fora
204 1770 699 1810 abstracta a materi. D.d. non mouet, quia
202 1805 700 1850 in eo est motus, &c. i. non mouet, quia
204 1840 711 1882 est motum ab alio, & non est motum
726 172 1213 219 ex se. PHoc autem, quod dixit, quod modi
717 220 1211 258 sciae sunt tres, habet quodnem. Vnus enim
716 256 1209 307 modoruntrium seniae est senia, quae consy
725 294 1211 332 derat de rebus mobilibus. & est sena
720 333 1205 378 Naturalis. Secundus est, qui consy¬
726 373 1219 411 derat de rebusimmobilibus, sed sunt
725 409 1217 450 in mobilibus: & est senta Mathema¬
723 449 1219 493 tica: mobilia autem corruptibilia, &
727 490 1223 538 mobilia incorruptibilia sunt vnius
729 525 1219 566 scniae. c Et ideo forte hic non inten¬
727 563 1223 617 dit dicere modos artium speculatiua¬
722 605 1221 642 tiuarum, sed dicetur modos entium diuer
726 645 1224 695 sorum, de quorum vnoquoque oportet
733 681 1219 733 dicere per se. ista enim genera, quae dixit, sunt
726 719 1214 771 ganera diuersa. & d scenia Diuina non
732 761 1215 801 consyderat de rebus abstractis taneu,
728 799 1214 850 sed & de rebus existentibus, secundum quod exi
731 837 1217 875 stunt. & ideo, cum ens diuiditur secundum con
728 877 1225 920 syderationem demtratiuam, intrabit
728 923 1218 962 vna natura in duas artes, vt consyde
722 957 1216 994 ratio Mathematici, & Diuini de nu
731 992 1227 1045 mero, & similiter consyderatioMathema
726 1036 1218 1073 tici, & Naturalis in corpore, & linea
730 1069 1213 1122 & superficie. Hic igitur non intende
735 1108 1213 1160 bat diuidere artes, sed dicere gene
722 1149 1221 1187 ra entium, quae sunt diuersarum na
731 1193 1223 1234 turarum, &, cum consyderantur, in
730 1222 1098 1266 ueniuntur, sicut dixit, tria.
732 1261 1224 1319 Quare ipsum perper quid, & ad ma
731 1302 1224 1355 teriam reducenti redditur, & ad ip
728 1345 1221 1386 sum quod quid est, & primum
731 1396 1219 1434 mouens. de generatione enim maxime
727 1428 1223 1483 hoc modo causas consyderant, quid
732 1477 1220 1524 post quid fiat, & quid primum
733 1508 1220 1554 fecit, aut quid passum est, & sic
730 1551 1152 1604 semper quod deinceps est.
773 1594 1220 1652 Necesse est igitur vt responsi
733 1637 1231 1699 ad quare reducatur ad materiam
731 1685 1235 1752 & ad quid est, & ad primu mo¬
728 1733 1228 1794 torem. perscrutari enim de gene¬
737 1780 1237 1842 ratione est hoc modo, ita quod
739 1828 1234 1890 consaderetur quid est post quid,
