1416 2066
164 179 672 218 igo est quiescens in eo. D.iduxit mi¬
192 221 685 267 norem propositionem, & dixit: & tran¬
188 254 676 305 slatum semper est in instanti. i. & est
184 300 674 342 notum per se quod translatum est in in
182 332 672 381 stanti in logitudine aequali sibi. Et
186 367 672 410 cum induxit haes duas propositiones
178 405 682 456 induxit conclusionem, & dixit: ergo
178 442 674 492 sagitta, &c. i. cum translatum est in
179 482 673 531 longitudine sibi aequali: & omne,
182 524 677 568 quod est tale, est quiescens: ergo &
180 557 682 594 translatum. &, si esset velocissimum
178 592 677 634 omnium. v. g. sagitta est immobilis
176 630 478 682 ergonihil est motus.
225 685 680 726 Hoc autem salfum est. non enim
187 725 672 770 componitur tempus ex ipsis nunc
181 770 681 810 indiuisibilibus, sicut nec alia ma
183 804 401 859 gnitudo vlla.
227 844 677 890 Sed hoc est falsum. tempus enim
183 896 667 946 non componitur ex instantibus in¬
182 933 675 994 diuisibilibus: similiter neque, aliqua
189 981 552 1042 aliarum magnitudinum.
183 1037 670 1090 Quia tempus non componitur ex
186 1077 671 1115 instantibus, iccireo in instantibus non
184 1115 669 1165 non fit motus, neque quies. &, quia
182 1155 677 1194 translatum in instanti non est quie
185 1189 673 1233 scens: ergo non est in longitudine
189 1229 669 1266 sibi a: quali, nisi in potentia, non in
180 1262 670 1306 actu. Et causa in hoc est, quoniam istans
185 1299 667 1338 non est in actu in tempore: & ideo
191 1345 666 1380 motum non est in longitudine sibi
183 1375 671 1418 aequali, nisi in potentia: & sic non se¬
182 1412 673 1451 quitur vt sit quiescens. & ideo dixit:
182 1450 670 1495 ued hoc est falsum, &c. i. & ista quod
187 1490 681 1530 contingeret, si instans in actu esset.
179 1525 669 1563 in tempore, ita, quod tempus esset com
180 1563 667 1609 positum ex instantibus: quoniam tunc non
182 1597 675 1648 esset motus omnino. Deceptio igitur
186 1645 672 1687 est in propositione. dicente quod omne,
189 1677 673 1725 quod est in longitudine sibi aequa¬
182 1707 670 1754 li, est quiescens. hoc enim est verum in
181 1749 662 1799 illo, quod est in longitudine sibi ae¬
183 1787 668 1834 quali in actu, non in potentia: & res
709 178 1216 235 mota est in longitudine sibi aequali¬
709 218 1211 267 in potentia. & ideo, cum mouetur per
708 253 1211 304 magnitudinem, non deseribit pun¬
709 292 1201 343 ctum, & motum. &, quia pertransit
714 327 1202 373 sparium, necesse est mensurare illd.
712 365 1212 416 &, quia mensuraet illud, necesse est vt
709 405 1201 443 sit ex eo m longitudine sibi aequali¬
709 438 1207 483 nam mensurans est huiusmodi. er¬
708 485 1206 528 go, cum potentia non distinguatur,
703 515 1180 554 ab actu, accidit quaestio &enonis,
753 589 1197 635 Quatuor autem sunt rationes
702 632 1196 675 de motu Senonis, praebentes dif¬
709 671 1201 715 ficultatem foluentibus. Prima
711 713 1194 772 quidem est ea, quae de ipso non
702 756 1201 795 moueri est, propterea quod prius ad
702 797 1196 842 medium oportet peruenire: id,
701 835 1204 876 quod fertur, quae ad finem: de qua
707 874 1197 915 diuisimus in prioribus rationibus
746 924 1201 962 Et rationes &enonts in motu,
701 956 1193 1024 quae difficile soluuntur, sunt qua¬
700 1020 1199 1066 tuor. Prima autem est. quonia ma
706 1052 1203 1107 tus non est, quia translatum debet
704 1101 1197 1160 peruenire ad medietatem spatu an¬
700 1145 1199 1202 tequam ad finem: & iam deter¬
704 1189 938 1251 minauimus hoc.
739 1253 1216 1298 Cum fuit coactus ad dissoluendum 7
707 1293 1192 1351 quaestionem &enonis in motu, in¬
703 1319 1197 1369 duxit quaestiones illius in motu, &
698 1367 1199 1418 dixit eas esse quatuor. Prima autem
697 1404 1197 1443 est quod, si motus sit, necesse est vt tran¬
703 1445 1199 1484 slarum pertranseat medietatem ma¬
697 1478 1193 1528 gnitudinis ante totum, & medieta¬
703 1517 1197 1562 tem illius medietatis ante illam, & sic
698 1553 1194 1595 in infinitum. vnde necesse est ipsum
700 1590 1196 1644 pertransire medietates scilicet magnitudi
701 1628 1193 1679 nes infinitas, in tempores finito, quod
699 1671 1181 1706 est impose. Et iam determinauimus
698 1703 1179 1747 hoc superius. sed illic contradiximis
705 1741 1185 1793 ci secundum sermonem, & post contradice
695 1781 1062 1835 tur secundum ipsam tem.
