1416 2066
279 213 631 257 SVMMA SECVNPA,
209 254 704 294 In qua agitur de Vnitate, & Pluralitate
234 293 335 323 motus.
210 357 702 402 Quid sit simul, quid Separatim, quid
251 391 666 446 Tangere, quid Inter, quid Conse¬
273 430 638 482 quenter, quid Contiguum, et quid
311 468 603 522 Continuum. Cap. 1.
364 532 697 579 Ost haec autem dica¬
374 575 699 626 mus quid est Simul,
337 616 704 665 Al& Separatim, et quid
307 654 697 704 ael est Tangere, & quid
212 692 693 747 est Inter, & quid Consequeter,
206 742 698 787 & quid Contiguum, et quid Com
212 778 701 826 tinuum, & quibus vnunquodque
209 816 707 859 horum inesse aptum natura sit.
261 869 700 930 Manifestum est igitur ex his
210 916 697 978 dictis, quid est motus, et quid est
215 961 699 1018 quies, & quot sunt transmutatio
208 1005 706 1066 nes. Dicamus nuc igitur quid est
208 1060 707 1114 Simul, & quid est Separatim, et
211 1100 703 1162 quid est tangere, & quid est in¬
204 1149 701 1207 ter, & quid est Sequi, & quidam
207 1193 705 1242 Succedere, & Continuari, et vnu¬
214 1239 699 1298 quodque istorum, in quibus inna¬
197 1289 473 1337 tum est inueniri.
248 1341 700 1386 Declaratum est igitur ex dictis
210 1381 703 1418 quid est motus in rei veritate, & quo
208 1416 705 1458 rum est definitio motus pdicta in
210 1454 706 1503 Tertio: quoniam illic non distinxit inter
211 1493 700 1539 generationem, & corruptionem, & alios
216 1534 696 1575 motus, hic autem declarauit quod illa de¬
213 1565 701 1602 finitio non dicitur simperitur, nisi de istis tri¬
214 1601 703 1651 bus tameni. perfectio enim quae accepta est
210 1637 699 1688 in definitione motus, quae est tanque
210 1676 696 1721 genus, non inuenitur in transmutatio¬
213 1710 703 1763 ne, quae est in generatioe, scilicet quoniam a in
215 1747 691 1798 ea non est perfectio diminuta de ge
197 1784 692 1827 nere eius, ad quod est motus scilicet a gene¬
728 173 1225 233 re perfectionis completae. & causa in
731 218 1223 261 hoc est, quoniam forma est indiuisibilis,
730 255 1215 298 & quia generatio est de non esse. D
731 293 1221 343 d. & quid est quies scilicet quies opposita
731 333 1225 370 vero motui. D.d. & quot sunt trans¬
734 368 1222 418 mutationes, i. transmutationes, quae
734 412 1220 455 non sunt motus, quae inueniuntur
730 444 1218 482 in substantia, & in aliis praedicamen¬
735 482 1220 522 tis praeter tira. Et intendit quod in hoc
735 517 1217 563 sermone distinxit veram transmu¬
730 557 1225 605 tationem a vero motu. Et, quia in hoc
732 593 1215 635 sermone declarata sunt haec dicta,
734 630 1216 681 incoepit hic quaerere secundum descriptio¬
733 668 1223 717 nem, & sermones facientes scire illa, quae
727 703 1221 757 accidunt motui, vt fiat praeparatio
728 744 1212 787 ad illud, quid vult perserutari de na
739 783 1221 818 ta continui, & d. Dicamus nunc, &c.
728 821 1222 869 idest dicamus igitur nunc intentio
730 857 1223 905 nem eius, quid dicimus corporae esse
736 895 1231 938 Insimul, & Separatim, & Continua,
735 933 1227 970 & Consequentia, & quid est intentio
731 970 1233 1021 istius propositionis, Inter, quae est ne
735 1013 1225 1050 cessaria in motibus. D.d. & vnum¬
731 1044 1231 1097 quodque istorum, &c. i. &, cum exposue
727 1081 1231 1122 rimus istas intentiones declarabimus
733 1120 1216 1170 subiecta propria. vnicuique eorum. v. v
732 1141 1230 1205 quonidam, cum fuerit declaratum quid est
731 1193 1227 1234 continuatio, declarabitur, quae sunt
731 1237 1233 1274 res continue, & quae sunt res non co
733 1269 1105 1323 tinuae, & similiter de aliis.
774 1341 1227 1386 Simul igitur dicuntur haec esse
726 1388 1220 1439 secundum locum, quaecunque in vno loco
736 1425 1221 1476 sunt primo. Separatim autem, quae¬
735 1469 1219 1514 cunque sunt in altero. Tangere au¬
731 1506 1218 1546 tem, quorum extrema sunt simul.
734 1545 1221 1596 Inter vero, in quod prius aptum
729 1581 1219 1626 natura est peruenire id, quod mu¬
733 1622 1217 1666 tatur, quam in quid vltimum muta¬
735 1669 1223 1707 tur, secundum naturam continue mu¬
734 1704 1222 1746 tationem patiens. in paucissimis
732 1743 1223 1786 autem est inter, tribus. vltimum
726 1786 1221 1827 enim est mutationis contrarium.
