1416 2066
188 173 691 226 principium motus, de quo declaratum es
210 215 693 260 quod, si fuerit ens, non erit idiuisibile, &
213 250 691 299 declarauit ipsum esse nin ens, nisi in po¬
215 291 691 338 tentia scilicet secundumquod istans est in tpe, & d. primum
216 332 687 377 vero, &c. i. principium vero transmuta¬
214 365 692 414 tionis, de quo diximus quod, si fuerit ens,
208 399 694 451 quod non erit diuisibile, non est necesse vt
213 437 690 482 fit eus omnino, quia est indiuisibile in sua
209 478 682 523 natura, scilicet principium, secundum quod est pricipium
208 515 695 554 D.d. quoniam transmutatio non habebit
208 551 694 591 principium, &c. i. quoniam trasmutatio n ha
214 585 691 640 bebit principium, quae est transmutatio. nam
210 622 682 673 pricipium est indiuisibile, & transmuta
212 655 689 706 tio est diuisibilis. neque etiam in hoc tpre,
206 700 687 740 quod est idiuisibile cadit tramsmutatio:
208 734 694 780 quoniam tiansmutatio est diuisibi is, &
206 773 694 822 non cadit nisi in tpere diuisibili, vt de¬
210 813 674 850 claratum est in initio istius tractatus
208 853 692 897 & hoc intendebat, cum d. Sit igitur pri¬
202 893 688 935 mum, &c. i. sit igitur primum eius, in quo
206 924 692 972 esmt transinutatio. v. g. primum spatil Ab.
202 960 694 1003 D.d. istud primum igitur &c. i. sequetur igitur
202 995 693 1047 vt primum sparii, in quo est motus in
204 1035 691 1074 actu, non sit indiuisibile, sed diuisibi
201 1071 691 1117 le necessario. Et, cum narrauit quodistud
202 1109 692 1155 primum debet esse diuisibile econtrario
202 1145 689 1194 primo, quid est pricipium eius, in quo est
206 1189 696 1241 motio moti in initio eius, quoid moue
188 1220 687 1271 tur, & est principium motus ei, dedit in¬
202 1258 697 1298 possibia cosequetia, si ponatur idiuisibi
199 1293 697 1347 se, & d. quoniam sequitur, si fuerit indiuisibile,
201 1332 687 1382 &c. i. quoniam, si principium eius, in quo de¬
204 1369 690 1419 mtratur motus, fuerit indiuisibile, ita, quod
211 1405 690 1461 sit pers motus, contingit motum inueniri
202 1444 693 1482 in spatio indiuisibiu, & tpere idiuisibi¬
204 1481 689 1522 l scilicet istanti. & sic tpeos, & motus erunt com¬
206 1516 695 1568 posita ex idiuisibilibus, quod est ipossibile.
200 1556 687 1606 D.d. Et etiam, si in tgere CcA, &c. i. & si pers
204 1592 687 1644 tperis, in qua est initium qetis, fuerit pers, in
199 1637 691 1679 qua est vitimum motus, secundum quod est aliquid in¬
196 1668 691 1718 diuisibile, cum instans non sequitur initans,
198 1704 689 1747 neque inter finem quetis, & inium motus est
203 1746 686 1790 rpos, manifestum est quod, si in hac pre tpis i
194 1786 690 1827 diuisibilis fuerit possibis motus, possibis
727 173 1223 226 erit ques: & sic res erit mota, &qescens,
724 213 1212 264 in eodem: quia finis est quetis, & initium
722 253 1208 306 motus. Ponatur igitur scilicet motum moueri
722 289 1207 330 in toto tpe AD, & ponatur etiam ipsum
722 325 1206 373 quiescere in fine istius temporis, scilicet p,
722 364 1203 416 mouetur igitur etiam in initio eius, quid est A
721 405 1205 444 eroo necesse est, si ille finis, & initium,
723 431 1209 490 quod est indiuisibile, posset in eo fieri
725 476 1205 529 motus, & quies, vt illud, quid moue¬
722 517 1207 565 tur in eo, sit quiescens, & motum in¬
723 554 1211 603 simul. quoniam in Ap, quod est indiuisibi¬
723 591 1199 643 le, erit quiescens, secundum quod est finis que
723 629 1213 679 tis, & erit in A motum, secundum quod est ini¬
722 672 1208 706 tium motus: & sic in eadem re erit
718 704 1145 749 quiescens, & motum insimul.
766 789 1208 834 Quoniam autem non est imparti¬
720 832 1210 874 bile, necesse est diuisibile esse, et
720 872 1211 914 in quauis partium huius mutatum
724 913 1211 954 esse. Diuiso enim ipso AD, si in neu
721 957 1213 996 tra quidem mutatum est, neque in ip¬
720 999 1208 1042 so toto. si vero in ambabus mu¬
721 1037 1211 1082 tatur, & in toto. si autem in altera mu
723 1077 1217 1126 tatum est, non in toto primo, qua
722 1116 1214 1172 re necesse in quauis mutatum esse.
720 1157 1216 1207 manifestum igitur est quod non est
721 1196 1213 1251 in quo primo mutatum. est in
718 1244 1156 1282 finitae enim diuisiones sunt.
768 1285 1209 1346 Si igitur ADnon est indi¬
718 1332 1204 1392 sibile, necesse est vt sit diuisibi¬
719 1381 1203 1440 le, & in quolibet istius accipiatur.
726 1425 1212 1475 transmutabitur in eo, quando A
721 1472 1204 1530 Ddiuidetur. Et, si non transmu¬
721 1517 1216 1578 tatur, neque in altera duarum
718 1565 1209 1626 partium. ergo neque in toto tranf¬
719 1612 1211 1673 mutabitur. et, si in eis semper tras¬
721 1658 1208 1715 mutatur, ista erit dispo eius i toto.
716 1705 1215 1763 et, si trasmutatur i altero, no erit
716 1749 1206 1810 priinu eius, i quo trasmutatur to¬
