1416 2066
182 180 680 227 Sed accidit & haec ab aliquo
194 220 676 265 semper moueri. fiet autem vtique ma¬
194 260 689 307 nifestum diuidentibus causas. Est
198 305 680 354 autem & in mouentibus accipere qua
197 343 685 386 dicta sunt. Alia enim praeter natu¬
190 381 689 426 ram ipsorum motiua sunt, vt vectis
197 433 682 466 non natura ponderis motiuus est
195 465 685 506 Alia vero natura, vt actu cali¬
194 509 689 546 dum motiuum est calidi potentia.
190 544 692 586 similiter autem & in aliis huiusmodi. Et
197 585 683 628 mobile quoque similiter natura,
199 637 691 674 quod est potentia quale, aut quan
197 671 687 714 tum, aut vbi, cum habeat pricipium
200 708 685 755 tale in seipso, & non secundum accidens.
194 748 683 797 erit enim idem, & quantum, & quale,
196 797 686 835 sed alterum alteri accidit, & non se
197 832 687 874 cundum se inest. Ignis itaque, &
198 874 678 914 terra mouentur ab alio, violen
201 916 687 963 tia quidem, cum praeter naturam,
196 957 683 993 natura autem, cum ad suos ipso
199 997 664 1042 rum actus potentia existunt,
238 1044 681 1103 Sed sequitur in istis, si mouen¬
193 1093 691 1146 tur naturaliter, vt semper mouea
197 1136 683 1195 tur ab alio. & hoc apparet diui¬
194 1181 683 1250 dendo causas. Et debemus accipe¬
198 1228 681 1282 re in motoribus et illas intentioes,
194 1277 690 1340 quas diximus Quemadmodum enim
194 1334 681 1378 quaedam sunt mota extra naturam,
208 1373 682 1432 v. g. quonia sagittam manganella
191 1417 692 1475 mouere lapidem non est naturale: Et
194 1464 686 1526 quaedam naturaliter, v. g. quod ca
194 1501 683 1570 lidu in actu mouet calidu in poten
198 1557 686 1612 tia. & secundum hunc modum est
197 1604 681 1658 dispositio de alus similibus. Et si¬
199 1645 683 1706 militer etiam illud, quod mouetur na¬
195 1696 689 1755 turaliter, est illud, quod est in po¬
195 1745 681 1802 tentia quale, aut quantum, aui
202 1788 691 1850 vbi, cum principiu, quod est tale,
715 180 1228 228 fuerit in eo non accidentaliter. idem3
717 223 1215 282 enim est quale, & quantu, sed alterum
712 268 1209 330 eorum est in altero per accidens, no
719 325 1207 378 per se. Ignis igitur, & terra mo¬
719 364 1217 423 uentur ex alio, aut violente, quan
717 417 1213 458 do mouentur extra naturam, aut
717 453 1215 514 naturaliter, quando mouentur ad
711 501 1205 562 suas actioes, quas habent i potentia.
754 557 1208 595 Cum declarauit quod illa, quae mouen
717 590 1213 642 tur naturaliter, quae sunt carentia ani¬
716 637 1215 678 mabus scilicet corpora simplicia non mo¬
714 666 1209 706 uentur ex se, fuit necesse vt moue¬
718 705 1204 746 rentur ex aliquo extrinseco. omne
718 740 1206 786 enim motum ab aliquo, necesse est aut
722 780 1206 817 vt motor sit in eo: & tunc erit mo¬
719 815 1209 858 tum ex se: aut extra illud. Et forte hoc
714 857 1216 901 non sequitur, nisi cum declarabitur quod omne
714 893 1206 931 motum habet motorem: & quod nihil mo
720 935 1205 981 uet se ita, quod motor sit ipsum motum.
714 966 1209 1010 Cum igitur declarauit, sicut diximus,
714 1005 1208 1054 quod illa, quae mouentur naturaliter, &
716 1045 1213 1085 carent animabus, non mouentur ex se, di¬
713 1079 1215 1131 xit: Sed sequitur in istis, &c. i. & se¬
727 1120 1209 1169 quitur ex sermone pdicto vt non mo¬
720 1156 1211 1202 ueantur nisi ab aliquo extrinseco, cum
719 1204 1215 1234 non moueantur a principio in eis. D.in¬
717 1237 1217 1282 coepit declarare hoc alio modo, & d. &
717 1270 1203 1321 hoc apparet diuidendo causas, &c.
715 1308 1209 1356 i. & apparet etiam quod ista, quae mouen¬
718 1348 1205 1386 tur naturaliter, & non animata, sunt mo
716 1385 1208 1427 ta naturaliter ab aliquo extrinseco,
719 1422 1213 1469 diuidendo causas in suas primas spe
723 1458 1205 1499 cies. deinde accipiemus similia il¬
714 1497 1213 1539 lis in motoribus. mouentia enim sunt,
725 1541 1211 1571 vnus modorum causarum. Et inten¬
722 1572 1211 1618 debat quod, quia causae diuiduntur pri
720 1608 1213 1649 mo in duas partes, quarum vna est vt
718 1645 1216 1686 sint causae secundum violentiam, secunda vt
717 1685 1210 1722 sint causae secundum naturam, necesse est vt
716 1725 1213 1762 mouentia diuidantur in has difas par
716 1756 1215 1794 tes. Et hoc intendebat, cum d. Et de¬
714 1794 1219 1834 bemus accipere, &c. i. & debemus di¬
