<?xml version="1.0" encoding="UTF-8" standalone="yes"?>
<PcGts xmlns="http://schema.primaresearch.org/PAGE/gts/pagecontent/2013-07-15" xmlns:xsi="http://www.w3.org/2001/XMLSchema-instance" xsi:schemaLocation="http://schema.primaresearch.org/PAGE/gts/pagecontent/2013-07-15 http://schema.primaresearch.org/PAGE/gts/pagecontent/2013-07-15/pagecontent.xsd">
    <Metadata>
        <Creator>prov=University of Rostock/Institute of Mathematics/CITlab|PLANET AI GmbH/Gundram Leifert/gundram.leifert@planet-ai.de:name=cod-dsKs3a-m1(htr_id=29297)::::v=2.6.7
prov=University of Rostock/Institute of Mathematics/CITlab|PLANET AI GmbH/Tobias Gruening/tobias.gruening@planet-ai.de:name=de.uros.citlab.module.baseline2polygon.B2PSeamMultiOriented:v=2.6.7
prov=University of Rostock/Institute of Mathematics/CITlab|PLANET AI GmbH/Tobias Gruening/tobias.gruening@planet-ai.de:name=/net_tf/LA73_249_0mod360.pb:de.uros.citlab.segmentation.CITlab_LA_ML:v=2.6.6
Transkribus</Creator>
        <Created>2021-01-11T16:37:55.819-05:00</Created>
        <LastChange>2021-02-13T09:08:37.394+01:00</LastChange>
        <TranskribusMetadata docId="570401" pageId="23568859" pageNr="850" tsid="52611621" status="IN_PROGRESS" userId="25065" imgUrl="https://files.transkribus.eu/Get?id=ADAPKDQZAAIDIZIXOQNYXPHK&amp;fileType=view" xmlUrl="https://files.transkribus.eu/Get?id=OFMWOSJULQNQQPYARELOTZFQ" imageId="18093746"/>
    </Metadata>
    <Page imageFilename="Averroes_Physica_JuntSecunda_04-0850.jpg" imageWidth="1416" imageHeight="2066">
        <ReadingOrder>
            <OrderedGroup id="ro_1613222919031" caption="Regions reading order">
                <RegionRefIndexed index="0" regionRef="TextRegion_1613155545647_6006"/>
                <RegionRefIndexed index="1" regionRef="TextRegion_1613155545647_6005"/>
            </OrderedGroup>
        </ReadingOrder>
        <TextRegion orientation="0.0" id="TextRegion_1613155545647_6006" custom="readingOrder {index:0;}">
            <Coords points="215,141 736,141 736,1893 215,1893"/>
            <TextLine id="line_1613155524014_5970" custom="readingOrder {index:0;}">
                <Coords points="210,218 710,221 710,178 210,187"/>
                <Baseline points="215,210 226,210 252,210 279,210 306,209 332,209 359,209 385,209 412,209 439,209 465,209 492,209 518,210 545,210 572,210 598,210 625,211 651,211 678,211 705,212"/>
                <TextEquiv>
                    <Unicode>i. eo quod circulus mouetur circa finem,</Unicode>
                </TextEquiv>
            </TextLine>
            <TextLine id="r1l4" custom="readingOrder {index:1;}">
                <Coords points="216,259 715,258 715,222 216,228"/>
                <Baseline points="221,248 246,248 272,247 298,247 323,247 349,247 375,247 401,247 426,247 452,247 478,248 504,248 529,248 555,248 581,248 607,248 632,249 658,248 684,248 710,248"/>
                <TextEquiv>
                    <Unicode>non ad eum. &amp;, quia finis eius prmanens in</Unicode>
                </TextEquiv>
            </TextLine>
            <TextLine id="r1l6" custom="readingOrder {index:2;}">
                <Coords points="216,298 694,298 710,290 710,259 561,271 216,261"/>
                <Baseline points="221,285 246,285 271,284 297,284 322,284 348,284 373,284 399,284 424,284 450,285 475,285 501,285 526,286 552,286 577,286 603,286 628,286 654,286 679,286 705,285"/>
                <TextEquiv>
                    <Unicode>eodem loco est. ergo permanens est vno</Unicode>
                </TextEquiv>
            </TextLine>
            <TextLine id="r1l8" custom="readingOrder {index:3;}">
                <Coords points="214,330 712,330 712,301 214,302"/>
                <Baseline points="219,323 244,322 270,322 296,322 321,322 347,322 373,322 398,322 424,322 450,322 475,323 501,323 527,323 552,323 578,324 604,324 629,324 655,324 681,323 707,323"/>
                <TextEquiv>
                    <Unicode>modo, &amp; mota continue alio modo. mota</Unicode>
                </TextEquiv>
            </TextLine>
            <TextLine id="r1l10" custom="readingOrder {index:4;}">
                <Coords points="215,372 652,377 711,370 711,340 318,342 295,329 215,342"/>
                <Baseline points="220,359 245,359 271,359 296,359 322,359 347,359 373,359 399,359 424,359 450,359 475,360 501,360 526,360 552,360 578,360 603,360 629,360 654,361 680,361 706,361"/>
                <TextEquiv>
                    <Unicode>quidem, eo quod non peruenit ad finem: quie¬</Unicode>
                </TextEquiv>
            </TextLine>
            <TextLine id="r1l12" custom="readingOrder {index:5;}">
                <Coords points="225,405 712,410 712,372 225,384"/>
                <Baseline points="230,398 255,397 280,397 305,397 330,397 355,397 380,397 405,397 430,397 455,398 481,398 506,398 531,398 556,398 581,398 606,398 631,398 656,398 681,398 707,397"/>
                <TextEquiv>
                    <Unicode>icens vero eo, quod finis est quiescens. &amp;</Unicode>
                </TextEquiv>
            </TextLine>
            <TextLine id="r1l14" custom="readingOrder {index:6;}">
                <Coords points="224,443 394,454 422,441 715,440 715,412 693,405 224,412"/>
                <Baseline points="229,434 254,434 279,434 304,435 330,435 355,435 380,435 406,435 431,435 456,435 482,435 507,435 532,435 558,436 583,436 608,436 634,436 659,436 684,435 710,435"/>
                <TextEquiv>
                    <Unicode>vniversaler si principium, &amp; finis, &amp; medium in</Unicode>
                </TextEquiv>
            </TextLine>
            <TextLine id="r1l16" custom="readingOrder {index:7;}">
                <Coords points="224,482 689,482 681,444 224,444"/>
                <Baseline points="229,474 254,473 279,473 304,473 330,473 355,474 380,474 405,474 431,474 456,474 481,474 507,474 532,474 557,474 582,474 608,473 633,473 658,473 684,473"/>
                <TextEquiv>
                    <Unicode>his est idem, conuenit vtrunque fieri.</Unicode>
                </TextEquiv>
            </TextLine>
            <TextLine id="r1l18" custom="readingOrder {index:8;}">
                <Coords points="223,518 719,519 719,485 223,483"/>
                <Baseline points="228,511 253,511 279,510 304,510 330,510 355,510 381,510 407,510 432,510 458,511 483,511 509,511 534,511 560,511 586,511 611,511 637,511 662,511 688,511 714,511"/>
                <TextEquiv>
                    <Unicode>D.dixit: Contingit autem in hoc motu</Unicode>
                </TextEquiv>
            </TextLine>
            <TextLine id="r1l20" custom="readingOrder {index:9;}">
                <Coords points="220,554 622,553 661,565 719,553 719,524 696,517 677,529 581,519 556,534 496,516 341,531 220,518"/>
                <Baseline points="225,549 250,548 276,547 302,547 327,547 353,547 379,547 405,547 430,547 456,548 482,548 508,548 533,549 559,549 585,549 611,549 636,549 662,549 688,549 714,548"/>
                <TextEquiv>
                    <Unicode>hoc, &amp; eius conuersum, &amp;c. i. quod sit</Unicode>
                </TextEquiv>
            </TextLine>
            <TextLine id="r1l22" custom="readingOrder {index:10;}">
                <Coords points="220,602 710,593 710,565 599,557 220,565"/>
                <Baseline points="225,585 250,585 275,585 300,585 326,585 351,585 376,585 401,585 427,585 452,585 477,585 502,585 528,585 553,585 578,585 603,585 629,585 654,585 679,585 705,585"/>
                <TextEquiv>
                    <Unicode>primus, eo quod est mensura omnium mo¬</Unicode>
                </TextEquiv>
            </TextLine>
            <TextLine id="r1l24" custom="readingOrder {index:11;}">
                <Coords points="223,633 691,634 714,630 714,602 223,603"/>
                <Baseline points="228,624 253,624 278,623 303,623 329,623 354,623 379,623 405,623 430,623 455,623 481,623 506,624 531,624 557,624 582,624 607,624 633,624 658,624 683,624 709,623"/>
                <TextEquiv>
                    <Unicode>tuum, &amp; econuerso scilicet quod sit mensura, eo</Unicode>
                </TextEquiv>
            </TextLine>
            <TextLine id="r1l26" custom="readingOrder {index:12;}">
                <Coords points="222,680 280,665 306,676 620,665 660,678 720,667 720,638 697,631 487,646 447,631 222,637"/>
                <Baseline points="227,659 252,660 278,660 304,660 329,661 355,661 381,661 406,661 432,661 458,661 483,661 509,661 535,661 560,661 586,661 612,661 637,662 663,662 689,662 715,662"/>
                <TextEquiv>
                    <Unicode>quod est primus. Dicit autem hoc, quia</Unicode>
                </TextEquiv>
            </TextLine>
            <TextLine id="r1l29" custom="readingOrder {index:13;}">
                <Coords points="220,706 687,714 715,706 715,670 220,680"/>
                <Baseline points="225,698 250,698 276,698 301,698 327,698 352,698 378,698 403,698 429,698 454,699 480,699 505,699 531,699 556,699 582,699 607,699 633,700 658,700 684,699 710,699"/>
                <TextEquiv>
                    <Unicode>necesse est quod mensura sit primum, &amp; </Unicode>
                </TextEquiv>
            </TextLine>
            <TextLine id="r1l32" custom="readingOrder {index:14;}">
                <Coords points="220,752 715,747 715,717 661,706 520,709 504,725 450,704 415,717 368,706 220,717"/>
                <Baseline points="225,738 250,738 276,737 301,737 327,737 352,736 378,736 403,736 429,736 454,736 480,736 505,736 531,736 556,736 582,737 607,737 633,737 658,737 684,737 710,737"/>
                <TextEquiv>
                    <Unicode>quod primum sit mensura. Et in hoc loco</Unicode>
                </TextEquiv>
            </TextLine>
            <TextLine id="line_1613155524017_5972" custom="readingOrder {index:15;}">
                <Coords points="210,782 715,781 715,750 682,744 573,758 531,744 210,749"/>
                <Baseline points="215,775 218,775 245,774 272,774 300,773 327,773 354,773 382,773 409,774 436,774 464,774 491,774 518,775 546,775 573,775 600,775 628,775 655,775 682,775 710,774"/>
                <TextEquiv>
                    <Unicode>reuertitur ad intentionem, in qua prius</Unicode>
                </TextEquiv>
            </TextLine>
            <TextLine id="line_1613155524017_5974" custom="readingOrder {index:16;}">
                <Coords points="210,818 294,832 339,817 411,830 427,817 718,819 718,780 647,793 528,780 484,793 388,779 210,789"/>
                <Baseline points="215,813 219,813 250,812 281,812 311,812 342,811 373,811 404,812 435,812 466,812 497,812 527,812 558,812 589,813 620,813 651,813 682,813 713,813"/>
                <TextEquiv>
                    <Unicode>incoeperat scilicet ipsum esse primum: &amp; est</Unicode>
                </TextEquiv>
            </TextLine>
            <TextLine id="r1l40" custom="readingOrder {index:17;}">
                <Coords points="222,858 719,857 719,828 656,820 414,831 337,818 300,832 222,821"/>
                <Baseline points="227,848 252,848 278,849 303,849 329,849 355,850 380,850 406,850 432,850 457,850 483,850 508,850 534,850 560,850 585,849 611,849 637,849 662,849 688,849 714,849"/>
                <TextEquiv>
                    <Unicode>Tertia declaratio. D.induxit Quar</Unicode>
                </TextEquiv>
            </TextLine>
            <TextLine id="r1l43" custom="readingOrder {index:18;}">
                <Coords points="224,898 721,898 721,859 525,871 450,857 224,861"/>
                <Baseline points="229,886 254,886 280,887 305,887 331,887 357,887 382,887 408,888 434,888 459,888 485,888 510,888 536,888 562,887 587,887 613,887 639,887 664,887 690,887 716,888"/>
                <TextEquiv>
                    <Unicode>tam, probationem, &amp; dixit: Amplius autem</Unicode>
                </TextEquiv>
            </TextLine>
            <TextLine id="r1l46" custom="readingOrder {index:19;}">
                <Coords points="226,931 557,930 571,943 587,931 710,931 710,901 678,895 517,914 436,893 412,906 226,901"/>
                <Baseline points="231,924 257,924 283,925 310,925 336,925 362,925 389,926 415,926 441,926 468,926 494,926 520,926 547,926 573,925 599,925 626,925 652,924 678,924 705,924"/>
                <TextEquiv>
                    <Unicode>motus circularis, &amp;c. amplius aliter</Unicode>
                </TextEquiv>
            </TextLine>
            <TextLine id="r1l48" custom="readingOrder {index:20;}">
                <Coords points="228,979 246,968 426,983 449,970 712,970 712,935 228,941"/>
                <Baseline points="233,962 259,962 285,962 312,963 338,963 364,963 391,963 417,963 443,963 470,963 496,963 522,963 549,963 575,963 601,963 628,963 654,963 680,964 707,964"/>
                <TextEquiv>
                    <Unicode>potest, probari quod solus motus circula</Unicode>
                </TextEquiv>
            </TextLine>
            <TextLine id="r1l50" custom="readingOrder {index:21;}">
                <Coords points="221,1011 571,1006 598,1019 721,1010 721,980 426,983 349,969 325,985 304,973 221,981"/>
                <Baseline points="226,1000 251,1000 277,1000 303,1000 329,1000 354,1000 380,1000 406,1000 432,1000 458,1000 483,1000 509,1001 535,1001 561,1001 587,1001 612,1001 638,1001 664,1001 690,1001 716,1001"/>
                <TextEquiv>
                    <Unicode>ris pont esse continuus, cum aeque distet</Unicode>
                </TextEquiv>
            </TextLine>
            <TextLine id="r1l53" custom="readingOrder {index:22;}">
                <Coords points="228,1044 356,1044 378,1058 718,1045 717,1019 667,1008 604,1025 571,1006 513,1020 228,1013"/>
                <Baseline points="233,1037 258,1037 283,1037 308,1038 334,1038 359,1038 384,1039 409,1039 435,1039 460,1039 485,1039 510,1040 536,1040 561,1040 586,1040 611,1040 637,1039 662,1039 687,1039 713,1038"/>
                <TextEquiv>
                    <Unicode>a fine, ad quem mouet scilicet a medio: </Unicode>
                </TextEquiv>
            </TextLine>
            <TextLine id="r1l56" custom="readingOrder {index:23;}">
                <Coords points="228,1093 549,1079 592,1097 608,1083 720,1083 720,1053 702,1045 553,1059 535,1045 379,1059 350,1044 228,1045"/>
                <Baseline points="233,1075 258,1076 283,1076 309,1076 334,1076 359,1077 385,1077 410,1077 435,1077 461,1077 486,1077 512,1077 537,1077 562,1077 588,1077 613,1077 638,1077 664,1077 689,1077 715,1077"/>
                <TextEquiv>
                    <Unicode>qua autem recte mouentur non aeque distant</Unicode>
                </TextEquiv>
            </TextLine>
            <TextLine id="r1l59" custom="readingOrder {index:24;}">
                <Coords points="222,1123 564,1119 631,1134 716,1121 716,1085 222,1093"/>
                <Baseline points="227,1116 252,1115 277,1115 303,1115 328,1115 354,1115 379,1115 405,1115 430,1115 456,1115 481,1115 507,1115 532,1115 558,1115 583,1115 609,1115 634,1115 660,1115 685,1114 711,1114"/>
                <TextEquiv>
                    <Unicode>a fine in omnibus partibus longitudi¬</Unicode>
                </TextEquiv>
            </TextLine>
            <TextLine id="r1l63" custom="readingOrder {index:25;}">
                <Coords points="225,1162 714,1162 703,1125 439,1135 339,1123 280,1140 251,1121 225,1126"/>
                <Baseline points="230,1149 255,1150 280,1151 305,1151 330,1152 356,1152 381,1152 406,1153 431,1153 456,1153 482,1153 507,1153 532,1153 557,1153 582,1153 608,1153 633,1152 658,1152 683,1152 709,1152"/>
                <TextEquiv>
                    <Unicode>nis, vnde quae naturalitur mouentur recte</Unicode>
                </TextEquiv>
            </TextLine>
            <TextLine id="r1l65" custom="readingOrder {index:26;}">
                <Coords points="232,1194 449,1195 492,1209 520,1193 551,1211 588,1195 609,1210 720,1198 720,1165 232,1164"/>
                <Baseline points="237,1186 262,1187 287,1188 312,1189 337,1189 362,1190 387,1190 413,1190 438,1190 463,1191 488,1191 513,1191 538,1190 564,1190 589,1190 614,1190 639,1190 664,1190 689,1191 715,1191"/>
                <TextEquiv>
                    <Unicode>velocius mouentur, quando appropinquant</Unicode>
                </TextEquiv>
            </TextLine>
            <TextLine id="r1l68" custom="readingOrder {index:27;}">
                <Coords points="226,1236 717,1235 706,1200 664,1214 588,1196 560,1211 523,1196 493,1209 226,1197"/>
                <Baseline points="231,1228 256,1227 281,1227 306,1227 332,1227 357,1227 382,1227 408,1227 433,1228 458,1228 484,1228 509,1228 534,1228 560,1229 585,1229 610,1229 636,1229 661,1229 686,1229 712,1229"/>
                <TextEquiv>
                    <Unicode>fini. &amp; hoc est, quod voluit dicere, cum</Unicode>
                </TextEquiv>
            </TextLine>
            <TextLine id="r1l71" custom="readingOrder {index:28;}">
                <Coords points="228,1274 714,1282 714,1237 686,1251 655,1237 627,1250 589,1237 347,1248 228,1236"/>
                <Baseline points="233,1264 258,1264 283,1265 308,1265 333,1266 358,1266 383,1266 408,1266 433,1266 458,1266 483,1266 508,1266 533,1266 558,1266 583,1266 608,1266 633,1266 658,1267 683,1267 709,1268"/>
                <TextEquiv>
                    <Unicode>d, quanto enim distant a quiescente, &amp;c. i.</Unicode>
                </TextEquiv>
            </TextLine>
            <TextLine id="r1l74" custom="readingOrder {index:29;}">
                <Coords points="228,1327 337,1309 653,1322 714,1314 715,1284 547,1274 531,1289 475,1275 433,1286 385,1272 315,1290 280,1271 229,1277"/>
                <Baseline points="233,1302 258,1302 283,1302 308,1303 333,1303 358,1303 383,1303 408,1304 433,1304 458,1304 483,1304 508,1304 533,1304 558,1304 583,1304 608,1304 633,1304 658,1304 683,1304 709,1304"/>
                <TextEquiv>
                    <Unicode>quanto enim distant a loco, in quo quie¬</Unicode>
                </TextEquiv>
            </TextLine>
            <TextLine id="r1l76" custom="readingOrder {index:30;}">
                <Coords points="226,1354 694,1355 710,1353 710,1324 687,1311 653,1324 403,1312 226,1326"/>
                <Baseline points="231,1341 257,1341 283,1341 310,1341 336,1341 362,1342 389,1342 415,1342 441,1342 468,1342 494,1342 520,1342 547,1342 573,1342 599,1342 626,1342 652,1342 678,1342 705,1342"/>
                <TextEquiv>
                    <Unicode>acentes erant, cum appropinquant ad lo</Unicode>
                </TextEquiv>
            </TextLine>
            <TextLine id="r1l78" custom="readingOrder {index:31;}">
                <Coords points="231,1386 711,1386 711,1360 650,1349 557,1363 527,1349 442,1363 231,1357"/>
                <Baseline points="236,1380 262,1380 288,1379 314,1379 340,1379 366,1379 392,1379 418,1379 444,1380 471,1380 497,1380 523,1380 549,1380 575,1380 601,1380 627,1380 653,1380 679,1379 706,1379"/>
                <TextEquiv>
                    <Unicode>cum, ad quem mouentur, tanto velocius mo¬</Unicode>
                </TextEquiv>
            </TextLine>
            <TextLine id="r1l80" custom="readingOrder {index:32;}">
                <Coords points="220,1427 722,1427 722,1397 702,1389 220,1397"/>
                <Baseline points="225,1417 250,1417 276,1417 302,1417 328,1417 354,1417 380,1417 406,1417 432,1417 458,1417 483,1417 509,1417 535,1417 561,1417 587,1418 613,1418 639,1418 665,1418 691,1418 717,1418"/>
                <TextEquiv>
                    <Unicode>uentur. D.dixit: in motu autem circula</Unicode>
                </TextEquiv>
            </TextLine>
            <TextLine id="r1l82" custom="readingOrder {index:33;}">
                <Coords points="229,1466 721,1466 709,1424 688,1437 229,1428"/>
                <Baseline points="234,1455 259,1455 284,1455 310,1456 335,1455 360,1455 386,1456 411,1456 436,1455 462,1456 487,1455 513,1455 538,1455 563,1456 589,1456 614,1456 639,1455 665,1455 690,1456 716,1456"/>
                <TextEquiv>
                    <Unicode>ri, &amp;c. i. in motu autem circulari non est</Unicode>
                </TextEquiv>
            </TextLine>
            <TextLine id="r1l84" custom="readingOrder {index:34;}">
                <Coords points="227,1510 256,1498 317,1512 372,1498 564,1498 582,1510 600,1497 721,1493 703,1469 615,1461 592,1476 498,1463 227,1469"/>
                <Baseline points="232,1494 257,1494 282,1493 308,1493 333,1493 359,1493 384,1492 410,1493 435,1493 461,1493 486,1493 512,1493 537,1493 563,1493 588,1493 614,1493 639,1493 665,1493 690,1493 716,1492"/>
                <TextEquiv>
                    <Unicode>principium naturale, neque finis na¬</Unicode>
                </TextEquiv>
            </TextLine>
            <TextLine id="r1l86" custom="readingOrder {index:35;}">
                <Coords points="231,1537 450,1538 467,1551 485,1538 715,1538 715,1509 687,1501 602,1500 558,1517 489,1500 231,1510"/>
                <Baseline points="236,1532 262,1531 288,1531 315,1531 341,1531 367,1531 394,1531 420,1531 446,1531 473,1531 499,1531 525,1531 552,1531 578,1531 604,1531 631,1531 657,1531 683,1530 710,1530"/>
                <TextEquiv>
                    <Unicode>turalis, sed principium, &amp; finis eius</Unicode>
                </TextEquiv>
            </TextLine>
            <TextLine id="r1l88" custom="readingOrder {index:36;}">
                <Coords points="222,1578 438,1588 659,1574 682,1586 713,1578 713,1541 614,1539 596,1553 517,1538 222,1545"/>
                <Baseline points="227,1569 252,1569 277,1569 302,1569 328,1569 353,1569 378,1569 404,1569 429,1569 454,1569 480,1569 505,1569 530,1569 556,1569 581,1569 606,1569 632,1569 657,1569 682,1569 708,1569"/>
                <TextEquiv>
                    <Unicode>sunt extra magnitudinem, secundum quam</Unicode>
                </TextEquiv>
            </TextLine>
            <TextLine id="r1l90" custom="readingOrder {index:37;}">
                <Coords points="222,1618 721,1618 721,1581 696,1574 682,1588 592,1590 222,1580"/>
                <Baseline points="227,1608 252,1608 278,1607 304,1607 329,1607 355,1607 381,1608 407,1608 432,1608 458,1608 484,1608 510,1607 535,1607 561,1607 587,1607 613,1607 638,1607 664,1607 690,1606 716,1606"/>
                <TextEquiv>
                    <Unicode>fit motus scilicet in medio. &amp; magnitudo</Unicode>
                </TextEquiv>
            </TextLine>
            <TextLine id="r1l92" custom="readingOrder {index:38;}">
                <Coords points="230,1652 626,1666 647,1650 719,1650 719,1622 654,1612 607,1630 533,1613 474,1628 421,1613 230,1620"/>
                <Baseline points="235,1647 260,1647 285,1646 310,1646 335,1645 361,1645 386,1645 411,1646 436,1646 461,1646 487,1646 512,1646 537,1647 562,1647 587,1647 613,1646 638,1646 663,1646 688,1644 714,1644"/>
                <TextEquiv>
                    <Unicode>circundat ipsum, existente ipso eo¬</Unicode>
                </TextEquiv>
            </TextLine>
            <TextLine id="r1l94" custom="readingOrder {index:39;}">
                <Coords points="226,1691 301,1698 312,1689 506,1690 506,1666 496,1661 398,1665 356,1653 313,1653 299,1663 241,1653 226,1661"/>
                <Baseline points="231,1683 258,1683 285,1683 312,1684 339,1684 366,1683 393,1683 420,1683 447,1683 474,1683 501,1684"/>
                <TextEquiv>
                    <Unicode>dem, scilicet centro.</Unicode>
                </TextEquiv>
            </TextLine>
            <TextLine id="r1l96" custom="readingOrder {index:40;}">
                <Coords points="275,1763 303,1778 511,1766 560,1780 619,1763 717,1769 718,1739 640,1725 533,1747 519,1733 276,1725"/>
                <Baseline points="280,1755 305,1756 330,1757 356,1759 381,1759 407,1759 432,1759 457,1759 483,1759 508,1759 534,1759 559,1759 584,1759 610,1759 635,1759 661,1760 686,1760 712,1761"/>
                <TextEquiv>
                    <Unicode>Quod autem ea, quae est secundum</Unicode>
                </TextEquiv>
            </TextLine>
            <TextLine id="r1l98" custom="readingOrder {index:41;}">
                <Coords points="226,1810 721,1810 721,1781 657,1768 599,1780 465,1770 419,1785 227,1765"/>
                <Baseline points="231,1799 256,1799 282,1800 307,1800 333,1801 358,1801 384,1801 409,1801 435,1801 460,1801 486,1801 511,1801 537,1801 562,1801 588,1801 613,1801 639,1801 664,1801 690,1802 716,1802"/>
                <TextEquiv>
                    <Unicode>locum latio, primus motuum sit, te</Unicode>
                </TextEquiv>
            </TextLine>
            <TextLine id="r1l100" custom="readingOrder {index:42;}">
                <Coords points="227,1850 707,1851 716,1821 435,1813 374,1829 352,1813 228,1813"/>
                <Baseline points="232,1841 257,1842 282,1842 307,1843 332,1843 357,1843 382,1843 408,1843 433,1843 458,1843 483,1843 508,1843 533,1843 559,1843 584,1843 609,1843 634,1843 659,1844 684,1844 710,1845"/>
                <TextEquiv>
                    <Unicode>stantur omnes, quicunque de motu fe¬</Unicode>
                </TextEquiv>
            </TextLine>
            <TextEquiv>
                <Unicode>i. eo quod circulus mouetur circa finem,
non ad eum. &amp;, quia finis eius prmanens in
eodem loco est. ergo permanens est vno
modo, &amp; mota continue alio modo. mota
quidem, eo quod non peruenit ad finem: quie¬
icens vero eo, quod finis est quiescens. &amp;
vniversaler si principium, &amp; finis, &amp; medium in
his est idem, conuenit vtrunque fieri.
D.dixit: Contingit autem in hoc motu
hoc, &amp; eius conuersum, &amp;c. i. quod sit
primus, eo quod est mensura omnium mo¬
tuum, &amp; econuerso scilicet quod sit mensura, eo
quod est primus. Dicit autem hoc, quia
necesse est quod mensura sit primum, &amp; 
quod primum sit mensura. Et in hoc loco
reuertitur ad intentionem, in qua prius
incoeperat scilicet ipsum esse primum: &amp; est
Tertia declaratio. D.induxit Quar
tam, probationem, &amp; dixit: Amplius autem
motus circularis, &amp;c. amplius aliter
potest, probari quod solus motus circula
ris pont esse continuus, cum aeque distet
a fine, ad quem mouet scilicet a medio: 
qua autem recte mouentur non aeque distant
a fine in omnibus partibus longitudi¬
nis, vnde quae naturalitur mouentur recte
velocius mouentur, quando appropinquant
fini. &amp; hoc est, quod voluit dicere, cum
d, quanto enim distant a quiescente, &amp;c. i.
quanto enim distant a loco, in quo quie¬
acentes erant, cum appropinquant ad lo
cum, ad quem mouentur, tanto velocius mo¬
uentur. D.dixit: in motu autem circula
ri, &amp;c. i. in motu autem circulari non est
principium naturale, neque finis na¬
turalis, sed principium, &amp; finis eius
sunt extra magnitudinem, secundum quam
fit motus scilicet in medio. &amp; magnitudo
circundat ipsum, existente ipso eo¬
dem, scilicet centro.
Quod autem ea, quae est secundum
locum latio, primus motuum sit, te
stantur omnes, quicunque de motu fe¬</Unicode>
            </TextEquiv>
        </TextRegion>
        <TextRegion orientation="0.0" id="TextRegion_1613155545647_6005" custom="readingOrder {index:1;}">
            <Coords points="736,141 1250,141 1250,1893 736,1893"/>
            <TextLine id="line_1613155543267_6003" custom="readingOrder {index:0;}">
                <Coords points="747,222 1055,231 1255,218 1232,189 1176,181 1090,178 1033,196 928,181 747,189"/>
                <Baseline points="752,214 778,214 804,213 830,213 856,213 882,213 908,213 934,213 960,213 986,213 1013,213 1039,213 1065,213 1091,213 1117,214 1143,214 1169,214 1195,214 1221,213 1247,213 1250,213"/>
                <TextEquiv>
                    <Unicode>cerunt mentionem. principia enim. 3</Unicode>
                </TextEquiv>
            </TextLine>
            <TextLine id="r1l5" custom="readingOrder {index:1;}">
                <Coords points="749,266 1235,260 1235,229 1208,220 1007,237 749,224"/>
                <Baseline points="754,253 779,254 804,254 829,254 854,254 879,254 904,254 929,254 954,254 979,254 1004,254 1029,254 1054,254 1079,254 1104,253 1129,253 1154,253 1179,253 1204,253 1230,253"/>
                <TextEquiv>
                    <Unicode>ipsius tribuunt mouentibus secundum</Unicode>
                </TextEquiv>
            </TextLine>
            <TextLine id="r1l7" custom="readingOrder {index:2;}">
                <Coords points="741,305 1241,306 1241,262 1216,258 1197,276 1129,262 966,261 947,278 922,263 763,274 741,262"/>
                <Baseline points="746,295 771,295 797,295 823,295 849,295 874,295 900,295 926,294 952,294 978,294 1003,294 1029,294 1055,294 1081,294 1107,294 1132,294 1158,294 1184,294 1210,294 1236,295"/>
                <TextEquiv>
                    <Unicode>huiusmodi motum. Disgregatio enim &amp; </Unicode>
                </TextEquiv>
            </TextLine>
            <TextLine id="r1l9" custom="readingOrder {index:3;}">
                <Coords points="749,342 817,354 839,338 875,354 1130,335 1242,344 1241,308 748,309"/>
                <Baseline points="754,336 779,335 804,335 830,335 855,335 881,335 906,335 931,335 957,335 982,335 1008,335 1033,335 1059,335 1084,335 1109,335 1135,335 1160,335 1186,335 1211,334 1237,333"/>
                <TextEquiv>
                    <Unicode>congr egatio motus secundum locum</Unicode>
                </TextEquiv>
            </TextLine>
            <TextLine id="r1l11" custom="readingOrder {index:4;}">
                <Coords points="742,384 1246,386 1246,349 1214,341 1197,353 742,349"/>
                <Baseline points="747,376 773,376 799,376 825,376 851,376 877,376 903,376 929,376 955,376 981,376 1007,376 1033,376 1059,376 1085,376 1111,376 1137,376 1163,376 1189,376 1215,376 1241,375"/>
                <TextEquiv>
                    <Unicode>sunt. sic autem mouent amicitia, &amp; </Unicode>
                </TextEquiv>
            </TextLine>
            <TextLine id="r1l13" custom="readingOrder {index:5;}">
                <Coords points="746,422 1042,420 1162,435 1241,419 1222,384 1025,397 981,383 963,401 746,386"/>
                <Baseline points="751,415 776,415 802,416 827,417 853,417 878,417 904,417 929,417 955,417 980,417 1006,417 1031,417 1057,417 1082,416 1108,416 1133,416 1159,415 1184,415 1210,415 1236,414"/>
                <TextEquiv>
                    <Unicode>lis: ipsarum enim haec disgregat, il¬</Unicode>
                </TextEquiv>
            </TextLine>
            <TextLine id="r1l15" custom="readingOrder {index:6;}">
                <Coords points="743,466 1243,466 1243,436 1229,433 1031,424 1014,441 996,428 835,441 743,426"/>
                <Baseline points="748,458 773,458 799,457 825,457 851,457 876,457 902,457 928,457 954,457 980,457 1005,457 1031,457 1057,457 1083,457 1109,457 1134,457 1160,456 1186,456 1212,456 1238,456"/>
                <TextEquiv>
                    <Unicode>la autem congregat. Atque mentem</Unicode>
                </TextEquiv>
            </TextLine>
            <TextLine id="r1l17" custom="readingOrder {index:7;}">
                <Coords points="748,514 1236,506 1236,476 1108,465 1091,476 1026,464 948,478 748,475"/>
                <Baseline points="753,497 778,498 803,498 828,498 853,499 878,499 903,499 929,498 954,498 979,498 1004,498 1029,498 1054,498 1080,497 1105,497 1130,497 1155,497 1180,497 1205,498 1231,498"/>
                <TextEquiv>
                    <Unicode>primum mouentem dicit Anaxago</Unicode>
                </TextEquiv>
            </TextLine>
            <TextLine id="r1l19" custom="readingOrder {index:8;}">
                <Coords points="744,545 1241,546 1241,516 1222,507 744,517"/>
                <Baseline points="749,538 774,538 800,538 825,538 851,538 877,538 902,538 928,538 954,538 979,538 1005,538 1030,538 1056,538 1082,538 1107,538 1133,538 1159,537 1184,537 1210,537 1236,537"/>
                <TextEquiv>
                    <Unicode>ras disgregare. Similiter autem &amp; qui¬</Unicode>
                </TextEquiv>
            </TextLine>
            <TextLine id="r1l21" custom="readingOrder {index:9;}">
                <Coords points="739,586 1181,594 1244,586 1244,548 739,557"/>
                <Baseline points="744,579 770,579 796,580 822,580 848,580 874,580 900,580 926,580 952,580 978,580 1004,580 1030,580 1056,580 1082,579 1108,579 1134,579 1160,579 1186,579 1212,580 1239,580"/>
                <TextEquiv>
                    <Unicode>cunque talem quidem nullam causam di¬</Unicode>
                </TextEquiv>
            </TextLine>
            <TextLine id="r1l23" custom="readingOrder {index:10;}">
                <Coords points="746,626 1247,623 1240,598 1127,589 746,597"/>
                <Baseline points="751,621 776,621 802,621 828,620 854,620 880,620 906,620 931,620 957,620 983,620 1009,620 1035,620 1061,620 1086,620 1112,620 1138,620 1164,620 1190,620 1216,619 1242,619"/>
                <TextEquiv>
                    <Unicode>cunt, sed propter vacuum moue¬</Unicode>
                </TextEquiv>
            </TextLine>
            <TextLine id="r1l27" custom="readingOrder {index:11;}">
                <Coords points="742,665 1121,666 1138,680 1179,663 1245,669 1245,638 1202,628 1121,637 1105,653 1056,629 742,636"/>
                <Baseline points="747,661 772,661 798,661 824,661 850,662 876,662 902,662 928,662 954,662 980,662 1006,661 1032,661 1058,661 1084,661 1110,661 1136,661 1162,662 1188,662 1214,662 1240,662"/>
                <TextEquiv>
                    <Unicode>ri dicunt. etenim hi eo, qui secundum</Unicode>
                </TextEquiv>
            </TextLine>
            <TextLine id="r1l30" custom="readingOrder {index:12;}">
                <Coords points="745,713 1236,714 1228,669 1142,683 745,670"/>
                <Baseline points="750,702 775,702 800,702 825,702 851,702 876,702 901,702 927,702 952,702 977,702 1003,702 1028,702 1053,702 1079,702 1104,702 1129,702 1155,702 1180,702 1205,702 1231,701"/>
                <TextEquiv>
                    <Unicode>locum est, motu naturam moueri</Unicode>
                </TextEquiv>
            </TextLine>
            <TextLine id="r1l33" custom="readingOrder {index:13;}">
                <Coords points="746,746 1237,753 1237,716 839,725 805,707 746,712"/>
                <Baseline points="751,741 776,741 801,742 826,742 852,742 877,743 902,743 928,743 953,743 978,743 1004,743 1029,742 1054,742 1080,742 1105,742 1130,742 1156,742 1181,742 1206,741 1232,741"/>
                <TextEquiv>
                    <Unicode>dicunt. motus enim qui propter va¬</Unicode>
                </TextEquiv>
            </TextLine>
            <TextLine id="r1l36" custom="readingOrder {index:14;}">
                <Coords points="748,794 1236,794 1236,757 1206,748 1130,764 1103,750 1074,764 990,764 975,749 935,766 864,748 748,757"/>
                <Baseline points="753,782 778,782 803,782 828,783 853,783 878,783 903,783 929,783 954,783 979,783 1004,783 1029,783 1054,783 1080,783 1105,783 1130,783 1155,783 1180,784 1205,784 1231,784"/>
                <TextEquiv>
                    <Unicode>cuum fit, latio est, &amp; vt in loco: alio</Unicode>
                </TextEquiv>
            </TextLine>
            <TextLine id="r1l38" custom="readingOrder {index:15;}">
                <Coords points="744,834 1227,834 1227,803 1203,793 1176,804 1089,790 1057,804 744,797"/>
                <Baseline points="749,824 775,824 801,824 827,824 854,824 880,824 906,824 932,824 959,824 985,824 1011,824 1038,824 1064,824 1090,824 1116,824 1143,824 1169,825 1195,825 1222,825"/>
                <TextEquiv>
                    <Unicode>rum autem nullum inesse primis</Unicode>
                </TextEquiv>
            </TextLine>
            <TextLine id="r1l41" custom="readingOrder {index:16;}">
                <Coords points="744,874 1127,882 1243,872 1244,853 1221,837 1092,849 1068,833 1050,845 946,835 849,851 792,830 745,837"/>
                <Baseline points="749,864 774,865 800,865 826,865 851,865 877,865 903,865 929,865 954,865 980,865 1006,865 1032,865 1057,865 1083,865 1109,865 1135,865 1160,865 1186,866 1212,866 1238,866"/>
                <TextEquiv>
                    <Unicode>sed ijs, quae sunt ex his, putant.</Unicode>
                </TextEquiv>
            </TextLine>
            <TextLine id="r1l44" custom="readingOrder {index:17;}">
                <Coords points="742,915 1245,914 1245,874 742,885"/>
                <Baseline points="747,904 772,904 798,904 824,905 850,905 876,905 902,905 928,906 954,906 980,906 1006,906 1032,906 1058,906 1084,906 1110,906 1136,906 1162,906 1188,906 1214,906 1240,905"/>
                <TextEquiv>
                    <Unicode>augmentari. enim &amp; diminui, &amp; al</Unicode>
                </TextEquiv>
            </TextLine>
            <TextLine id="r1l47" custom="readingOrder {index:18;}">
                <Coords points="751,954 1244,954 1244,924 1185,917 1116,914 1099,929 1040,917 751,922"/>
                <Baseline points="756,947 781,946 806,946 832,945 857,945 883,945 908,945 933,945 959,945 984,946 1010,946 1035,946 1061,947 1086,947 1111,947 1137,947 1162,947 1188,947 1213,946 1239,945"/>
                <TextEquiv>
                    <Unicode>terari, cum congregantur, &amp; disgre</Unicode>
                </TextEquiv>
            </TextLine>
            <TextLine id="r1l49" custom="readingOrder {index:19;}">
                <Coords points="742,1002 1246,994 1246,957 742,965"/>
                <Baseline points="747,987 773,987 799,988 825,988 851,988 877,988 903,987 929,987 955,987 981,987 1007,987 1033,987 1059,987 1085,986 1111,986 1137,987 1163,987 1189,987 1215,988 1241,988"/>
                <TextEquiv>
                    <Unicode>gantur, impartibilia corpora di¬</Unicode>
                </TextEquiv>
            </TextLine>
            <TextLine id="r1l52" custom="readingOrder {index:20;}">
                <Coords points="750,1034 1239,1043 1239,996 750,1005"/>
                <Baseline points="755,1028 780,1028 805,1028 830,1028 855,1028 881,1028 906,1028 931,1028 956,1028 981,1028 1007,1028 1032,1028 1057,1028 1082,1028 1107,1028 1133,1028 1158,1029 1183,1030 1208,1030 1234,1031"/>
                <TextEquiv>
                    <Unicode>cunt. Eodem autem modo &amp; quid</Unicode>
                </TextEquiv>
            </TextLine>
            <TextLine id="r1l55" custom="readingOrder {index:21;}">
                <Coords points="755,1074 1249,1078 1249,1045 1175,1037 1116,1049 974,1034 953,1046 755,1046"/>
                <Baseline points="760,1070 785,1069 810,1069 836,1069 861,1068 887,1068 912,1068 938,1068 963,1068 989,1068 1014,1068 1040,1068 1065,1069 1091,1069 1116,1069 1142,1069 1167,1069 1193,1069 1218,1069 1244,1069"/>
                <TextEquiv>
                    <Unicode>cunque per densitatem, aut raritatem</Unicode>
                </TextEquiv>
            </TextLine>
            <TextLine id="r1l58" custom="readingOrder {index:22;}">
                <Coords points="749,1122 1205,1122 1245,1109 1231,1085 749,1085"/>
                <Baseline points="754,1110 779,1110 805,1109 830,1109 856,1109 881,1109 907,1109 933,1109 958,1110 984,1110 1009,1110 1035,1110 1060,1110 1086,1110 1112,1110 1137,1109 1163,1109 1188,1109 1214,1109 1240,1109"/>
                <TextEquiv>
                    <Unicode>conficiunt grnenationem, aut cor¬</Unicode>
                </TextEquiv>
            </TextLine>
            <TextLine id="r1l62" custom="readingOrder {index:23;}">
                <Coords points="752,1154 1180,1162 1240,1156 1240,1115 1173,1128 752,1125"/>
                <Baseline points="757,1150 782,1150 807,1150 832,1150 857,1149 882,1149 907,1149 933,1149 958,1149 983,1149 1008,1149 1033,1149 1058,1149 1084,1149 1109,1149 1134,1149 1159,1150 1184,1150 1209,1150 1235,1150"/>
                <TextEquiv>
                    <Unicode>ruptionem: congregatione enim &amp; </Unicode>
                </TextEquiv>
            </TextLine>
            <TextLine id="r1l66" custom="readingOrder {index:24;}">
                <Coords points="754,1198 797,1210 1016,1193 1238,1202 1238,1164 1195,1159 1177,1173 1148,1157 1003,1172 925,1157 754,1160"/>
                <Baseline points="759,1189 785,1190 811,1190 838,1190 864,1190 890,1190 917,1190 943,1190 969,1190 996,1190 1022,1190 1048,1190 1075,1190 1101,1190 1127,1190 1154,1190 1180,1190 1206,1190 1233,1191"/>
                <TextEquiv>
                    <Unicode>disgregatione haec disponunt. Am</Unicode>
                </TextEquiv>
            </TextLine>
            <TextLine id="r1l69" custom="readingOrder {index:25;}">
                <Coords points="752,1246 1240,1242 1240,1205 1191,1199 1079,1219 1020,1197 865,1200 832,1214 752,1205"/>
                <Baseline points="757,1230 782,1231 807,1231 832,1231 857,1231 882,1231 907,1231 933,1231 958,1231 983,1231 1008,1231 1033,1231 1058,1231 1084,1231 1109,1231 1134,1231 1159,1231 1184,1231 1209,1232 1235,1232"/>
                <TextEquiv>
                    <Unicode>plius autem &amp; poter hos, qui animam</Unicode>
                </TextEquiv>
            </TextLine>
            <TextLine id="r1l73" custom="readingOrder {index:26;}">
                <Coords points="753,1279 1075,1289 1243,1274 1243,1252 1210,1241 1164,1255 1101,1241 1033,1253 985,1241 945,1254 753,1247"/>
                <Baseline points="758,1272 783,1272 808,1271 833,1271 859,1271 884,1271 909,1272 934,1272 960,1272 985,1272 1010,1272 1035,1272 1061,1272 1086,1272 1111,1272 1136,1271 1162,1271 1187,1271 1212,1270 1238,1270"/>
                <TextEquiv>
                    <Unicode>cam motus faciunt. ipsum enim se¬</Unicode>
                </TextEquiv>
            </TextLine>
            <TextLine id="r1l75" custom="readingOrder {index:27;}">
                <Coords points="748,1324 1236,1322 1236,1280 851,1296 748,1281"/>
                <Baseline points="753,1312 778,1312 803,1313 828,1313 853,1313 878,1313 903,1313 929,1312 954,1312 979,1312 1004,1312 1029,1311 1054,1311 1080,1311 1105,1311 1130,1311 1155,1311 1180,1311 1205,1311 1231,1312"/>
                <TextEquiv>
                    <Unicode>ipsum mouens principium esse di</Unicode>
                </TextEquiv>
            </TextLine>
            <TextLine id="r1l77" custom="readingOrder {index:28;}">
                <Coords points="749,1363 1240,1362 1239,1324 1131,1337 1113,1323 748,1333"/>
                <Baseline points="753,1353 778,1353 803,1353 828,1353 854,1353 879,1353 904,1353 930,1353 955,1353 980,1353 1006,1352 1031,1352 1056,1352 1082,1352 1107,1352 1132,1352 1158,1352 1183,1352 1208,1351 1234,1351"/>
                <TextEquiv>
                    <Unicode>cunt eorum, quae mouent. mouet</Unicode>
                </TextEquiv>
            </TextLine>
            <TextLine id="r1l79" custom="readingOrder {index:29;}">
                <Coords points="747,1402 1237,1408 1237,1373 1176,1362 1065,1374 1032,1360 1008,1380 948,1364 747,1374"/>
                <Baseline points="752,1393 777,1393 802,1394 827,1394 853,1394 878,1394 903,1394 928,1394 954,1394 979,1394 1004,1394 1029,1394 1055,1394 1080,1394 1105,1394 1130,1394 1156,1394 1181,1393 1206,1393 1232,1393"/>
                <TextEquiv>
                    <Unicode>autem animal seipsum, &amp; omne animatum eo,</Unicode>
                </TextEquiv>
            </TextLine>
            <TextLine id="r1l81" custom="readingOrder {index:30;}">
                <Coords points="752,1446 1234,1442 1234,1414 1152,1399 1125,1416 752,1412"/>
                <Baseline points="757,1434 783,1435 809,1435 835,1435 861,1435 888,1435 914,1435 940,1435 966,1435 993,1435 1019,1435 1045,1435 1071,1435 1097,1434 1124,1434 1150,1434 1176,1434 1202,1433 1229,1433"/>
                <TextEquiv>
                    <Unicode>qui secundum locum est, motu. Et pro</Unicode>
                </TextEquiv>
            </TextLine>
            <TextLine id="r1l83" custom="readingOrder {index:31;}">
                <Coords points="753,1482 1240,1482 1240,1453 785,1444 753,1455"/>
                <Baseline points="758,1476 783,1476 808,1476 833,1476 858,1476 883,1476 908,1476 933,1476 958,1476 983,1476 1009,1476 1034,1476 1059,1476 1084,1475 1109,1475 1134,1475 1159,1475 1184,1474 1209,1474 1235,1473"/>
                <TextEquiv>
                    <Unicode>prie quoque moueri dicimus so¬</Unicode>
                </TextEquiv>
            </TextLine>
            <TextLine id="r1l85" custom="readingOrder {index:32;}">
                <Coords points="743,1522 1117,1531 1243,1520 1243,1485 1136,1485 1083,1508 1065,1493 743,1489"/>
                <Baseline points="748,1516 773,1516 799,1516 825,1516 851,1516 876,1517 902,1517 928,1517 954,1517 980,1516 1005,1516 1031,1516 1057,1516 1083,1516 1109,1516 1134,1516 1160,1516 1186,1515 1212,1515 1238,1515"/>
                <TextEquiv>
                    <Unicode>lum, quod mouetur eo, qui secundum lo</Unicode>
                </TextEquiv>
            </TextLine>
            <TextLine id="r1l87" custom="readingOrder {index:33;}">
                <Coords points="748,1562 857,1562 870,1574 910,1561 1109,1560 1123,1574 1239,1563 1239,1534 1200,1525 748,1533"/>
                <Baseline points="753,1557 778,1558 803,1558 828,1558 854,1558 879,1557 904,1557 930,1557 955,1557 980,1557 1006,1557 1031,1557 1056,1557 1082,1557 1107,1557 1132,1557 1158,1557 1183,1557 1208,1558 1234,1558"/>
                <TextEquiv>
                    <Unicode>cum est, motu. si autem quiescat</Unicode>
                </TextEquiv>
            </TextLine>
            <TextLine id="r1l89" custom="readingOrder {index:34;}">
                <Coords points="745,1605 1239,1612 1239,1577 1216,1565 745,1573"/>
                <Baseline points="750,1597 775,1598 800,1598 826,1598 851,1598 877,1598 902,1598 928,1598 953,1598 979,1598 1004,1598 1030,1598 1055,1598 1081,1598 1106,1598 1132,1598 1157,1599 1183,1599 1208,1600 1234,1600"/>
                <TextEquiv>
                    <Unicode>quidem in eodem, augmentetur autem,</Unicode>
                </TextEquiv>
            </TextLine>
            <TextLine id="r1l91" custom="readingOrder {index:35;}">
                <Coords points="746,1650 811,1640 1015,1658 1171,1644 1239,1656 1239,1619 1220,1613 1108,1605 1018,1628 998,1613 830,1605 807,1621 746,1618"/>
                <Baseline points="751,1639 776,1639 801,1639 827,1639 852,1638 878,1638 903,1638 928,1638 954,1638 979,1638 1005,1638 1030,1638 1056,1639 1081,1639 1106,1639 1132,1639 1157,1639 1183,1640 1208,1640 1234,1640"/>
                <TextEquiv>
                    <Unicode>aut diminuatur, aut alteretur,</Unicode>
                </TextEquiv>
            </TextLine>
            <TextLine id="r1l93" custom="readingOrder {index:36;}">
                <Coords points="750,1698 1239,1686 1239,1656 1177,1648 953,1662 921,1646 871,1660 750,1653"/>
                <Baseline points="755,1679 780,1679 805,1679 830,1679 855,1679 881,1679 906,1679 931,1679 956,1679 981,1679 1007,1679 1032,1679 1057,1679 1082,1679 1107,1679 1133,1679 1158,1679 1183,1679 1208,1679 1234,1680"/>
                <TextEquiv>
                    <Unicode>quodammodo moueri, simpersicitur au¬</Unicode>
                </TextEquiv>
            </TextLine>
            <TextLine id="r1l95" custom="readingOrder {index:37;}">
                <Coords points="746,1729 951,1738 1106,1730 1134,1709 1156,1731 1223,1732 1243,1730 1243,1686 746,1698"/>
                <Baseline points="751,1720 776,1720 802,1719 827,1719 853,1719 879,1719 904,1719 930,1719 956,1719 981,1719 1007,1720 1032,1720 1058,1720 1084,1720 1109,1720 1135,1720 1161,1721 1186,1721 1212,1721 1238,1721"/>
                <TextEquiv>
                    <Unicode>tem moueri, non dicimus Quod </Unicode>
                </TextEquiv>
            </TextLine>
            <TextLine id="r1l97" custom="readingOrder {index:38;}">
                <Coords points="756,1778 1102,1767 1197,1779 1242,1770 1242,1734 1214,1728 1193,1748 983,1729 960,1741 756,1739"/>
                <Baseline points="761,1759 786,1760 811,1761 836,1761 861,1761 886,1762 911,1762 936,1762 961,1762 986,1762 1011,1762 1036,1761 1061,1761 1086,1761 1111,1761 1136,1761 1161,1761 1186,1761 1211,1762 1237,1762"/>
                <TextEquiv>
                    <Unicode>gitur semper &amp; motus erat, &amp; </Unicode>
                </TextEquiv>
            </TextLine>
            <TextLine id="r1l99" custom="readingOrder {index:39;}">
                <Coords points="750,1810 1237,1809 1237,1781 1209,1772 750,1781"/>
                <Baseline points="755,1803 780,1803 805,1804 830,1804 855,1804 880,1804 905,1804 930,1804 955,1804 980,1804 1006,1804 1031,1804 1056,1804 1081,1803 1106,1803 1131,1803 1156,1803 1181,1803 1206,1803 1232,1802"/>
                <TextEquiv>
                    <Unicode>erit omni tpre, &amp; quodnam sit princi¬</Unicode>
                </TextEquiv>
            </TextLine>
            <TextLine id="r1l101" custom="readingOrder {index:40;}">
                <Coords points="749,1866 778,1850 863,1862 1044,1850 1071,1866 1085,1852 1237,1850 1237,1820 1106,1813 1069,1833 951,1813 749,1822"/>
                <Baseline points="754,1846 779,1846 804,1846 829,1846 854,1846 879,1846 904,1846 930,1846 955,1846 980,1846 1005,1846 1030,1846 1055,1845 1081,1845 1106,1845 1131,1845 1156,1844 1181,1844 1206,1843 1232,1843"/>
                <TextEquiv>
                    <Unicode>pium perpetui motus, adhaec au¬</Unicode>
                </TextEquiv>
            </TextLine>
            <TextEquiv>
                <Unicode>cerunt mentionem. principia enim. 3
ipsius tribuunt mouentibus secundum
huiusmodi motum. Disgregatio enim &amp; 
congr egatio motus secundum locum
sunt. sic autem mouent amicitia, &amp; 
lis: ipsarum enim haec disgregat, il¬
la autem congregat. Atque mentem
primum mouentem dicit Anaxago
ras disgregare. Similiter autem &amp; qui¬
cunque talem quidem nullam causam di¬
cunt, sed propter vacuum moue¬
ri dicunt. etenim hi eo, qui secundum
locum est, motu naturam moueri
dicunt. motus enim qui propter va¬
cuum fit, latio est, &amp; vt in loco: alio
rum autem nullum inesse primis
sed ijs, quae sunt ex his, putant.
augmentari. enim &amp; diminui, &amp; al
terari, cum congregantur, &amp; disgre
gantur, impartibilia corpora di¬
cunt. Eodem autem modo &amp; quid
cunque per densitatem, aut raritatem
conficiunt grnenationem, aut cor¬
ruptionem: congregatione enim &amp; 
disgregatione haec disponunt. Am
plius autem &amp; poter hos, qui animam
cam motus faciunt. ipsum enim se¬
ipsum mouens principium esse di
cunt eorum, quae mouent. mouet
autem animal seipsum, &amp; omne animatum eo,
qui secundum locum est, motu. Et pro
prie quoque moueri dicimus so¬
lum, quod mouetur eo, qui secundum lo
cum est, motu. si autem quiescat
quidem in eodem, augmentetur autem,
aut diminuatur, aut alteretur,
quodammodo moueri, simpersicitur au¬
tem moueri, non dicimus Quod 
gitur semper &amp; motus erat, &amp; 
erit omni tpre, &amp; quodnam sit princi¬
pium perpetui motus, adhaec au¬</Unicode>
            </TextEquiv>
        </TextRegion>
    </Page>
</PcGts>
