1416 2066
207 173 700 230 tur aut ipsam agere in alterum con
222 221 694 265 trariorum continue scilicet in motu aut quie
224 252 703 298 te, aut agat vtrunque. non continue scilice
218 300 715 342 quietem quandoque, & motum quandoque, comtinua
223 326 707 370 tio enim in successione istarum duarum
222 373 713 410 actionum est ordinatio, & cursus in ea
220 404 703 450 dem dispone. Et hoc intendebat, cum d.
223 441 705 482 aut erit simplex, &c. i. quod natura in¬
222 478 710 522 nata est in alterum duorum scilicet aut vt
223 525 714 568 actio eius erit simplex, & vna, scilicet quod fa
217 556 707 594 cit alterum contrariorum tantum: & hoc in¬
227 592 707 634 tendebat per simplex: aut faciet duo
229 629 717 671 contraria successiue. Et intendebat
226 668 714 707 declarare per hoc quod sermo dicentium
226 705 704 756 quod omnia erant quiescentia tpere infini¬
227 741 710 786 to, deinde mouebantur, est sermo non
225 787 705 818 naturalis. hoc enim non videtur esse de actio
224 816 698 858 ue naturae. necesse est enim in actioni
218 856 716 903 bus naturae esse continuationem, & aeter
230 892 711 942 nitatem, aut in agendo alterum contra¬
230 930 710 981 riorum tandum, v. g. vt motus ignis ad su¬.
230 973 709 1018 perius semper, & terrae ad inferius, aut
227 1004 715 1055 in agendo duo contraria successiue,
226 1044 707 1094 sicut hoc, quod inuenitur de generatio¬
231 1084 715 1128 ne, & corruptioe consequetibus mo¬
230 1116 717 1162 tum solis, & aliis contrarijs sequenti
226 1153 708 1194 bus istum motum. Et, quia Emiped. di¬
226 1197 708 1243 cebat mundum generari quandoque, & cor
232 1229 710 1279 rumpi quandoque secundum continuatione, d. quod ser
233 1269 710 1318 mo illius magis participat sermoni
222 1300 711 1349 bus naturalibus. D.d. iste enim sermo,
232 1341 707 1381 &c. i. qui. enim d. istum sermonen de mun¬
230 1380 714 1418 do scilicet ipsum moueri quandoque, & quiesce
226 1420 714 1465 re quandoque, scilicet in teperibus determinatis, fa
225 1454 711 1497 cit uaturam habere aliquem ordinem,
230 1493 714 1543 inquantum agit illud, quid agit conti¬
232 1530 708 1570 nue, licet mutetur de contrario in com
232 1567 712 1617 trarium. Et d. aliquem ordinem, quia or
233 1605 711 1660 do completus est agere alterum contra¬
232 1644 704 1683 riorum continue. Et, cum d. quod iste ser¬
229 1678 719 1724 mo magis communicat cum sermonibus na¬
235 1717 717 1770 turalibus d. post hoc in quo egredi
234 1757 715 1802 tur ab eis, & d Sed deberet dicens hunc
235 1791 711 1833 sermonem, &c. I. sed dicens hunc ser¬
734 173 1227 218 monem deberet dicere aliquam ratio
740 212 1232 259 nem, per quam affirmaret ipsum, & ali¬
741 251 1237 303 quam causam, per quam esset. dicens enim hoc
736 293 1241 330 deberet dare duo scilicet dmronem, quia aut
734 329 1234 378 prper quid, aut vtrunque. Et hoc inten¬
738 367 1226 408 debat, cum d. sed deberet dicere causam,
743 404 1231 442 &c. & oportet, sicut dixit, dicentem ali¬
740 441 1232 484 quem sermonemn affirmare ipsum, aut
738 477 1226 528 per demronemn, aut per inductionem, non
747 516 1241 565 ponere ipsum sine aliqua ratione. Et
747 556 1231 602 e hoc, quid d. non ponere aliquid. pos¬
739 593 1237 645 sumus intelligere, & non ponere ip¬
739 633 1235 678 sam opinione, & pot intelligi & cam
738 662 1232 715 opinionis. Empedocles enim cum posuit
740 705 1239 751 opinionem suam in hac intentione, pone
738 741 1238 786 re etiam debuit causam opinonis. D.d. ista
742 780 1233 819 n posita non sunt causae. & intendit il¬
741 819 1235 858 lud, quid posuit Anax a. cum d. & intelli¬
746 860 1232 906 gentia coepit distinguere mixtum,
746 893 1239 938 postque non distinxerat ipsum tempore
743 929 1239 979 infinito. & quod posuit etiam Empedocles
742 967 1238 1010 de amicitia, & site non sunt primae
738 1008 1234 1055 camae: istae enim indigent causis. Et, quia
738 1046 1238 1096 cam, quam Emped. dedit in hoc, non est
746 1084 1236 1122 vera, nec poet euadere ab obiectioni
744 1117 1227 1159 bus, d. nec iste, &c. i. nec Empe. etiam de
740 1157 1234 1207 dit causam veram in hoc, quod mundus quie¬
740 1194 1235 1247 scit quandoque, & mouetur quandoque, cum d. & causa
737 1230 1231 1274 istorum duorum motuum contrariorum in
743 1269 1229 1318 mundo scilicet in comoregatione, & segre¬
742 1297 1226 1356 gatione partium est lis, & amicitia, scilicet quod
738 1353 1233 1386 amicitia congregat multa, & facit
747 1388 1231 1436 ea vnum, & lis segregat vnum, & facit
742 1419 1228 1471 ipsum multa. Et, cu d. quod Emped. ni
743 1461 1229 1506 hil inducit in hanc causam, incoepit da¬
743 1494 1229 1538 re corruptionem istius eamae: & d. Et, si
742 1532 1229 1579 haec duo, &c. i. &, si haec duo contra¬
749 1570 1235 1610 cia sunt determinata in se, necesse est
745 1608 1229 1651 vt illa duo, in quibus existunt ex rebus
745 1652 1227 1683 naturalibus sint determinata in se¬
740 1680 1229 1722 cum impossibile est vt contraria sint
744 1719 1229 1771 in eodem. Quapper oportet dicentem
751 1756 1228 1793 hunc sermone determinare illa, in
750 1796 1235 1843 quibus existit lis, & distinguere ea, in
