1416 2066
195 180 710 222 essentialiter scilicet de quiete in quietem,
198 224 706 270 transmutatio vero, quae sequitur trans
196 261 705 305 mutationem, non est de quiete in quie
203 293 701 338 tem: & ideo non est transmutatio exis
206 341 710 379 per se. Et, cum posuit quod omnis transmu
207 378 705 412 tatio est de quiete in quietem, dixit: &
203 407 704 454 res, quando manet in illo, &c. i. & res trans
198 445 705 493 mutabilis, quando quiescit in illo, ad quod
200 483 710 522 transmutatur, tunc non trasmutatur
202 517 703 568 quoniam iam transmutata est. & si
208 557 704 606 militer, quando quescit in illo, a quo trans¬
206 597 700 636 mutatur secundum omnes suas partes, non dicitu
200 629 709 675 tunc transinutari ipsam. Et, cum posuit
201 669 706 714 quod, cum aliquid secundum suas omnes pertes fuerit
198 709 700 747 in illo, ad quod transmutatur, non tianmsmu¬
202 744 702 796 tatur quoniam iam transmutatom est, & similiter, quandom
202 782 701 835 fuerit secundum omnes partes in eo, a quo
205 821 709 858 transmutatur, quoniam nondum transmu
204 862 701 898 tatur, dixit: sequitur necessario, &c. i.
204 899 704 935 sequitur necessario vt transmutatum
202 932 707 983 in prima transmutatione sit secundum quam
209 971 697 1010 dam partem in eo, a quo est trans
203 1008 705 1057 mutatio, & secundum aliam in eo, ad quod est
204 1047 701 1097 transmutatio primo, nam impole
211 1084 705 1122 est vt in tpe transmutationis sit in v¬
206 1122 703 1162 troque insimul secundum omnes partes: quoniam tunc
200 1157 703 1210 esset quescens, & motum insimul. Et
204 1197 695 1247 impossibile est etiam vt in prima transmu¬
204 1236 701 1282 tatione sit in neutro scilicet neque in illo,
200 1270 703 1323 ex quo est transmutatio, neque in eo,
206 1317 709 1361 ad quod est transmutatio primo. quoniam
202 1349 709 1398 inter illud, ad quod est trasnutatio,
210 1388 699 1426 & illud, ex quo est transmutatio pri
213 1416 695 1472 mo, non est medium. Et, cum po¬
202 1460 702 1498 suit hoc, dixit: sequitur necessario
212 1496 697 1539 vt transmutatum, &c. D.declarauit est
222 1534 705 1577 unt haec duo, & dixit: Et intelligo,
210 1573 696 1623 &c. idest & intelligo per hoc, quod
215 1609 703 1660 dixit, quod transmntatum in prima trans
213 1652 705 1690 mutatione debet esse secundum quandam
208 1686 701 1737 partem in eo, a quo est transmutatio
208 1724 698 1772 & secundum aliam in eo, ad quod est tran
210 1760 702 1811 smutatio primo, non postremo. quoniam
208 1797 714 1850 non est necesse vt transmutatum in pii
734 180 1248 227 ma transmutatione sit secundum quandam
738 218 1239 266 partem in eo, ex quo, & secundum aliam in
733 253 1231 298 eo, ad quod est transmutatio in postre¬
735 294 1212 329 mo, cum inter haec duo sit medium.
739 333 1237 378 Et induxit exemplum de transmuta¬
737 367 1235 418 tione in qualitate. & de qualitare in
739 407 1234 455 coloribus, cum primum appareat in hac
736 446 1231 493 transmutatione. bene apparet. enm quod
733 478 1232 522 in coloribus est color, inter quem, &
732 519 1231 567 illum, a quo est transmutatio, non
737 554 1224 594 est medius. Et consyderandum est
742 605 1218 642 uid sit primum in vnaquaque qua
733 631 1225 675 tuor transmutationum. nam ista de¬
732 669 1227 720 monstratio fundatur super hoc, quod
732 710 1220 747 hoc primum inueniatur in omnibus trans
733 744 1225 794 mutationibus. Dicamus igitur quod hoc
742 781 1225 818 primum est naturalilitur in transmutationt
739 821 1227 861 bus, quae sunt in qualitate. & manife
726 865 1223 898 stum est in coloribus, cum bene apparet
739 895 1220 945 quod inter colores sunt media finita in
731 932 1207 970 numero naturali. Et intellioo hic
733 962 1229 1010 medium non illd, quod diuersatur secundum
733 1007 1218 1059 magis, & minus, sed illud, quod di¬
732 1044 1218 1091 uersatur secundum formam, & qualitatem
739 1092 1220 1130 quoniam palidum non differt ab albo secundu
731 1121 1226 1162 magis, & minus. sed secundum qualitatem.
733 1156 1227 1202 &, si non, essent eiusdem species. In
726 1204 1226 1251 gustabilibus autem videtali quod ita est, sicut
731 1235 1231 1285 in coloribus. In primis autem quali¬
730 1276 1229 1315 tatibus scilicet caliditate, & frigiditate vivetsalite
735 1309 1225 1355 quod medium est temperatu. trasmu¬
730 1347 1222 1387 tatum enim in primo, cum transmu
730 1381 1226 1426 tatur de calido in frigidum, dicitur,
731 1428 1223 1472 quod quoddam est in calido, & quod¬
733 1470 1223 1499 dam in temperato: cum inter cali¬
732 1498 1225 1538 dum, & temperatum non est quali¬
735 1533 1224 1578 tas nmedia diuersa secundum formam, sed
731 1572 1225 1624 secundum magis, & minus. Quam manife¬
734 1610 1222 1650 stum est per se, cum transmutatum amit
735 1647 1225 1698 tit partem calidi, & acquirit partem fri¬
738 1685 1212 1736 vidi, quod quaedam pars eius est in calido
731 1723 1229 1771 & quaedam in tpato: quoniam non est cali¬
731 1762 1231 1812 dum secundum totum, neque temperatum secundum to¬
731 1797 1227 1850 tum. Et similiter, quando amittit aliquam par¬
