1416 2066
184 179 686 226 a, & in loco moti i, & in loco spatil,
197 228 690 268 c, & in loco temporis, in quo moue
194 257 691 308 tur per istud spatium, per: dico quod omnis
200 294 689 346 motor, cuius potentia est aequalis
190 332 678 370 isti motor, scilicet A, mouet in hoc tem¬
194 369 686 419 pore dimidium n, quod est motum
195 404 689 455 per duplum istius spatii, quod est c, &
202 444 688 489 mouet ipsum per totum istud spa¬
194 482 684 522 tium in medietate temporis p. De¬
198 520 689 561 inde d. quoniam hoc modo erit finita, i. po¬
198 565 693 607 tentia motoris. Et hoc est ita, quod ve¬
199 594 688 637 locitas propria vnicuique motui seque
201 631 686 675 excessum potentiae motoris super po¬
196 668 685 706 tentiam moti. & ideo, cum diuiserimus
203 705 679 746 motum, contingit necessario vt pro¬
206 743 683 792 portio potentiae motoris ad motum
196 782 689 832 sit dupia illius proportionis: & sic
196 821 691 858 velocitas erit dupla ad illam veloci
199 856 686 903 tatem: ergo mouebitur in illo tpe
194 892 684 938 per duplum illius spatil, & in dimi¬
195 934 681 970 dio eius per totum spatium. & hoc com
196 972 685 1014 mune est in omni motore, cuius po
197 1009 690 1042 tentia est finita. vtrum vero hoc sit
197 1042 685 1082 commune, & potentiis mouentibus
200 1079 688 1122 non corporalibus, si aliquid sit tale,
205 1117 687 1154 habet quodnem difficilem. Necessario
194 1151 682 1195 enim debet esse resistentia inter moto
201 1190 691 1226 rem, & rem motam. siue motio fuerit
194 1228 682 1266 naturalis, aut innaturalis: & ista re
201 1264 688 1307 sistentia communis est, secundum quod alterum est
203 1305 690 1351 agens, & reliquum patiens. Vnde dici
194 1340 688 1379 mus in virtutibus coelestibus mouen
196 1377 692 1428 tibus quod non mouet quaecunque: poten
196 1417 681 1462 tia quodcunque corpus coeleste, sed quali¬
209 1454 695 1498 pet potentia mouet corpus proprium
201 1487 681 1540 in velocitate propria. sed omnes coue¬
202 1526 685 1574 niunt in hoc, quod mouent in infini¬
199 1565 685 1602 tum. Et secundum hunc modum non est pro¬
204 1602 690 1648 portio inter eas. & motum. secundum vero
204 1646 686 1685 quod vnaquaeque earum mouet corpus
202 1675 689 1722 proprium velocitate propria, secundum hoc
206 1713 693 1754 habent proportionem propriam ad mo¬
200 1749 688 1790 tum, vel cum moto. Sed ista proportio
184 1789 688 1842 videtur indiuisibilis. vnde igitur accidit
714 181 1214 218 istis potentiis istud:? Et forte hoc ac
720 218 1211 258 cidit ex diuersitate naturarum mo
725 258 1211 298 uentium, quae non sunt in materia
718 294 1209 344 in nobilitate secundum magis, & minus,
721 333 1213 378 & diuersitate naturarum corporum,
718 381 1211 413 quae mouentur ex eis. Hoc autem,
718 407 1219 458 quod motus eorum, scilicet corporum coele¬
723 444 1221 493 stium est in tempore, licet non sit
720 481 1214 530 proportio inter potentias motiuas, &
718 520 1223 555 mobiles, accidit ex natura motus.
716 556 1216 594 Motores autem, qui sunt in materia, si
714 593 1215 644 aliquis eorum haberet potentiam in¬
719 630 1225 680 finitam, contingeret vt motus esset
719 669 1211 716 in non tempore. & haec declarabun¬
718 708 1214 747 tur in vltimo Octaui libri. & Arist.
721 749 1215 793 non loquitur hic, iusi de motoribus
723 780 1213 830 materialibus. quoniam ista perscrutatio
716 815 1206 858 est vtilis in dispositionibus motorum
720 855 1216 891 non materialium, vt post declarabi
717 889 1207 930 tur. & in alio libro dixit, hoc enim mo
718 925 1220 977 tor erit proportionatus. & quod est in
715 964 1207 1003 hac translatioe, scilicet nostra, est melius,
760 1013 1221 1058 Et, si eadem potentia idem in
718 1056 1215 1098 hoc tpere per tantam mouet, & per
718 1101 1217 1140 dimidiam in dimidio mouebit:
712 1141 1221 1185 & dimidia virtus per dimidium
721 1189 1213 1235 mouebit in aequali tempore per
716 1220 1224 1277 aequale. vt ipsius Apotentiae sit
722 1264 1210 1306 dimidia, quae ipsum s, & ipsius
725 1308 1213 1347 oe ipsum E dimidium. Similiter
726 1342 1216 1391 gitur se habet, & secundum propor¬
716 1384 1214 1427 tionem virtus ad grauitatem.
718 1426 1223 1468 quare per aequale, & in aequali
721 1465 1052 1506 tempore mouebunt.
762 1503 1218 1562 Et, si eadem potentia mouet
722 1548 1217 1610 idem in tali tempore per tale spa¬
722 1594 1224 1655 tium, mouebit ipsum per dimidium,
719 1640 1219 1698 illius spatii in dimidio illius tem¬
722 1685 1220 1746 poris: & dimidium illius poten¬
722 1732 1223 1778 tiae mouebit dimidium illius rer
722 1780 1219 1843 in aequali tempore per aequalem
