1416 2066
188 172 695 230 existente in magnitudine aequali ali¬
187 216 689 258 cui magnitudini alterius elementi,
191 257 680 307 fuerit minor potentia existente in ma¬
188 293 686 347 gnitudine aequali alterius elementi, &
189 333 682 378 debilior illa in quantitate terminata.
191 380 681 426 v. g. quod potentia in vna palma ignis fue¬
186 413 684 458 rit dupla potentiae, quae est in vna palma
184 454 686 504 aeris, quoniam tunc, si totus ignis fuerit fi¬
188 494 682 538 nitus, & totus aer fuerit infinitus, com
186 529 690 583 tinget necessario vt aer corrumpat
199 566 683 618 gnem: & sic elementum finitum non ser¬
191 607 685 650 uabitur cum elemento infinito: quare
188 646 687 690 mundus corrumpetu. Et posuit, quod po
199 692 690 734 entia partis terminatae elementi finiti
193 725 688 773 est maior potentia partis aequalis illi¬
190 764 686 813 ex infinito. quid a pont aliquis dicere, quod
188 813 690 850 torum elementum infinitum non corrumpet
190 845 692 890 finitum, nisi posuerimus quod potentiae dua
191 880 693 922 rum partium aequalium in quantitate sint
187 919 683 970 aequales in qualitate. & ideo dixit, quod
184 958 687 1012 idem sequitur & si potentiae partium aequa¬
186 997 685 1051 lium in quantitate fuerint diuersae in
187 1037 689 1082 contrarietate. non enim accidit vt quaedam
191 1077 687 1126 excedat quandam, nisi quantitate fini¬
194 1125 691 1163 ta, cum sit manifestum per se quod quanto
196 1156 684 1207 magis augmentatur quantitas corpo¬
197 1195 685 1250 ris, tanto magis augmentabitur po¬
193 1243 691 1286 tentia eius: & cum corpus diuisibile
195 1276 689 1318 habuerit quantitatem infinitam, ne
200 1311 684 1355 cessario habebit potentiam maiorem
198 1349 693 1397 potentia corporis finiti maioris. Et
192 1397 688 1442 omnes istae, propones sunt manifestae per
191 1428 686 1479 se, nisi propositio dicens elementa
199 1469 691 1518 esse contraria: & accepit illam, aut
196 1507 687 1558 secundum famositatem, aut concessam, quia
196 1549 689 1586 declarabitur in hac scientia. & hoc est
197 1584 682 1627 rectius quia sic contradictio erit de
188 1629 689 1675 monstratiua, non disputatiua. &, cum
195 1662 685 1715 destruxit partem dicentem, composi¬
191 1704 682 1747 tum esse infinitum, quia vnum ele¬
188 1751 687 1794 mentorum, ex quibus componitur, aut
189 1788 683 1831 plura vno, sunt infinita in quantita
185 1823 681 1874 te, reuersus est ad secundam partem scilicet
194 1863 621 1906 vt vnum eorum sit infinitum.
768 172 1216 218 Vnumquodque autem infinitum
713 221 1221 267 esse est impossibile. Corpus enim
721 260 1225 306 est, quod omniquaque dimensio¬
720 300 1226 354 nem habet. Infinitum autem, quod
721 348 1223 404 infinite extensum est. Quare in¬
717 388 1219 435 finitum corpus vndequaque exten
712 431 1059 474 sum erit in infinitum.
763 476 1225 540 Et impossibile est etiam vt vnu¬
721 533 1223 582 quodque, eorum sit infinitum. Corpus
723 572 1219 634 enim est illud, quod habet dimen¬
717 621 1227 674 sionem ad omnes partes. & infinitum
719 669 1223 730 est illud, quod habet dimensionem
713 716 1223 779 infinita. Ex quo sequitur vt corpus
715 764 1215 826 infinitu habeat dimensione infini¬
723 812 1221 875 tam ad oes partes, & sic elemento
714 861 1215 922 rum vnum infinitorum implebit totu.
723 908 1085 972 vbi igitur erunt reliquos
754 949 1216 1010 Dicit: Et impossibile est etiam vt compo¬
721 997 1223 1041 situm sit infinitum, quia vnunquodque
720 1039 1223 1082 elementorum, ex quibus componitur,
725 1077 1213 1121 est infinitum. quoniam corpus est illud,
718 1115 1226 1158 quod habet dimensionem lin omnibus
722 1157 1217 1206 partibus: & infinitum est illud, quod
718 1198 1218 1244 habet dimensiones infinitas: ex quo
714 1230 1224 1275 sequitur vt corpus infinitum sit infi
724 1270 1214 1322 nitum in omnibus partibus. Et hoc
724 1308 1226 1354 est necesse. quoniam, cum aliquid fuerit
720 1348 1214 1395 compositum ex duobus, necesse est vt
718 1389 1210 1440 definitio illius compositi sit compo
720 1428 1219 1467 sita ex definitionibus illorum duorum.
725 1468 1211 1520 v. g. quia definitio corporis est illud,
716 1516 1211 1560 quod expanditur ad omnes partes: & de
720 1547 1217 1586 finitio infiniti est illud, quod non ha
716 1588 1205 1634 bet finem: ideo definitio corporis it
714 1625 1211 1666 finiti est illud, quod extenditur ad
716 1664 1216 1706 omnes partes in infinitum. & iste locus
715 1703 1215 1746 est verus. & quia, si vnum elementorum
715 1742 1204 1786 fuerit infinitum, impossibile erit vt cun
718 1782 1212 1829 ipso sit aliud elementum finitum,
711 1822 1225 1867 nedum infinitum, dixit: & sic vnum
714 1869 1221 1906 elementorum infinitorum, & caetera.
