1416 2066
211 181 721 234 & paruitatem terminatam, quam
211 218 717 266 non pertransit scilicet quod non inuenitur
224 258 715 299 caro habens magnitudinem mino¬
223 296 721 338 rem ista. illa igitur magnitudo ter¬
223 340 725 378 minata, quae est carnis, quando exit
226 380 722 422 ex aqua, semper necesse est alterum
228 413 725 464 duorum: aut vt cesset generatio: aut
227 449 717 490 in magnitudine finita, & termina¬
231 486 711 537 ta, scilicet in aqua. erunt magnitudines aeque
231 525 723 577 es infinitae: & est minor maguitu¬
233 564 717 616 lo carnis minima: quod est impos¬
230 604 723 655 sibile. Ergo ponere quod quodlibet est
226 644 716 694 in quolibet, & quodlibet generatur
228 682 725 722 ex quolibet secundum exitum semper, non
211 721 702 771 secundum alterationem est impossibile.
229 758 713 810 D.dixit: Et etiam, si ista omnia ge
225 803 715 842 nera, &c. i. spes corporum consimi¬
222 836 717 890 lium, quas ponit Anaxagoras, pro ele
227 876 716 927 mentis, verbi gratia, caro, & os, & vniversali
227 915 718 968 omnia corpora, quorum definitio
226 953 725 995 totius, & partis est eadem. D.dixit:
223 996 717 1043 & non generantur, i. & istae partes
227 1032 721 1082 non generantur ex inuicem secun¬
233 1068 713 1118 dum transmutationem, sed secundum quod
225 1116 723 1146 exeunt a seinuicem, & ante exitum
226 1147 725 1188 erant in seinuicem: sed vnunquodque
231 1183 721 1222 eorum vocatur diuersum ab altero secundum
226 1221 719 1276 illud, quod dominatur in seipso. D.di
232 1268 716 1311 xit: quoniam &, si illud quid erit, &c. i. quoniam
222 1298 715 1338 cum posuerimus, quod illud, quod ex
231 1336 719 1379 carne secunda exit, est minus primo,
231 1381 723 1429 & tertium est minus secundo, & quar
227 1418 717 1458 tum est minus tertio: & manifestum
228 1460 721 1503 est per se, & declaratum etiam, quod caro habet
223 1493 717 1530 mensuram terminatam in paruitate,
226 1524 720 1570 quam non pertransit: necesse est alterum
229 1566 724 1611 duorum: aut vt generatio cesset, aut
228 1613 727 1657 vt in corpore finito sint corpa aequa
235 1645 715 1683 lia infinita. Et iste sermo est in for¬
224 1692 726 1731 ma syleli hypothetici. cuius pcedens
232 1726 718 1774 est, & etiam si ista generatio &c. conse¬
230 1763 721 1810 quens autem est, quod impossibile est, vt
226 1798 720 1842 quodlibet sit in quolibet, &c. sermo
229 1837 701 1882 residuus declarat consecutionem.
794 181 1247 226 Ad haec autem, si omne qui¬
757 221 1239 275 dem corpus, remoto quodam
750 268 1254 307 minus necesse est fieri: carnis au¬
753 304 1255 359 tem determinata est quantitas
753 348 1253 387 & magnitudine, & paruitate:
752 389 1247 442 manifestum est quod ex minima car¬
755 436 1241 482 ne nullum segregabitur corpus
749 470 1259 522 erit enim minor minima. Amplius
749 510 1255 554 autem infinitis corporibus inesset
757 551 1247 602 vtique iam caro infinita, & san¬
751 595 1245 651 guis, & cerebrum, separata tamen ab¬
751 637 1257 682 inuicem, nihil autem minus en
750 678 1252 730 tia, & infinitum vnumquodque.
747 719 1199 763 hoc autem irrationabile est.
803 773 1247 837 Et cum hoc, si esse corpus, quado
751 821 1255 886 ex eo diminuitur aliqua pars, ne¬
755 877 1251 933 cessario fit minus: & quatitas car
746 916 1244 978 nis est terminata in magnitudine,
749 964 1249 1027 & paruitate: manifestum est, quo
747 1013 1249 1074 niam impossibile est, vt ex mini¬
753 1061 1253 1120 ma carne exeat corpus omnino, quo¬
753 1109 1251 1162 niam, si ex ea diminuitur aliquid,
751 1164 1256 1202 erit minor minima. Et etiam ne¬
749 1202 1251 1263 cesse est, vt in corporibus infinitis
757 1250 1253 1313 sit caro infinita, & sanguis infini
755 1297 1247 1354 tus, & medulla infinita: & vnu¬
757 1345 1255 1412 quodque, eorum non est minus illo in
745 1395 1249 1450 hoc, quod est infinitum: & hoc est
745 1449 980 1491 extra rationem.
789 1484 1251 1539 Et haec est etiam quarta ratioci¬
750 1532 1250 1570 natio, qua contradixit, vt generatio
749 1567 1247 1617 sit secundum exitum corporum in
748 1606 1252 1650 infinitum, & dicit: Et, cum sit mani¬
751 1645 1252 1695 festum per se, quod omne corpus, quan¬
755 1685 1245 1722 do ex eo diminuitur aliquid fit mi
752 1721 1246 1770 nus: & etiam est manifestum per se,
750 1765 1252 1806 quod quantitas carnis est terminata in
754 1801 1247 1854 magnitudine, & paruitate: manife¬
755 1838 1257 1882 stum est, quod ex minima carne, scilicet
