1416 2066
205 173 707 226 Et contrarium in loco est distan
215 224 711 275 tissimum in rectitudine, quoniam
215 269 713 330 minima linea recta est finita: et
211 316 533 378 finitum est paruum.
254 394 704 443 Cum posuit quod omnis motus est
214 434 711 482 de contrario in contrarium, incoepit
223 478 709 515 notificare quae sunt contraria in lo
218 516 705 555 co, & dixit: Et contrarium in loco, &c.
216 554 707 599 i. & loca contraria sunt illa, inter quae
222 589 707 625 est maxia distantia recta: & ista sunt
219 627 705 666 superius & inferius simpliciter. & di
218 670 710 707 xit in rectitudine: quia distantia ma
224 701 707 746 xima, & minima non definiuntur, ni
218 740 713 779 si per lineam rectam. &, si non, possibile
224 777 703 827 est ponere inter quaelibet puncta di¬
218 812 699 850 stantias infinitas arcuales diuersas
223 853 706 898 Et hoc intendebat, cum dixit: quoniam mi¬
215 885 709 936 nima linea recta est finita, i. quoniam mi¬
223 929 713 962 nima linea recta posita iter duas di¬
223 961 703 1003 stantias est vna. & hoc intendebat cum
224 1000 703 1050 dixit, finita. &, quia minima linea in
222 1036 700 1087 ducta inter duo puncta est recta, ne¬
217 1072 709 1114 cesse est vt maxima linea in mundo,
221 1113 711 1159 cuius vnius finis est supius simplici
220 1147 711 1194 ter, & secundus est inferius simpirstur,
222 1188 699 1234 difiniatur per rectam, quoniam haec est fi¬
223 1228 708 1266 nita, i. vna, a lineae autem arcuales Sunt
225 1261 713 1299 infinitae. & ideo in eis non inuenitur,
218 1300 711 1338 maxima linea, neque minima. D.d.
225 1337 705 1378 & finitum est paruum. & intendit
225 1375 705 1418 per finitum, rectum, quia inter duo
228 1412 705 1450 puncta non cadit, ex eo nisi vnum tamen.
220 1453 708 1498 & intendit per paruum, brene. i. & b
224 1490 702 1524 inea recta est breuissima linea in¬
220 1525 710 1562 ducta inter duo puncta opposita. &
224 1565 706 1610 sta linea est mensura, cum men¬
218 1597 458 1635 sura sit minima.
245 1661 706 1714 Consequenter autem est inter
218 1709 705 1754 quod, post principium solum, exi¬
215 1745 705 1793 stens aut positione, aut natura,
206 1789 710 1842 aut alio aliquo sic determinatum,
740 173 1230 221 nihil est eorum, quae sunt in eo¬
743 217 1235 258 dem genere, & id, ad quod conse¬
739 260 1243 307 quenter est: dico autem, vt ad li¬
737 306 1234 339 neam, linea, vellineae, aut ad vni¬
741 348 1237 387 tatem vnitas, vel vnitates, aut
736 380 1239 420 ad domum domus: aliud aut est ni¬
738 417 1238 470 hil prohibet esse inter. Conse¬
739 460 1239 511 quenter enim ad aliquid est conse¬
738 500 1234 546 quenter, & posterius aliquid est.
739 547 1239 587 non enim vnum consequenter est
735 581 1243 626 ad duo, neque noua Luna ad secun¬
735 625 1237 675 dam consequenter est, sed haec ad illa.
779 661 1236 722 Et dico Sequi in illo, quod est
738 709 1235 763 post principium, aut in situ, aut
736 764 1223 810 forma, aut in alia intentione, &
739 800 1241 861 cum hoc fuerit positum non erit
738 845 1236 908 inter illa aliquod illius generis. v.
741 893 1241 951 qu, aut lineae sequatur lineam, aut
744 949 1238 993 vnitas, aut vnitates sequantur
743 981 1243 1042 vnitatem, aut sequatur domus do
737 1029 1239 1092 mum: & nihil prohibet vt inter
740 1077 1230 1135 haec duo sit aliquid non illiusmodi.
737 1125 1241 1185 Seques enim est sequens in aliquo
736 1180 1234 1227 priori, & in aliquo posteriori. non
743 1216 1236 1276 enim vnum sequitur duo, neque, nox
732 1261 1239 1322 nouilunu sequitur noctem futuram,
739 1308 1106 1370 sed ista sequitur illam.
783 1372 1233 1418 Et dico Sequi, &c. i. & dicitur Se¬
737 1413 1232 1466 qui in re, quae est post aliam, quae
738 1449 1234 1498 est quasi principium, aut in situ, vt
737 1493 1243 1537 cum dicimus domum sequi aliquam
742 1526 1236 1573 domum, aut in forma specifica. v.
739 1568 1231 1611 gratia quod animal ambulans sequi¬
738 1596 1236 1642 tur hominem. Et intendit per aliam
740 1637 1233 1683 intentionem sequens secundum na¬
741 1672 1233 1727 turam. verbi gratia quod duali¬
741 1713 1230 1754 tas sequitur vnitatem, & trinitas
738 1748 1230 1800 dualitatem, &, vt cum dicimus quod in
730 1788 1235 1843 sermonibus narratio sequtur, proemium.
