1416 2066
205 185 716 242 cum enim rectum hoc sit, neces¬
218 232 717 274 se est triangulum duobus rectis
218 283 716 329 aequales habere. sed non, si hoc est,
218 320 729 363 illud est. sed si hoc non est, neque il¬
225 361 725 402 lud rectum est. In ijns autem, quae propter
222 401 728 451 aliquid fiunt, econtrario, si finis
224 445 721 493 erit, aut est, & id, quid est ante, erit,
219 483 715 538 aut est. si vero non, sicut ibi, si non
225 528 718 570 sit conclusio, principium non erit
222 573 721 621 sic & hic finis, & id, gratia cuius
228 612 713 670 principium enim & hoc est, nem
229 654 724 707 actionis, sed cogitationis, ibi au¬
224 696 723 738 tem cogitationis, actiones enim
224 740 395 786 non sunt.
267 781 719 846 Et necessarium est in poctrina,
228 828 714 890 & in eis, qui secundum cursum Natu¬
216 876 721 939 ralem sunt quodammodo similia.
222 925 713 986 quonia, quia rectum est tale, nece,
225 982 725 1035 se est vt anguli, & trianguli sint
218 1021 718 1082 aequales duobus rectis & no, quia
219 1069 722 1132 fuerit tale, fuit illud, sed hoc, si non
219 1116 715 1178 esset tale, illud non esset rectum. Et
219 1165 711 1226 illa, quae sunt propter aliquid, si fi¬
214 1218 715 1279 nis intenta per illa fuerit praesens,
217 1261 718 1323 aut futura fuerit, illa etiam, quae
205 1311 718 1370 sunt ante, erunt praesentia, aut fu¬.
222 1357 721 1410 tura. &, si non suunt, quemadmodim
216 1408 716 1472 ligitur illic, si conclusio non fuerit
222 1460 722 1519 non erit principium, similiter haec
223 1504 716 1569 est dispositio finis, & illud propter
227 1554 730 1611 quid hoc enim etiam est principiu
222 1612 719 1658 sed non est principium operationis,
215 1651 711 1706 sed cooitationis, & principium il¬
219 1684 729 1762 lic est cogitationis, quia illic non
220 1749 407 1794 est operatio.
263 1795 719 1834 Idest & necessitatem esse in Doctri
219 1837 717 1889 na, & in Nalibus est consile quodam¬
220 1874 729 1914 modo scilicet quoniam in vtroque inuenitur neces¬
747 181 1245 235 sitas ex positione. Et dixit quodam
751 228 1247 266 modo. quia ex prioribus in doctri¬
753 268 1251 318 na consequuntur posteriora, cum con¬
745 317 1243 363 clusio, quae est posterior in scia secundum tmens,
752 349 1240 399 sequitur ex propositionibus, quae sunt prio
749 385 1249 437 res in esse, aut illa, quae sunt priora in tem
757 429 1243 477 pore, sequuntur posteriora. Et simili¬
753 466 1252 520 tudo inter illa est. quoniam, si propones
752 507 1244 546 fuerint, erit conclulio necessario, &
751 544 1249 585 non sequitur est contrario: &, si finis fue¬
752 583 1243 625 rit, erunt illa, quae sunt ante finem. & in
749 624 1245 675 hoc diuersantur hae c duo. propositio¬
751 662 1243 714 nes igitur secundum hunc modum assimi¬
746 701 1245 742 lantur fini, conclusio autem assimilatur
747 748 1245 786 eis, quae sunt ante finem. Et, cum dixit:
757 780 1247 830 quod necessitas est in eis consimilis, in¬
747 822 1255 866 coepit declarare similitudinem, &di¬
746 861 1246 898 xit: quoniam quia rectum est tale, &c. & i
749 897 1251 951 doctrina inuenitur aliquod simile ne
755 935 1253 990 cessario, quod est in gneratione, quoniam ex
755 975 1249 1029 esse propositionum sequitur esse con¬
752 1014 1244 1058 clusionis v. g. quia angulus extrinse
750 1055 1244 1098 cus in triangulo valet duos intrinse
753 1093 1253 1145 cos sibi oppositos, & cum angulo se¬
750 1135 1249 1179 quenti valet duos rectos, haec est cam
755 1173 1251 1227 in hoc, quod anguli trianguli sunt aequa¬
752 1213 1249 1263 les duobus rectis. propositiones igitur
747 1252 1250 1290 sunt illa, prper quae est res, conclusio ve
746 1293 1245 1336 ro est illud, quod est ante illud, prper
754 1329 1240 1377 quod est. & intendebat per rectum triam¬
755 1369 1247 1420 gulum rectorum laterum. & intende¬
755 1407 1251 1450 bat per tale, hoc, quod extrinsecus va¬
751 1446 1255 1490 let duos intrinsecos, & cum sequente
759 1485 1253 1538 valet duos rectos. D.d. & non, quia
746 1525 1251 1575 hoc est tale, fuit illud tale. i. & non,
750 1565 1252 1616 quia anguli triaguli valent duos re¬
747 1602 1249 1654 ctos, est necesse vt angulus extrinse¬
754 1642 1259 1683 cus sit talis. i. quoniam haec non est causa
751 1685 1253 1722 illius. D.d. sed, si hoc non fuerit, &c.
753 1720 1257 1770 i. si non fuerint anguli aequales duo
750 1759 1252 1803 bus rectis, triangulus non erit recto
749 1796 1259 1846 rum laterum. D.d. & illa, quae sunt perper ali¬
750 1835 1258 1889 quid, &c. i. & dispositio conclusionis
757 1877 1248 1931 cum proponibus est dispositio eorum,
