1416 2066
206 180 715 234 rationalitas inuenitur in corpore ho¬
206 228 714 267 minis, & rationalitas, & corpus sunt
228 268 718 306 partes hominis, & honio disponitur,
231 298 711 346 er rationalitatem, possibile est dicere
221 341 717 384 rationale esse in se. Et intendit, quoniam,
228 381 718 433 cum pars dicitur esse in toto, & totum
219 420 706 471 dicitur esse illud, quod dicitur esse pars
231 456 707 508 ossibile est tortum dici esse in se, i. in
221 495 712 538 suo toto, vt dicitur homo esse infiimus
218 541 711 590 ratione partis. v. g. oculi. D.d. cyphus
223 574 714 628 gitur, &c. i. dicere autem aliquid esse
216 613 708 664 in se principaliter non scilicet dicitur pio
222 653 711 707 pter partem. v. g. quoniam vas, in quo est
227 694 707 739 vinum, non dicitur esse in se, neque vinum
219 731 707 780 quod est in vase, dicitur esse in se, quia
206 767 700 819 non accidit ei, vt in eo sint duae par
223 804 703 858 tes, quarum altera est in reliqua, com.
222 844 712 895 gregatum autem ex eis econuerso,
219 885 704 935 v. g. dolium, aut cyphus dicitur esse
221 921 713 964 in se, quoniam pars ex eis est in toto, & est
218 958 714 1011 in toto, quia est in secunda parte. &
221 996 711 1042 hoc non accidit, nisi vbi totum nomi
214 1037 707 1087 natur a nomine partis. Et iste mo¬
221 1076 705 1128 dus transumptiuus vsitatur in om¬
223 1117 707 1154 nibus idiomatibus, scilicet vt aliquid
214 1154 714 1208 dicatur gratia suae partis. sed ista tram
221 1192 716 1244 sumptio non est vsitata apud Arabes,
220 1231 717 1282 scilicet dicere rationale esse in se, &
222 1269 712 1314 si secundum suum idioma deberet
219 1309 714 1363 esse, quoniam totum apud eos dispo¬
206 1348 644 1402 nitur per dispositionem partis,
262 1388 717 1444 Sic igitur contingit quippiam
211 1436 716 1474 in seipso esse. primo autem non con
221 1477 712 1522 tingit vt album in corpore. super¬
218 1517 718 1557 ficies enim in corpore, scientia autem
218 1556 718 1602 in anima, secundum haec autem, quae partes
218 1603 720 1652 sunt, vt in homine, appellationes
223 1645 711 1690 existunt. amphora autem, & vinum,
218 1692 719 1739 cum seorsum quidem sunt, partes
210 1724 704 1778 non sunt, sed cum simul. quapro
214 1767 717 1818 pter, cum sint partes, erit ipsum in
206 1813 715 1853 seipso. vt album in homine, quoniam in
215 1853 717 1906 corpore: & in hoc, quoniam in superfi¬
745 180 1257 234 cie: in hac autem non amplius secundum
741 228 1248 282 aliud est. & diuersa quidem spe¬
748 277 1249 314 cie haec sunt, & aliam naturam
748 315 1240 362 habet vtrunque, & potentiam,
747 351 1151 410 & superficies, & album.
784 394 1251 459 Secundum igitur hunc modum
745 443 1239 507 potest esse aliquid in se, principali¬
738 492 1245 555 ter vero non. superficies enim est in cor
743 540 1249 594 pore, & scientia in anima. & se¬
740 588 1245 652 cundum ista, quae sunt partes, v. g.
735 635 1239 699 in homine erut nomina. cphus au¬
739 684 1245 748 tem, & vtnum, cum fuerint sepa¬
736 732 1240 790 rata, non erunt partes, sed cufue¬
734 778 1245 834 rint insimul & ideo, cum fuerint
738 825 1246 890 partes, erit ipsum in se. vt album
738 874 1242 935 in homine, quia est in corpore eius:
739 923 1247 981 & est in corpore eius, quia est in
736 972 1238 1027 superficie: ipsum autem esse in hoc
739 1017 1236 1066 non est propter aliud, & haec duo
739 1076 1235 1132 diuersantur in forma, & vtrunque
737 1112 1249 1175 habet naturam et potentiam alia
747 1173 1241 1227 anatura reliqui, et a potentia eius
746 1211 1199 1267 scilicet superficies, & album.
783 1276 1235 1331 Secundum igitur hunc modum, &c.
743 1317 1245 1370 i. propter hoc, quod aliquid disponitur,
749 1353 1243 1401 per illud, per quod disponitur aliud,
749 1390 1236 1447 piopter hoc disponitur aliquid per
742 1434 1238 1486 illud, quod inuenitur in illo primo.
747 1473 1237 1525 D.d. principaliter vero, &c. i. quoniam al¬
743 1509 1245 1554 bedo in corpore non est principaliter,
745 1549 1243 1594 neque scientia in homine, sed albedo
742 1589 1234 1641 principaliter est in superficie, & su¬.
744 1628 1239 1672 perficies in corpore, & scientia in anima.
749 1663 1239 1706 D.d. & secundum ista, &c. i. & in omnibus
741 1706 1237 1746 inueniuntur duae significationes pri¬
744 1741 1244 1786 ma, scilicet & secunda, sicut in rebus. D.d.
745 1789 1240 1832 cyphus vero, & vinum, i. vas autem,
739 1820 1247 1866 in quo est vinum, & vinum, cum fue¬
740 1860 1242 1914 rint separata, scilicet quando vinum non
