1416 2066
184 909 652 946 De Propo sito buius scientiae. Cap. 1.
450 940 666 987 Voniam cogno¬
443 981 663 1027 scere, ac scitur com
443 1021 673 1074 tigit circa omnes
438 1061 663 1117 methodos, quae
442 1104 670 1154 rum sunt princi
445 1149 664 1195 pia, aut causae,
444 1189 660 1235 aut elementa
172 1237 666 1274 ex horum cognitione: tunc enim pu¬
165 1275 663 1328 tamus cognoscere vnunquodque,
171 1321 675 1362 cum cauns primas cognouerimus, &
175 1356 660 1406 principia prima, & vsque ad ele¬
173 1396 669 1450 menta: manifestum est quod & ea, quae
174 1439 668 1482 st circa principia seniae, quae de natu¬
178 1485 673 1530 ra est, primum determinatur tentandum.
367 1521 666 1578 Vonia dispositio certi
370 1572 670 1627 tudinis, & sciae in oni
366 1618 675 1680 bus vus, habentibus
351 1667 661 1730 Apricipia, aut causas,
182 1718 673 1779 aut elementa, non acquiritur nisi
185 1764 667 1827 ex cognitione istoru: credimus enim
698 893 1201 960 in vnaquaque rerum ipsam scire, cum
695 944 1188 1002 sciuerimus causas eius simplices
698 993 1198 1058 & prima principia eius donec per
699 1053 1199 1091 ueniamus ad elementa eius: mani¬
701 1086 1195 1146 festum est quod in scia naturali etiam
698 1148 1198 1194 oportet primo quaerere determina
701 1197 1076 1242 tionem principiorum eius.
861 1233 1194 1282 Ncoepit hunc librum a cam
864 1271 1181 1322 iper quam fuit consydera
854 1309 1179 1361 tio huius seiae in cogni
853 1352 1180 1390 tione caurum rerum natu
694 1389 1178 1438 ralium, & dixit. Quoniam disposi
703 1427 1183 1477 tio. idest. quia declaratum est in poste¬
694 1465 1184 1506 rioribus quod dispositio seniae certae in omni
698 1501 1185 1554 bus artibus demtratiuis, consyderanti
699 1539 1193 1587 bus de rebus habentibus cauns, vel vnam
704 1589 1187 1631 quatuor causarum, aut plures vna, aut
705 1620 1182 1671 mnes, non acquiritur nisi ex cognitionc
700 1656 1182 1706 causarum. Et non intendebat per sciam,
696 1696 1179 1748 & certitudinem synonyma: ?7quoniam no
699 1734 1190 1778 mina synonyma non vsitantur in
700 1774 1188 1820 scientia, & doctrina demonstratiua:
