1416 2066
200 164 705 210 mo, qui est posterior bipede, & ani¬
214 205 711 254 mali, accipiatur in definitione bipe
210 245 709 294 dis, & animalis, aut homo albus, qui est
216 292 715 330 posterior albe dine, & homie, accipia
210 321 707 362 tur in definitione homns, & albedinis,
212 358 693 410 quoniam, si ita esset, tunc causatum prae
212 398 713 443 cederet causam. Et, cum posuit hanc
219 445 712 488 propositionem dicentem quod animal, &
211 482 707 526 bipes, & vniversaliter lla, quae accipiuntur in de
210 517 713 554 finitionibus rerum, non definiuntur
214 552 704 602 per illas res, incoepit facere mentio¬
209 593 709 634 nem de propositionibus praedecla¬
213 636 710 682 ratis scilicet quod accidentia su nt duobus mo
218 668 704 715 dis. est enim accidens separabile, & inse
214 709 708 755 parabile. & in definitic nibus insepa
215 750 703 794 rabilium accipitur illud, de quo pran¬
213 789 713 836 dicantur. & congredat eas cum hac
214 814 704 871 propositione, & declarat inducendo
212 862 705 906 ad inconueniens illud, quod inten¬
215 901 714 947 debat declarare, scilicet quod animal, & bipes non
214 948 696 990 praedicantur de homine secundum quod sunt ac
218 977 702 1018 cidentia. Et dixit: Et, si illa sunt ta¬
214 1017 713 1059 lia, &c. i. & cum istae propositones
218 1056 707 1107 sintipositae scilicet quod homo non accipitur i
217 1094 707 1147 definitione bipedis, & quod accidentia
214 1133 711 1183 sunt duobus modis scilicet modo, quo non
218 1173 712 1222 separantur a subiecto, & in quorum
218 1212 706 1250 definitione accipitur subiectum, & mo¬
212 1252 706 1291 do, quo quandoque separantur a subiecto,
218 1285 699 1330 manifestum est quod, cum posuerim
200 1326 710 1375 quod animal, & bipes sint accidentia homi
212 1372 702 1414 ni, & coniunxerimus eis has propo
218 1404 712 1442 sitiones scilicet quod accidentium aliud est
219 1443 706 1495 separabile, & aliud inseparabile, &
219 1481 709 1530 quod in definitione inseparabilis acci¬
220 1518 715 1569 pitur subiectum, in quo est, sequetur,
220 1560 715 1607 ex hoc alterum duorum impossibi
219 1597 709 1647 lium. quia, si bipes, & animal fuerint ac¬
218 1634 704 1674 cidentium separabilium, sequitur ho
214 1669 709 1722 minem esse quandoque non animal, & quandoque
221 1709 710 1761 non bipedem, si vero inseparabilium,
217 1748 703 1786 sequitur vt homo accipiatur in defi¬
214 1796 710 1834 nitione animalis, & bipedis: & vtrunque
217 1824 708 1867 est impossibile impossibile enim est vt homo
742 164 1253 209 sit, & careat vita. & impossibile est
744 206 1244 250 etam vt homo accipiatur in definitione
742 244 1242 283 bipedis, sed est est conuerso. &, cum
743 285 1243 336 istud impossibile sequitur, si posueri¬
739 332 1243 363 mus quod bipes, & animal sint acciden
741 359 1241 403 tialin homine. ergo manifestum est
745 401 1238 453 quod non sunt accidentia in eo. D.d. Et
742 437 1232 488 si bipes, & animal, &c. i. si bipes, & animal, qua
739 476 1237 514 accipiuntur in definitione entis, ac¬
743 517 1235 554 cidunt alicui subiecto alteri ab ho¬
738 553 1239 602 mine, ex eis, quae pEedicantur de homine, quem
746 592 1240 644 posuimus similem enti apud eos, &
737 629 1239 674 ista accipiuntur in definitione ho¬
741 669 1239 714 minis, manifestum est quoniam ex hoc se¬
740 714 1232 761 quitur vt honio, qui est similis enti i
740 756 1242 794 positione, sit accidens: & sic vnum ens
739 786 1237 839 apud eos erit accidens, non substan¬
740 823 1233 873 tia, quod est contra positum. Et ab
747 861 1230 906 preuiatio summae istius sermonis
738 908 1228 947 est. quoniam illa, quae accipiuntur in definitio
740 941 1231 987 ne entis, aut erunt de natura entis,
734 981 1232 1018 aut erunt accidentia: si autem acciden
740 1021 1237 1058 tia, aut subiectum eorum erit ens, aut
741 1056 1241 1109 aliud praedicabile de illo. si igitur sub¬
736 1099 1236 1131 iectum eorum erit ens, non erunt ac¬
738 1135 1241 1187 cidentia in eo. quoniam accidentia aut sunt
738 1171 1238 1224 separabilia, aut inseparabilia: sepa¬
743 1213 1239 1251 rabilia autem possunt esse extra illud,
738 1249 1239 1301 in quo sunt: sed ab illis, quae accipium
740 1288 1245 1330 tur in definitionibus, impossibile est
748 1330 1234 1370 vt definita separentur: iseparabilia ant
744 1364 1237 1403 definiuntur per subiectum, sed non sub
742 1402 1234 1455 iectum per illa. Vnde impossibile
738 1440 1233 1482 est vt illa, quae accipiuntur in definitione
738 1485 1230 1532 entis, sint accidentia in eo. & impos
744 1519 1231 1562 sibile est vt sint accidentia in alio¬
743 1557 1233 1603 nam, si fuerint accidentia in alio, &
746 1597 1239 1634 sint accepta in definitione entis, com
740 1637 1243 1684 tinget vt ens sit de natura eorum: &
741 1672 1239 1722 sic vnum ens apud eos erit accidens. &
743 1708 1239 1762 hoc est contra illud, quod dicunt: etiam
747 1748 1237 1788 si dixerint ipsum esse accidens, sequ¬
738 1785 1243 1826 tur impossibile pedictum. Et cum destructi
742 1824 1235 1875 sunt omnes modi, secundum quos possibile est di¬
