1416 2066
191 180 702 227 Et, cum declarauit quod translatio fecit
191 227 705 266 homines percipere locum esse, decla
201 268 701 299 rauit modos translationis facientis
206 301 702 338 hoc, & dixit: Et iste modus alius est
205 349 700 379 translatio, &c. deinde dixit: & cum
203 381 696 418 illud, quod erat taanslatum, &c. i. at¬
206 416 700 458 tribuitur ad vbi magnum, & paruum.
206 454 692 504 & in quibusdam libris loco Tsattri
204 493 703 545 buituru legitur, transfertur. IEt indu
204 540 701 583 xit hoc, quia hoc etiam debet praepo
204 574 692 624 ni cognitioni de loco scilicet quoniam locus ali¬
207 607 687 659 est maior, & alius aequalis, & quod ip
198 648 704 698 sum existere in maiori est propter.
205 688 693 738 suam existentiam in minoi, scilicet in aequali¬
213 725 702 777 vt dictum est. & secundum hoc vocauit aequa
191 767 702 815 lem minorem. locus enim impossibile
209 805 701 842 est vt sit minor locato. Aut inten
206 844 699 896 debat augmentum, & diminutionem,
207 884 697 934 in exemplari animalis. augmentabile.
203 919 701 961 enim mouetui ad maiorem locum, &
200 960 682 1002 diminutum ad minorem locum.
226 1000 689 1043 Et, cum declarauit quod motum, & mo
202 1044 688 1089 tus fecerunt homines percipere lo
211 1076 691 1122 cum esse, declarauit modos mobilium,
210 1122 694 1168 vt distinguat ex eis illum modum, qui
208 1154 695 1210 fecit homines percipere locum esse
202 1194 698 1234 essentialiter, & dixit: Motum autem
204 1236 701 1275 aliud mouetur per se, &c. & intende
204 1276 690 1326 bat per hoc innuere, quod motum, quod
207 1315 694 1354 de necessitate habet locum, est mo¬
191 1351 695 1403 tum essentialiter, & quod hoc fecit ho¬
209 1392 700 1435 mines percipere locum esse. D.dixit:
210 1433 699 1475 Et illud, quod mouetur per accidens,
211 1470 701 1514 &c. i. quoniam membrum, quando diuiditur a
208 1509 697 1561 corpore, potest moueri per se quie¬
212 1548 698 1600 scente corpore. quando autem mouetur
206 1596 694 1640 per motum totius corporis, mouetur
216 1637 697 1676 per accidens. & similiter, quando clauus in
212 1664 695 1706 naui mouetur per motum nauis, mo¬
214 1713 695 1760 uetur per accidens, & quando mouetur di¬
207 1743 701 1786 uisim a naui, mouetur per se. & istemo
209 1782 695 1826 dus moti per accidens est pars, cui at¬
211 1819 695 1875 tribuitur motus propter hoc, quod
207 1862 696 1915 attribuitur toti. quoniam id, quod mouet
728 181 1228 235 per accidens, est duobus modis, sicut
726 224 1222 266 dixit. vnus est, vt motus attribua
727 261 1227 320 tur parti propter hoc, quod attribuitur to¬
730 302 1222 346 ti. & istud motum quidem per accidens
736 340 1222 391 potest moueri essentialiter, quando pars
726 380 1218 430 diuiditur a toto, & fit totum per se
749 419 1225 466 Secundus vero est, vt motus attri¬
726 454 1224 499 buatur accidenti rei motae, vt cum at¬
732 501 1217 550 tribuitur albedini, & nigredini. & ta
731 534 1219 588 le motum per accidens impossibile est vl
732 574 1225 618 moueatur in aliqua hora per se, cum
726 620 1218 665 accidentia, & viiuersaliter omnia, qua
729 655 1217 702 sunt in substantia, non possint sepa¬
733 693 1223 742 rart. & ista dispositio est omnium for¬
730 736 1224 782 marum, quae existunt in subiecto. &
730 768 1199 818 fuit dictum de hoc modo moueri
728 805 1221 851 accidens, sicut dixit. quoniam ista non di¬
730 847 1222 891 cuntur mutare locum, & moueri, nisi
736 886 1223 941 quia illud, in quo sunt, mutat locum
735 924 1213 975 per se, & transfertur, sicut pars trans¬
727 964 1213 1016 fertur per translationem totius, & al¬
726 1006 1194 1047 bedo per translationem corporis.
774 1045 1225 1090 Quoniam autem dicimus esse
726 1084 1218 1138 in coelo, vt in loco, quia in aere,
733 1133 1225 1170 hic autem in coelo est, & in aere
730 1172 1227 1222 autem non toto, sed propter vlti
726 1213 1216 1267 mum ipsius, & continens, in ae¬
718 1254 1226 1299 re esse dicimus. si enim totus aer sit
724 1300 1210 1348 locus, non aequalis erit vniuscu¬
723 1341 1219 1391 iusque locus, & vnumquodque. vi¬
725 1386 1227 1435 detur autem aequalis esse. talis au¬
728 1424 1146 1482 tem est primus, in quo est.
773 1465 1221 1514 Et dicimus aliquid esse in calo,
726 1509 1222 1570 intendendo ipsum esse in loco, quia
730 1563 1212 1618 est in aere, & aer est in coelo, &
726 1609 1220 1671 dicimus ipsum esse in aere, no quia
731 1660 1221 1717 est in toto aere, sed quia vltimum
730 1709 1218 1770 eius, et illud, quod continet ipsum,
725 1757 1219 1818 est in aere. &, si totus aer esset lo¬
725 1811 1219 1868 cus eius, tunc locus cuiuslibet, &
727 1853 1217 1915 quodlibet non essent aequalia. &¬
