1416 2066
207 180 707 232 Quoniam autem est latio &
212 220 711 266 huius circularis, numeratur au¬
220 260 713 316 tem vnumquodque vno quodam
221 304 718 347 cognato, vnitates vnitate, equi
220 348 713 386 vero equo, sic & tempus tempo
218 381 704 427 re quodam finito. Gmensurat ur
215 427 713 476 autem, sicut diximus, & tempus
218 462 715 507 motu, & motus tempore. hoc
217 503 714 546 autem est, quia a determinato
221 549 715 587 motu tempore mensuratur &
221 586 701 628 ipsius motus quantitas, & tem.
215 623 714 675 poris. 7si igitur primum mensu
214 665 712 706 ra omnium cognatorum est cir
218 716 709 746 cumlatio, regularis mensura ma¬
224 748 709 785 xime erit, quia numerus huius
221 789 704 840 notissimus est. Neque igitur alte¬
222 836 713 875 ratio, neque augment atio, neque
230 876 706 914 generatio regulares sunt, latio
219 908 709 956 autem est. Quapropter & vide.
223 946 709 995 tur tempus esse sphaerae motus,
225 988 698 1032 quia hoc mensurantur alii mo
222 1028 708 1067 tus, & tempus hoc motu. Pro¬
221 1076 713 1114 pter hoc autem & quod consue
224 1108 711 1147 tum est dici accidit. dicunt enim
219 1146 712 1194 circulum esse humanas res, &
224 1189 719 1226 aliorum motum habentium na
217 1228 701 1277 turalem, & generationem, & cor¬
207 1269 718 1318 ruptionem. hoc autem est, quia
220 1309 703 1347 haec omnia tempore difudican¬
227 1349 705 1403 tur, & accipiunt finem, & prin¬
224 1389 718 1434 cipium, ac si secundum quandam
218 1429 711 1480 periodum sit. etenim tempus ip
220 1469 711 1524 sum esse videtur circulus quidam,
224 1510 705 1565 hoc autem rursus videtur, quia
224 1550 712 1594 huiusmodi lationis mensura est.
218 1588 713 1643 & mensuratur ipsum ab huius¬
219 1645 715 1687 modi. Quare dicere rerum eas,
219 1677 709 1714 quae fiunt, esse circulum, est dice¬
222 1715 708 1770 re temporis esse quendam circu¬
222 1756 718 1806 lum. hoc autem est, quia mensuratur
224 1794 716 1842 circulatione, praeter f4. enim men
739 179 1252 232 suramTnihil aliud videtur esse
745 221 1235 274 quod mensuratur, quam multae men¬
740 267 934 312 surae, totum.
785 301 1243 359 Et haec, quia est transtatio, ex
741 348 1241 402 qua est motus circularis, & vna¬
739 389 1243 451 quaeque rerum numeratur per aliquid
741 446 1237 499 sui generis, quoniam vnitates nu¬
741 500 1245 542 merantur per vnitatem, & equi
747 539 1241 579 per equum, similiter tempus necel¬
747 578 1243 635 se est vt mensuretur per aliquod tem
743 626 1239 684 pus terminatum. sed tempus, sicut
739 669 1247 722 diximus, mensuratur per motu, et
735 716 1239 775 motus per tepus. quonia tempus mo¬
741 764 1239 810 tus terminati mensurat quantitate
744 812 1239 858 motus, et quantitate temporis. et, cum
744 852 1240 915 per prima mensuram mensurentur
746 901 1237 963 omnia, quae sut vnius generis, dignius
740 949 1245 995 motuu, vt sit mesurans, est motus
747 994 1243 1042 circularis aequalis. quoniam nume
745 1041 1237 1098 rus istius motus est notior numero
739 1085 1243 1130 rum. Et motus alteratiuns non est
743 1133 1235 1195 aequalis, neque, motus augmenti, neque,
743 1188 1240 1243 motus generationis, trastatio vero
739 1220 1247 1288 aliqua e aequalis. Et ideo existima
742 1269 1238 1331 tur quod tepus est motus sphaerae,
748 1316 1233 1378 quonia per : stum motu mesuratur
745 1364 1243 1419 isti caereri motus tempus. Et ideo
745 1408 1235 1467 mos est dicere quod dispositioes ho
737 1452 1243 1509 rninum currunt secundum circu¬
743 1501 1236 1547 lum. vt cum homines dicut rotam
740 1549 1247 1609 infortunum, & similiter alia, quae
742 1596 1239 1652 habent motum naturalem, & ge
747 1651 1231 1698 nerationem, & corruptionem. &
748 1685 1242 1747 hoc dicitur, quia omnia experimen
739 1732 1241 1795 tantur per tempus, & in eo de¬
743 1781 1239 1841 sinunt, & incipiunt, quasi essent
