1416 2066
238 170 737 210 habet, proportionem maioris inaequalitatis su
236 206 732 245 pra mobile. si igitur omne mouens in mundo
236 242 736 276 moueretur ab eo, quod mouet, ex parte, qua
241 268 741 299 mouet, superat, ex parte, qua mouetur, su¬.
243 300 734 330 peratur ab eodem. quod non capit intellectus Ad tol
244 333 741 372 endam huiusmodi contradictionem dixerunt aliqui
238 360 731 400 quod non inconuenit idem esse mouens & mo
238 390 742 427 tum: & agens & patiens respectu eiusdem, sed
241 423 735 460 non secundum idem, sed secundum diuersa. vnde dico quod
243 457 740 491 reactio non fit per easdem qualitates, sed
235 493 733 527 per diuersas. vnde, si ignis agit in aquam per
238 524 734 559 caliditatem, aqua reagit in ignem per humi¬
242 549 738 586 ditatem. Sed ista opinio stare non pont. quia Aris.
234 580 732 622 in. 2. de gene. & corrup. in te. com. 24. dicit quod
234 611 737 648 omnia efnta possunt adinuicem transmutari.
234 644 731 676 & in te. 233. d. quod differunt in citius & tardius
240 672 738 708 quia in habentibus symbolum citior & faci¬
234 703 731 738 lior est transmutato & ex consequenti cum
239 737 737 770 talia esnta habentia synibolum, habent com¬
237 768 737 802 trarium solum vnam qualitatem, & sicut in ma¬
236 800 745 834 teria, & talis alteratio fiat per contactum, tunc
242 834 743 871 talis reactio erit secundum ea sdem qualitates: quid
238 862 735 898 concedimus. Et ideo aliter dicendum puto ad
239 893 730 934 praesentem contradictionem, vt locus iste re
234 925 733 962 quirit. nam materia ista pertinet magis ad li¬
242 958 738 994 brum primum de gene. & corrup. Dico igitur,
232 989 740 1027 quod omne agens corporeum communicans in eadem
235 1019 734 1052 materia cum passo in agendo paritur. & hoc
243 1049 734 1088 pot esse respectu eiusdem, contrarietatis. sed
234 1080 736 1114 hoc non enit eodem modo, sed diuersis. &
234 1112 740 1146 hoc non inconuenit, dicit enim Com. 3. phy. com. S
243 1144 741 1187 quod idem respectu eiusdem pont esse in actu et
235 1180 734 1217 in potentia secundum duos modos. vt panis respe¬
242 1207 740 1242 ctu corporis est in actu, & in potentia. nam
238 1244 742 1279 panis vt est in actu, agit in corpus, vt vero
243 1274 741 1312 est corpus in potentia patitur a corpote. similiter
242 1303 730 1340 ignis, vt est actu calidus agit in aquam vt est
246 1333 741 1372 potentia frigida, sed ignis patitur ab aqua,
237 1366 724 1402 vt est potentia frigidus, aqua vero agit
245 1395 739 1433 vt est actu frigida. ecce igitur quod si agit & pa
245 1427 730 1465 titur ignis, non est eodem modo, sed diuersis mo
242 1459 731 1493 dis. nam agere & mouere actus sunt. 3. phy.17
246 1489 729 1526 &. I. de gene. & corrup. te. com. 33. moueri ve
242 1523 735 1553 ro, & pari alterius sunt principii, videlicet
242 1556 742 1595 materiae & potentiae. quia igitur passio est
238 1586 736 1618 ratione potentiae, & ratione materiae, quae subilci
244 1620 735 1652 tur per potentiam, ideo quorum materia vna
247 1649 740 1688 est, talia dum agunt. necesse est quod patiantur
245 1679 731 1714 in agendo, quia talis actio est per contactum
243 1711 736 1754 &, cum sit communicatio in materia, quae est subie¬
246 1740 741 1778 sctum contrarietatis, per quam fit actio, de neces¬
242 1774 728 1810 sitate sequitur dictum Philosophi quod omne tale
243 1806 741 1842 dum agit, patitur. Sed, si instetur quod idem
242 1837 743 1875 respectueiusdem erit superans et superatum,
240 1876 741 1906 excedens & excessum, quod videtur absur¬
242 1902 735 1938 dum. nam, si ignis agit per calorem in aqua,
772 173 1273 210 habet proportionem maioris inaequalitatis
775 212 1276 242 in frigiditatem aquae: si econtra aqua per
775 236 1272 275 frigiditatem reagit i caliditatem, sequitur quod
768 269 1269 301 frigiditas habet proportionem maioris inae¬
781 300 1269 331 iualitatis respectu caliditatis: & ita idem
774 331 1271 362 erit excedens & excessum respectu eiusdem,
774 359 1273 394 Amplius sequeretur quod nunquam ignis posset
769 396 1275 426 assimilare sibi aquam, si ita agendo patitur, &
767 424 1268 460 patiendo reagit. Et confirmatur. quia agens,
766 454 1274 491 & patiens, aut sunt adaequata potentijs, & tunc
767 492 1267 527 non, puenit actio: aut agens est maioris poten¬
767 517 1273 554 tiae, & tunc mouebit, & non mouetur, aut est
765 556 1269 586 minoris, & tunc mouetur & non mouet. Am
766 581 1277 620 plius, sit motor agens secundum vltimum virtutis. in
771 611 1267 650 passum aliquod per longam distantiam, patet
768 649 1275 684 quod passum per totam illam distantiam non pont age
767 677 1270 715 re in passum: igitur aliquid agit, & non pari¬
764 708 1271 738 tur. Dicit Burleus quod secundum Arist, & Com. agens
771 737 1271 772 corporeum in materia conueniens cum passo,
764 770 1270 806 patitur in agendo non a toto, sed a, poximo.
771 798 1271 835 & d. quod non omne mouens mouetur, vt patet &
772 836 1270 869 primo motore, nec omne mouens corporeum
766 861 1273 898 mouetur a moto ab eo, vt corpus coeleste,
767 896 1269 931 sed omne corpus communicans in eadem materia cum
765 925 1273 966 moto, dummodo materia sit receptiua for¬
772 955 1269 994 mae, qua agens agit, quid apponitur propter sensi
769 988 1272 1020 bile, quid agit in sensum, sed non patitur a sensus
773 1019 1273 1050 & est motus alterationis per formam, qui li¬
762 1051 1263 1083 cet fiat per contactum, vt patet. 7. phy. te. c. 1x.
763 1082 1271 1121 nihilhominus non sit reactio. quia cum ma¬
762 1112 1271 1144 teria non sit receptiua formae contrariae, ideo
765 1145 1263 1178 sensibile non patitur a sensu. & tunc ad illud
770 1174 1270 1209 de excessu d. quod est secundum diuersas formas. sed
770 1207 1270 1242 illud stare non potest, vt diximus, quia tunc non
769 1241 1259 1279 posset in elntis symbolis esse reactio. Amplius
775 1269 1273 1306 in aqua frigida ponatur in calidam, patet ad
771 1302 1271 1338 sensum quod caliditas remittitur a caliditate.
770 1333 1269 1371 Paulus Venetus dicit quod quaelibet qualitas
764 1365 1272 1399 est actiua & passiua. & ideo idem respectu,
772 1396 1265 1430 ciusdem est agens & patiens, sed non eodem modo,
764 1427 1268 1459 licet sit secundum idem. quia mouens per formam eandem
768 1463 1273 1500 mouet, vt est in actu per illam, & mouetur, iquam
762 1491 1261 1531 tum per eandem est in potentia, vt illa est passi
767 1523 1269 1556 ua. vdndeo ignis per calorem agit, & per calorem pa
762 1552 1268 1594 titur: sed agit per calorem vt est actiua, & patitur
768 1589 1267 1626 per calorem vt est passiua. & similiter est de aqua
769 1620 1271 1650 respectu frigiditatis. vnde motor mouet vt
770 1648 1270 1685 est in actu, & mouetur vt est potentia mobilis.
769 1684 1264 1715 licet igitur mouens moueatur a moto, non
764 1712 1270 1746 mouetur ab eo inquantum motum, sed vt est mo
763 1743 1271 1775 tiuum: & motum mouet mobile, non vt est mo¬
771 1772 1263 1810 bile mouens, sed vt est potentia motum. vnde
767 1806 1263 1847 licet minus agat in maius, tamen agit a, proportio¬
765 1836 1264 1874 ne maioris inaequalitatis, ex quo maior est
771 1868 1271 1910 potentia actiua minoris, qua: potentia passiua
770 1899 1267 1938 maioris. Ista positio est contra pricipia Pinhis,
