1416 2066
182 181 697 230 dimisit eos perper hoc, quod accidentalitas
195 221 701 258 est manifesta in eis: & non voluit de
202 256 693 297 struere, nisi eos, in quibus accidenta¬
201 295 697 338 litas non est manifesta per se, cum hoc,
200 332 700 384 sicut diximus, quod nullus existimat vt
200 368 703 418 motum ex se sit tale scilicet de eis, in qui
200 406 694 458 bus accidentalitas est manifesta per se.
236 461 691 507 Qam autem mouet aliud quidem,
198 493 700 547 quod mouetur ab alio, aliud autem
199 541 696 579 immobile existens: & mouetur
192 581 694 618 hoc quidem mouens, illud autem ni¬
198 621 695 659 hil mouens, ipsum seipsum mo
203 658 699 700 uens necesse est ex imobili esse,
203 701 697 747 mouente tamen, & adhuc ex eo, quid
197 741 697 786 mouetur, non mouet autem ex ne¬
205 789 693 830 cessitate, sed qualitercunque eue.
205 820 699 871 nit. Sit enim A mouens quidem, & in¬
204 860 705 906 mobile: per vero id, quod & mouetur
202 899 695 946 ab A, & mouet id, in quo c: hoc
203 941 693 992 autem motum quidem ab ipso p, mo¬
203 988 691 1035 uens autem nihil. si enim & per plura ve¬
200 1021 695 1066 niat aliquando in ec, sit per vnum solum.
204 1065 695 1115 totum ergo ABC ipsum seipsum
196 1101 697 1150 mouet: sed, si aufero ipsum e,
204 1144 698 1189 ipsum quidem AB mouebit ipsum
195 1184 695 1234 seipsum: ipsum enim A est mouens,
199 1223 693 1281 Tvero, id quod moueu: ipsum au¬
204 1276 693 1313 tem cnon mouebit ipsum seip¬
181 1305 697 1346 Isum, neque penitus mouebitur. At
203 1348 695 1399 vero neque p C mouebit ipsa seip
204 1395 698 1434 sam sine ipso A. nam p mouet ex
202 1429 696 1484 eo, quia mouetur ab alio, non quia
197 1469 700 1522 a seipso parte aliqua. ipsum igitur
207 1508 699 1554 ABsolum seipsum mouet. Ne¬
202 1550 699 1594 cesse est igitur ipsum seipsum mo
203 1604 699 1634 uens habere mouens, immobi¬
204 1637 705 1674 le tamen, & id, quod mouetur, nihil au¬
204 1682 695 1727 tem mouet ex necessitate, tangen
205 1717 703 1763 tia autem aut vtraque seinuicem, aut
202 1757 698 1811 alterum alterum. Si igitur conti¬
198 1798 700 1842 nuum est id, quod mouet: vquod enim
729 171 1237 219 mouetur continuum esse necessa¬l
729 214 1223 258 rium est: 7manifestum est quod to
728 255 1220 307 tum ipsum seipsum mouet, non eom,
736 294 1222 347 quod ipsius aliquid huiusmodi sit, vt ip
726 336 1216 378 sum seipsum moueat, sed totum
726 381 1220 422 mouet ipsum seipsum, & mouens,
731 416 1221 458 & motum, eom, quod ipsius aliquid est
730 458 1221 505 ipsum mouens, & id, quod moue¬
730 498 1225 546 tur. non enim totum mouet, neque to¬
730 540 1217 588 tum mouetur, sed mouet quidem
732 581 1226 635 ipsuma, mouetur autem ipsum
734 628 1221 666 per solum. ipsum autem c ab ipso B
726 661 1219 706 non amplius. impossibile enim est.
765 724 1237 771 Et, quia aliquid mouet, autita,.
724 760 1222 818 quod moueatur ab alio, aut ita,
725 810 1225 873 quod no moueatur: & aliquid mo
727 860 1227 914 uetur, aut ita, quod moueat, aut
721 900 1217 962 ita, quod non moueat omnino, ne¬
731 948 1228 1009 cesse est, vt illud, quod mouet se,
725 996 1229 1058 sit ex non moto, sed est motor et ex
724 1044 1215 1097 moto, sed non necessario est motor,
725 1091 1219 1146 sed currit secundum vtrulibet. Sit
730 1140 1221 1195 igitur Amotor, sed non motum:
732 1198 1218 1242 & Bmotum ab A, & mouens
727 1229 1227 1290 C: & C moueatur ex E, & nihil
727 1277 1223 1339 moueat omnino, quoniam, cum ad hoc
725 1325 1223 1386 peruentemus cum medis pluribus
741 1373 1225 1435 vno, ponatur vnum medium tantu
733 1421 1225 1488 esse. ABCigitur totum mouet
728 1460 1227 1514 se. sed, si abstuleriinus C, remane¬
735 1509 1217 1570 bit AEmouens se: A enim est mo
724 1564 1225 1620 tor, & Bmotum: et Cnon mouet
724 1612 1220 1658 se, immo non erit omnino motor.
735 1649 1227 1707 Neque BC mouebit se sine A: E
733 1696 1213 1754 enim mouet, quia mouetur ab alio,
731 1740 1229 1803 non a parte aliqua ipsius: ARn.
734 1789 1219 1851 solum mouet se. Necesse est igitur
