1416 2066
177 180 693 232 quid, si ponatur mouere totum, & po
196 216 682 260 natur cum hoc moueri per accus, si
198 256 684 299 cut animae animalium, quod motus totius non
203 293 687 330 erit aeternus. D.di. necesse est vt sit
196 340 692 378 primus motor, &c. i, &, cum declara
198 368 690 418 tum sit quod ista mouentia mota quam
197 408 691 456 doque mouentur, & quandoque non mouen
190 445 684 484 tur per accuns, est necesse, sicut dixi¬
194 481 688 523 mus, si vnus motus est continuus, qui
193 517 694 562 non cessat, vt motor illius sit non
198 558 696 607 motus per accuns. Et intendebat per
201 597 693 646 hunc sermonem, vt videtur dissoluere quae
198 634 697 686 stionem contingentem ex istis motis
192 679 692 714 ex se, quae quiescunt quandoque, & mouen
192 709 690 761 tur quandoque. Quoniam, cum declarauit
198 744 683 796 quod motor in istis est motum per ac
202 782 691 826 cidens, & demrauit quod primus motor
194 830 692 866 rotius non est motum nec accntalitcur,
193 860 689 902 nec essentialectur, dissoluetur ex his duo¬
200 900 689 949 bus quaestio, contingens ex his in pri
199 935 693 978 mo moto ex se. ista enim existimantur
192 981 685 1022 quiescere, & moueri sine eo, quod mo¬
195 1013 685 1058 tor in eis moueatur omnino. Et, cum ap
194 1049 692 1099 paruit quod motor in eis mouetur per
194 1086 689 1138 accidens, & fuit demtratum quod mo¬
192 1126 684 1165 tor totius non mouetur per acciuns,
194 1165 687 1213 dissoluetur quod, contingens ex istis i
197 1201 689 1242 motu totius. Et potest intelligi ex hoc
199 1238 693 1282 sermone quod est demtratio per se, sicut
196 1281 690 1329 diximus. D.d. & quod remaneat ens ip
196 1315 692 1355 sum, &c. i. & necesse est vt sit hic pri
197 1353 696 1394 mus motor, non transmutabilis, vnus,
196 1394 694 1435 qui sit causa, quod mundus remaneat idem,
198 1428 690 1480 & secundum eandem disponem. principium
198 1466 690 1515 enim cum remanserit vnum, tunc illdm, cu
196 1503 689 1555 ius est principium scilicet totum remane
203 1540 693 1586 bit necessario: cum torum sit continuum
200 1584 696 1632 cum eo scilicet cum parte ipsius non gnera
194 1617 692 1672 bili, neque corruptibil scilicet cum primo
199 1658 693 1710 moto ap isto principio, quoniam, si ista
202 1697 689 1748 pars continua cum eo, fuerit gnerabi
198 1737 688 1789 lis, aut corruptibilis, tunc mundus non
195 1774 689 1825 remanebit idem, & erit illic princi¬
192 1814 704 1866 pium prius ipso, cum uecesse sit vt.
714 174 1215 219 motus sit ante motum inuentum ab
719 220 1216 256 eo. Et intendebat declarare quod, cum
719 253 1215 298 fuerit verum quod totum ens est eius¬
720 293 1221 332 dem dispositionis essentialitur, necesse
720 328 1221 371 est vt hoc sit a principio, quod est
722 371 1225 416 principium per se, non propter aliquid
723 408 1217 457 accuns. Et, si posuerimus quod istud pri¬
718 444 1223 482 cipium mouetur per acens, & fuerit
725 483 1219 533 iste motus necessarius in ipso moue¬
723 517 1221 571 re, continget vt aliquid sit essentia¬
726 557 1224 603 ictur in aliqua dispone a principio, quid
726 597 1220 644 est principium per acens. quod est
720 632 1214 678 impossibile. D.d. & aliquid moueri per
720 676 1223 714 acens, &c. & dixit hoc, quia forte ali¬
728 717 1216 760 quis potest dubitare in hoc, quod dixit.
718 752 1216 796 apparet enim quod ipse ponit istud princi¬
718 788 1223 834 pium mouens non motum, non quia
720 829 1215 867 alteratur, nec quia augmentatur ex
727 868 1211 913 extrinseco, neque quia mouit se in lo
722 901 1222 938 co per accuns: sicut accidit animabus anima
722 938 1219 987 lium, quia constituuntur per primum
721 975 1218 1022 subiectum, quoid mouet. a Sed istud
728 1013 1204 1063 pricipium non constituitur per subie
722 1049 1213 1100 ctum, quod mouetur ab ipso: sed est
728 1093 1213 1130 econuerso scilicet quod permanentia subiecti
731 1125 1219 1177 est secundum illud. Et hoc patebit perfecte
723 1166 1221 1213 cum fuerit declaratum quod iste motor non
724 1204 1206 1251 est in materia. Cum igitur posuit
726 1238 1211 1282 sicut dixit, quod istud principium non
727 1284 1211 1327 mouet se in loco per acens, & appa¬
727 1316 1214 1355 ret in quibusdam principiis aeternis
723 1354 1211 1394 hoc, quod mouentur ex aliis modo accun¬
727 1390 1223 1448 tali: & sunt corpora coelestia, in qui
724 1429 1217 1479 bus inueniunt motus plures vno, si¬
723 1469 1223 1517 cut est dispo i plauetis erraticis. mo
724 1506 1218 1555 tor enim cuiuslibet stellae, ex eis, scilicet qui
727 1543 1223 1595 est proprius vnicuique eorum: & est
722 1580 1220 1626 ille, qui mouet illam motu ab occi
726 1617 1226 1658 dente in orientem, mouetur per accuns a ma
718 1658 1223 1699 iori motore in primo moto maxio,
722 1696 1224 1738 & est motor a motu orientali: quoniam
723 1733 1223 1778 orbes istorum omnium sequuntur maxi¬
723 1780 1227 1824 me orbem in hoc motu. v. g. quoniam orbis
720 1809 1219 1871 solis mouetur a suo motore proprio
