1416 2066
200 181 709 237 te, quod densatur, corpore. Am¬
211 229 705 283 plius autem & augmentatio vt
208 268 708 316 detur fieri omnibus per vacuum.
215 312 703 363 alimentum enim corpus esse,
216 357 709 411 duo autem corpora impossibi¬
214 396 410 443 le simul esse.
262 437 713 500 Iste igitur est Vnus modus, ex
214 484 708 546 quo declarat uacuum esse aliquid,
220 533 704 594 & Alius modus est, quia nos vi¬
209 584 705 646 demus res, quae congregantur ad¬
212 629 699 690 inuicem, & condensantur. dicunt,
221 677 705 742 v.g. vinum. dolia enim occupani
208 728 710 783 ipsum cum vtribus, & sine. et hoc
214 777 707 843 significat hic esse loca vacua, ad
210 830 708 890 quae corpus congregatur, quando
213 877 705 939 densatur. Et etiam augmetum om
211 924 708 992 nes homines existimat ipsum esse
217 973 715 1030 mediante vacuo. dicut enim quod
210 1021 710 1083 nutrimentu est corpus, & impossi
216 1068 710 1130 bile est ut duo corpora sint insimul.
258 1116 702 1168 Cum declarauit quod vnum eorum
207 1159 715 1208 ex quibus probant vacuum esse, est
216 1204 705 1249 motus translationis, dicit etiam quod
218 1233 708 1274 ex densitate probant etiam vacuu¬
220 1274 707 1328 dicunt enim quod vnum corpus videt
219 1314 710 1359 constringi, & fieri miuus qui erat: &,
200 1357 718 1403 si vacuum non esset, contingeret vt
212 1396 708 1443 partes eius inuicem penetrarentur.
214 1429 712 1474 quod est impossibile. Deinde indu
223 1470 714 1507 xit tertiam rationem, & dixit Et etiam
217 1508 718 1561 augmentum, &c. i. quoniam nutrimentum,
218 1546 709 1593 quia est corpus adueniens corpori
219 1586 719 1627 nutribili, & penetrans ipsum, necesse
214 1623 706 1667 est vt in corpore nutribili sint fora
220 1662 709 1709 mina vacua, in quibus intrat cibus,
221 1709 721 1749 quoniam, si non essent illic forami
220 1742 707 1792 na, contingeret corpus penctrari.
241 1781 708 1832 Hae igitui sunt tres rationes, qua¬
222 1821 716 1866 rum vna est ex motu translationis,
219 1856 717 1906 & secunda ex densitate, & raritate,
742 179 1250 234 & tertia ex nutrimento. & impossi.I
741 220 1233 273 bile, quod sequitur ex eis secundum existi¬
741 269 1237 310 m ationem, est vnum scilicet corpus pene
736 300 1237 339 trari. & ratiocinatio ex vtribus est
740 338 1231 386 particularis, & reducitur ad rationem,
734 377 1059 426 ex densitate, & raritate.
779 413 1233 459 Testimonium autem et illud
741 461 1226 514 de cinere faciunt, TAqui tantum
742 508 1235 558 aquae Precipit, quantum vas va¬
733 541 1234 586 cuum. Esse autem affirmauerunt
743 589 1235 641 & Pythagorei vacuum, ipsumque
743 636 1245 682 coelum ex infinito spiritu, velu
738 668 1238 722 ti respirans ingredi. Et hoc esse
739 712 1239 754 vacuum, quod disterminat na¬
746 764 1238 806 turas: tanquam vacuum separa
740 796 1241 842 tio quaedam sit eorum, quae sunt
738 843 1234 882 consequenter, & disterminatio,
745 885 1237 931 et hoc esse primum in numeris.
745 931 1242 970 vacuum enim disterminare na
746 968 1002 1018 turam ipsorum.
783 1005 1237 1066 Et testatur apud eos hoc, quod
741 1053 1243 1114 accidit cineri, rec ipit eni ex aqua
743 1117 1235 1163 tantum. quantum vas, in quo erat
740 1151 1243 1216 cinis. Et Pythagorici dicebant va
741 1201 1241 1258 cuum esse, & quod per anhelitum
741 1249 1243 1298 intrat coelum. coelum enim attra¬
742 1297 1238 1354 hit ipsum cum hoc, quod attrahit,
743 1345 1231 1406 quando anhelat ex spiritu infini¬
738 1393 1244 1455 to. Et vacuu etiam est illud, quod
739 1442 1245 1506 distinguit inter naturas: quoniam
747 1490 1241 1546 vacuum est distinctio, & deter¬
741 1540 1241 1591 minatio inter consequentia. dicut,
748 1585 1249 1646 & hoc primo inuenitur in nume¬
746 1636 1244 1698 ris. vacuum enim apud eos distin¬
740 1692 1048 1738 xit naturam eorum.
789 1740 1235 1778 Et haec est alia ratio particularis:
746 1777 1236 1818 & induxit ipsam pro testimonio di
747 1813 1239 1866 centium vacuum esse. dunt enim quod idem
753 1855 1241 1906 vas tantum capit de aqua, quando est ple¬
