1416 2066
185 668 696 714 Cum declarauit hic ostensiue, &
206 714 694 757 post secundum exemplificationem, vult etiam
185 745 691 787 declarare hoc ducendo ad inconue
200 781 695 826 mens, & dixit: Et etiam, &c. i. & non
207 822 689 872 solummodo apparet hoc in aliis trans¬
202 859 686 911 mutationibus ex hoc, quod appa¬
200 896 691 943 ret in transmutatione, quae est in sub¬
204 932 684 983 stantia, sed hoc apparet vniversaliter in omnibus
204 970 685 1010 transmutationibus. quoniam omne transmu¬
205 1007 690 1050 tatum, cum transmutatur, venit in
197 1053 688 1097 aliud ab eo, a quo transmutatur, aut
198 1086 689 1135 vbi, aut quale, aut quantum. D.d.
199 1124 693 1173 quoniam, cum separatur ab illo, &c. i. &
196 1158 689 1203 hoc, quod diximus necesse est, quoniam,
202 1196 693 1244 cum transmutatum separatur ab eo,
196 1232 689 1283 a quo transmutatur, necesse est vt
200 1270 695 1321 sit in aliquo: & illud aut erit, ad quid
204 1309 691 1355 est transmutatio primo, aut erit a¬
202 1346 681 1386 liud ab eo, ad quod est tramsmutatio
201 1383 685 1432 non primo. Et, cum dixit: aut in hoc,
201 1419 682 1470 intendit illud, ad quod tiansmuta¬
194 1461 682 1499 tum transmutatur primo. Et, cum di¬
194 1493 694 1545 git, aut in alio: intendit ab eo, ad quod
202 1533 688 1581 est transmutatio non primo, quod
198 1573 690 1606 est medium in transmutationibus
193 1603 689 1651 habentibus medium, aut illud, ad
203 1653 690 1690 quod est transmutatio postremo in
201 1681 681 1721 transmutationibus, quae sunt secundum com¬
200 1716 690 1762 tinuum, vel habitum. Et cum dixit, quod, cum
194 1752 685 1794 transmutatum separatur ab eo, a quo
197 1796 694 1843 tramsmutatur, & est in aliquo, aut in
725 669 1221 722 illo, ad quod est transmutatio pri¬
722 707 1224 764 mo, aut in alio, dixit: Si igitur illud, quid
723 750 1237 797 transmutatur ad per, &c. i. ponatur icitur, l
719 777 1217 829 aliquod transmutatum separari ab eo,
716 824 1215 866 a quo transmutatur, & venire ad illud,
718 860 1221 906 ad quod transmutatio est primo, &
719 900 1221 947 sit p, & ponatur quod cum hoc transmuta¬
716 933 1218 978 tum transmutetur ad n, quod est in
714 972 1226 1024 alio. v. g. in c, sequitur necessario vt
719 1006 1220 1059 semper in c transmutetur ad n, & vt in E
721 1045 1223 1084 sit iam transinutatum. Deinde dedit
720 1085 1215 1130 causam in hoc, & dixit: quoniam c non est com
718 1124 1225 1162 tinuum ad pr, &c. i. & necesse est vt fit
721 1160 1221 1207 in c continuae transmutationis, quia
720 1194 1212 1234 c non est continuum ad i, vt transmu¬
720 1237 1219 1274 tatum sit in eo quiescens: & cum in ec
725 1272 1213 1320 non fuerit quiescens, necessario est
718 1308 1213 1346 in eo transmutatum. Et, cum declara
719 1347 1213 1396 uit hoc, dedit imposssle, quod sequitur
718 1379 1216 1432 si transmutatum fuerit in aliquo alio
716 1420 1213 1467 ab eo, ad quod est transmutatio pri
720 1456 1206 1498 mo, & dixit: ergo necesse est vt illud
726 1500 1210 1544 quod iam transmutatum est, &c. i. ergo
719 1532 1215 1570 necesse est vt transmntatum transmu¬
718 1568 1211 1610 tetur sper ad illud, ad quod iam transmu¬
723 1605 1214 1650 tabatur &, cum posuit quod est in primo, a
718 1642 1212 1685 quoodo transmutaur, sequitur vt transmu¬
721 1679 1217 1722 tetur ad illud, ad quod transmutaba¬
717 1717 1218 1762 tur: & sic ambulans ad aliquem locum
714 1754 1211 1802 est in illo loco, dum ambulat ad ipm¬
718 1795 1218 1845 &, cum contingit ei hoc impossibile, sequitur
