1416 2066
159 188 660 238 quod in tempore non inueniuntur duo
175 222 663 270 instantia insimul, sequitur necessa¬
175 267 659 315 rio vt prius instans corrumpatur. &
179 301 659 353 dixit: instans enim quid non est nunc,
184 341 668 390 &c. i. instans enim quod non est nunc, &
170 380 671 429 fuit in praeterito. necesse est nunc cor¬
175 421 659 471 ruptum esse. D.incoepit inducere qod¬
176 457 665 510 nes contingentes ex hoc, & dixit: Et
176 495 655 548 impossibile est vt corruptio eius, &c.
176 535 658 587 i. &, si est corruptum, necesse est vt
172 578 658 619 corruptio eius sit in tempore, cum omne
175 612 666 666 corruptum sit huiusmodi: & impossibi¬
168 652 664 695 le est vt corruptio eius sit in instanti
180 692 669 738 praesenti, quoniam tunc non inuenitur, nisi
173 730 663 781 ipsum: & sic erit in se corruptum:
159 769 657 811 quod est impossibile. & hoc intende¬
172 808 662 850 bat, cum dixit, in hora, quae est nunc.
167 846 657 898 Et, cum declarauit quod instans imposfi¬
172 884 658 940 bile est vt corrumpatur in instanti
172 924 654 978 Esenti, aut in seipso: quoniam psens idem
177 964 659 1017 est cum corrupto: incoepit declara¬
169 1007 655 1056 re etiam quod impossibile est vt praesens instans
167 1041 659 1083 corrumpatur in instanti futuro: & di¬
170 1081 659 1136 xit: & impossibile est etiam vt prius instans
172 1125 652 1172 corrumpatur in posteriori, &c. i. quoniam,
170 1160 655 1213 cum posuerimus quod instans corrumpi
172 1202 663 1253 tur in instanti futuro, continget vt il¬
172 1237 665 1282 lud instans continuetur cum eo, ita, quod suum
171 1285 653 1330 esse continuetur cum sua corruptione
178 1317 663 1371 & erit instans, in quo est, aliud ab in
159 1358 652 1401 stanti, in quo corrumpitur, & post de
169 1397 654 1449 clarabimus quod instans non continua
172 1436 667 1488 tur cum instanti, sicut neque punctus cum
180 1484 665 1524 puncto. D.d. Et, si non corrumpitur
169 1514 661 1569 in illo, quid est post, &c. i. &, si non cor¬
174 1553 659 1607 rumpitur in illo, ita, quod sit continuum
170 1597 667 1646 cum eo, corrumpetur in instanti, quid
167 1632 668 1674 est post, quid non est continuum cum
172 1669 664 1716 eo, quoniam inter quaelibet duo instantia
174 1713 661 1764 est tempus. ex quo sequitur, vt illud
169 1752 667 1795 instans inueniatur in illo tempore: &
175 1789 667 1844 omne tempus diuiditur in instantia
168 1830 664 1874 infinita: ex quo sequitur, vt instans
170 1873 661 1915 corruptum inueniatur in instanti¬
699 180 1207 234 bus infinitis scilicet cum eis insimul, quod I
694 220 1181 273 est impossibile. & similiter est impossibile ip¬
692 259 1189 311 sum poni corruptum in instanti, quid
695 301 1183 354 est ante: quoniam tunc erit corruptum an¬
691 345 1185 395 tequam sit, & ista quaestio dissoluetur post.
736 389 1187 450 At vero neque semper idem perma¬
690 437 1186 482 nere possibile est. nullius enim diui¬
693 481 1183 530 sibilis finiti vnus terminus est,
694 532 1183 570 neque enim si ad vnum sit continuum.
692 565 1187 611 neque si ad plura. ipsum autem
689 609 1200 666 nunc terminus est, & tempus
694 650 1028 706 est accipere finitum.
738 693 1188 755 Et impossibile est vt idem sit
689 740 1173 796 semper permanens. quoniam nul
691 788 1187 842 lum finitum diuisibile habet vnum
687 837 1185 899 finem: neque, si fuerit continuum in
697 884 1189 939 vna parte, neque, si fuerit continuum
685 933 1180 995 in pluribus vna parte. sed instans
687 981 1185 1048 est finis, & possibile est inueni¬
693 1035 983 1094 re tempus finitum.
731 1117 1183 1162 Cum destruxit, quod instantia sunt
690 1161 1182 1208 plura, incoepit destruere quod instans
690 1201 1174 1250 sit idem, quoniam, si instans fuerit,
687 1241 1181 1281 aut erit vnum, aut plura: &, cum
693 1277 1185 1318 haec duo destruentur, destruetur in¬
691 1316 1185 1362 stans esse. Et d. Et impossibile est
695 1354 1179 1410 etiam vt sit idem, &c. idest, & impos¬
693 1396 1183 1442 sibile est etiam vt sit ens, ita, quod
692 1435 1183 1482 sit idem semper permanens. Et si¬
696 1476 1182 1531 gnum eius est, quia non inuenitur
697 1515 1195 1567 tinitum aliquod continuum habens
696 1553 1195 1607 vnum finem, sed saltem duos, qui¬
695 1597 1183 1648 bus sit finitum: neque si suerit con¬
693 1634 1173 1688 tinuum in vna parte, vt linea: quo
694 1677 1189 1715 niam linea habet duos fines tantum:
691 1716 1181 1763 neque si fuerit continuum in plur,
694 1754 1180 1794 bus vna parte, vt superficies, & cor¬
700 1791 1177 1846 pus: corpus enim habet sex fines
699 1829 1189 1884 & superficies quatuor. D.d. sed in¬
698 1871 1185 1914 stans est finis, & possibile est inue¬
