1420 2070
211 133 714 170 fuxforma intrinseca. est ab intrinseco, pro
206 167 711 202 quanto mouetur vt alteratum, & informa¬
215 203 714 238 tum tali qualitate impressa sibi ab ipsa ma
202 233 712 270 gnere: cum in omni motu mouens, et motum
211 264 713 291 debeant esse simul & sic debeius imagina
209 293 710 326 ri de vaporibus eleuatis virtute Solis ad me
210 323 710 355 diam regionem aeris, & de motu attractio¬
214 355 715 388 nis nutrimenti ad membra. Sed tunc est di¬
208 385 718 418 ficultas. quia forma existens in subiecto non
210 420 711 457 agit in suum subiectum. Nisi esset quod hoc fal
210 444 713 478 lit in motu locali Alias etiam limitationes
209 476 719 514 habet ista propositio, sicut poteris videre in
216 507 488 547 limitationibus nostris.
239 541 717 578 Duodecima contradi. est in eodem com.
210 573 715 604 Dicit calorem naturalem esse primum mo
214 602 709 634 uens, vt poteris videre in fine com. 33. in com
214 634 715 668 isto circa principium. & in com. 37. inferius
217 664 720 699 dicit quod mouet vt instrumentum, & per com
222 696 707 730 sequens non est primus motor, sed est me
210 724 715 762 dius compositus ex moto & motore. Nisi
219 762 709 795 esset quod exemplorum non requiritur verifi
214 792 699 826 eatio, sed manifestatio. 2. de anima com. S¬
218 821 714 858 Vnde calor naturalis comparatus ad ani¬
214 860 715 890 mam esse instrumentum eius. tamen calor¬
213 885 711 922 naturalis comparatus ad lapidem, & haculum,
215 916 711 950 de quibus Commen. exemplificat ibi, habet
211 948 719 979 rationem prinu motoris. quia lapis est vlti
211 978 719 1011 mum motum in illo exemplo: haculus est
210 1013 711 1041 medius motor: vel manus: & calor natura¬
211 1042 709 1074 lis ibi supponit pro primo motore, licet ab
217 1072 714 1116 solute comparatus ad animam sit motor¬
218 1103 687 1138 instralis. & sic cessat omnis contradictio
253 1137 719 1170 Decimatertia contradi. est in com. 4p. Seri
223 1165 719 1202 bit Comment. quod cosynderatio de pluralitate
215 1197 713 1234 aeter norum est propria meta. & hoc idem
211 1228 717 1266 dicit superius in com. 4 2. hoc idem videtur
213 1262 709 1298 de intentione Philosophi. I. physi. ad finem
218 1291 707 1326 vbi habet. De principio autem secundum forman
215 1323 707 1356 vtrum vnum, aut plura, & quot, aut quae sunt,
211 1356 719 1386 cum diligentia primae Philosophiae opus est
215 1387 711 1419 determinare. Huius tamen oppositum vi¬
213 1417 713 1451 detur. I. de anima com. 2. vbi declarans vtilita
214 1453 708 1488 tem scientiae de anima, prout dat pluribus
203 1481 710 1514 scientiis plura principia, dicit quod Diuinus su
205 1511 711 1546 scipit substantiam sui subiecti, & multa alia
215 1541 713 1577 de dispositionibus consequentibus intelli¬
209 1575 706 1611 gentiam, inquantum intelligentia, & inte
206 1608 709 1642 lectus. & 3. de anima com. v. in sulutione. 3.
215 1639 708 1677 qmaestionis, & in com. 14. ibidem dicit quod, si
206 1669 717 1707 non esset ista natura, quae est intellectus pos¬
210 1698 714 1731 sibilis, nen esset multitudo in abstractis. &
212 1732 701 1763 ideo scientia de anima est necessaria in sciem
200 1764 709 1801 do primam Thilosophiam. Dicunt aliqui
206 1797 705 1829 quod numerus substantiarum abstractarum,
200 1829 701 1864 & si in Metaphysica per motum & per me
195 1856 709 1893 dium astrologicum sit demonstratus, ta¬
744 133 1262 176 men ex natura scibilium est conclusio me¬
743 165 1262 203 taphysiea, & est medium metaphysicum ad
744 200 1248 239 probandum talem nunterum. sed quod non
743 232 1262 266 demonstretur, dicunt quod hoc est merito de¬
744 262 1247 298 fectus cognitionis nostrae, quae satis obscura
746 295 1247 329 est, & non potest attingere tale medium.
744 323 1246 359 & ita etiam dicunt quod substantias abstractas
748 356 1252 387 esse intelligentes est conclusio in Metaphy¬
746 386 1250 419 sica, sed quod non concludatur, est quia igno¬
742 420 1247 452 ramus tale medium. & sic dicunt numerum
746 448 1251 482 abstractorum concludi posse a diuino, &
749 482 1246 515 non a Philosopho Naturali. Ego autem num
746 512 1255 544 quam potui intelligere istam opnionem, &
746 542 1248 578 diufui in speculatione istius difficultatis.
749 574 1243 606 Nam secundum Auer. videtur quod ista positio. isto¬
744 605 1251 645 rum non possit stare. & ratio est ista. quia a
749 640 1246 675 pari ego dicam sibi, quod esse abstractorum
743 666 1253 698 est conclusio diuina, tamen medium est igno
743 700 1243 730 tum. Soluunt dicentes esse rationem diuer
751 731 1247 762 sitatis, quia illa sunt principium in scientia
746 762 1247 794 Diuina, cum sint subiectum eius: sed nume
740 790 1244 827 rus substantiarum est conclusio, & nullo
746 820 1251 858 modo principium. Sed contra istud arguo
741 854 1246 888 sic. ens & vnum significam eandem natu¬
744 884 1244 926 iam per Auer. cum autem numerus iste sub¬
745 911 1247 950 stantiarum separatarum causatus sit non ex
749 947 1249 982 diuisione continui, sed ex contradictione
748 983 1244 1017 propter imperfectionem & possibilitatem
742 1010 1241 1042 in eis repertam: sequitur, si Diuinus demon¬
741 1038 1244 1074 straret numerum, demonstraret vtique &
739 1068 1246 1106 esse. Sed dicunt quod ens & vnum significant
745 1108 1243 1136 eandem naturam, sed non eodem modo.
751 1132 1245 1170 & ideo potest Diumus demonstrare aliquid
749 1164 1247 1200 esse vnum, licet non possit demonstrare il¬
743 1196 1241 1234 lud esse propter distinctionem rationis in¬
743 1229 1244 1266 ter esse & vnutm esse: sicut est de primo mo
743 1260 1248 1298 tore, qui & si idem sit cum primo fine, et
750 1293 1245 1322 prima forma, tamen ratione distinguuntur.
747 1317 1243 1354 & ista distinctio sufficit, vt de eo diuersae
742 1349 1241 1385 scientiae consyderent. Naturalis enim con¬
743 1381 1246 1418 syderat primum motorem. Diuina primam
745 1415 1244 1450 formam Sed contra, quia propter hoc non
749 1445 1241 1483 euadunt argumentum. nam vnum, vt ra¬
740 1475 1247 1511 tione distinguitur ab ente, nil aliud dicit,
742 1509 1236 1542 secundum Auerr. com. 3. 4. meta. nisi indiuisionem
739 1537 1241 1579 in esse fundatam: quia non importat aliquem
739 1567 1245 1608 conceptum positiuum, vt voluit Auicen. Si
741 1598 1246 1641 ligitur diuinus demonstrat aliquid vnum
742 1630 1246 1669 esse, hoc non est, nisi inquantum illud est
743 1662 1240 1699 indiuisum in esse. sed qui demonstrat indi¬
737 1691 1247 1729 uisionem in esse, ipsum esse demonstrat. es
739 1729 1247 1761 se enim et induisum esse idem sunt omm¬
741 1753 1247 1795 bus modis, et non differunt nisi ex modo fi
734 1787 1246 1830 gnificandi. & ideo quicunque demrat vnum
738 1820 1243 1859 esse. vtique et esse demonstrat. Confirmatur
732 1852 1244 1898 per Philosophum. 4. meta. tex com. 3. iderm
