1416 2066
182 164 689 202 Commen. 2. physi. com. 13. dico quod per
193 205 695 234 priuationem ibi non intellexit formam cor¬
194 228 692 264 poreitatis. si enim illa daretur, non dixisset
193 260 691 294 Commen quod est sicut forma materiae, sed di¬
189 295 695 330 xisset quod est forma materiae. sed per priuatio
186 326 693 358 nem intellexit ipsammet priuationem ma¬
194 359 695 396 teriae, quae connotat aptitudinem: quae apti¬
191 389 695 419 tudo est suamet potentia, per quam om¬
185 421 689 450 nium formarum est capax: & merito illius
190 453 697 485 aptitudinis, quae est aliquid ex natura rei,
198 485 692 520 priuatio materiae non est simplex priuatio,
199 515 693 550 ta quod sit purum nihil & talis priuatio est
195 545 687 581 quasi forma materiae, quia, vt dicit Com
186 581 689 610 mentator. 7. metaphysi. commen. So. ex¬
192 606 696 643 ponens dictum Philosophi asserentis quan
198 635 697 667 doque fieri quaestiones per quare, quaeren¬
195 669 693 707 tes de materia, ista natura est, illa, cuius qui
197 698 691 730 ditas, & forma est recipere omnem formam,
198 732 692 765 quid clarius potuit inueniri, bone Deus, in
196 760 685 799 Auer. per quod possemus ipsuimet per ip
197 792 692 827 sumtu et exponere: Ista igitur est forma ma
192 821 693 862 teriae: ipsam nullam habere formam, & ip¬
192 852 696 885 sam esse receptiuam omnium. Et hoc voluit
202 881 685 915 etiam dicere primo cap. de substan. orbis
194 912 693 946 dum dixit quod natura materiae substanti atur
197 946 693 978 per posse, & quod potentia est differentia sub¬
196 980 693 1011 stantialis materiae. eece quomodo verum
199 1006 693 1042 vero consonat ex omni parte. Ad aliam au¬
196 1044 691 1074 thoritatem Commen. 7. meta. com. 29. dico¬
196 1066 687 1102 quod ibi ponit differentiam inter res artificia,
200 1101 686 1132 les & naturales in hoc, quia formae artificia
199 1134 685 1164 les non suut in potentia materiae secundum Auer¬
196 1164 692 1194 non enim materia habet inclinationem naturalem
191 1196 690 1226 ad tales formas, sed tales inducuntur ab extrin
198 1226 697 1258 seco motore, vt testatur ipse. 3. de anima
196 1257 692 1296 com. 16. Et ista est ratio, propter quam ipse
199 1286 693 1323 dixit in. 4. meta. com. 1i. quod solum ifrartifi¬
196 1319 693 1354 cialibus est possibile, quod stante vnitate
196 1356 686 1386 materiae potest esse diuersitas formarum
203 1379 695 1411 propter diuersitatem materietum. sed in
198 1407 687 1450 rebus naturalibus non est hoc possibile, quia
192 1440 691 1474 dantur materiae propriae propriis formis. &
193 1471 695 1506 ideo res illae, in quibus est pars potentiae na
193 1503 688 1538 turalis similis artificio, possunt induci a na
199 1541 685 1570 tura & ab arte simul. sicut est de Medico,
194 1572 683 1605 qui est minister naturae, vt testatur Calenus
201 1597 688 1634 9. technis. tex. commen. 29. vbi dicit. Omnium
196 1627 684 1669 autem eorum natura operatrix, medicus ve
191 1661 689 1703 ro minister. & Auic. prima fen. quarti tra¬
191 1691 687 1725 cta. 2. cap. 9. Cutans, sicut sciuisti, est virtus,
190 1721 685 1761 non medicus: quoniam medicus facit per¬
189 1752 685 1785 uenire instrumenta ad virtutem. Dicamus
190 1782 676 1815 ligitur quod ad hoc quod aliqua forma inducatur
186 1814 686 1850 a natura, vel a natura & ab arte simul, est
184 1845 676 1883 necessarium in subiecto esse aptitudinem na¬
184 1878 678 1914 turalem ad talem formam: & non oporter
718 165 1236 210 aliquam formam corporeitatis ponere, fed
718 198 1232 234 sola potentia materiae ad hoc sufficit, ex¬
722 232 1236 267 qua omnes formae educuntur ad actum. in
722 261 1236 296 quibus autem ista promptitudo deficit, illa
721 292 1233 330 bene ab arte tantum induci¬possunt, sed a
726 325 1235 355 natura minime. Et huic testatur experientia.
727 352 1234 386 dicunt naque Medici, quod Ethica tertiae spe¬
719 384 1229 419 ciet est incurabilis. & quod, si ad eam esset in¬
724 421 1229 456 genium, esset ingenium ad mottem: vt di¬
729 453 1234 485 cit Auic. in prima quarti in cap. proprio. Et
725 476 1231 519 propter quid est: non est propter aliud, nisi
730 511 1223 549 quia in tali corpore est corrupta omnis po¬
722 540 1231 573 tentia, & omnis virtus, & complexio, per quam
721 578 1235 606 corpus inclinabatur ad sanitatem, sicut dicit
723 601 1224 634 plusquam Com. com. 36. 3. technis, & quia indu¬
723 632 1229 672 ctio sanitatis necessario requirit talem na¬
724 669 1226 705 turae promptitudinem, hinc est quod ad eam
720 701 1228 730 nullum varet artis ingenium. formae vero
724 728 1223 762 mere artificiales non requirunt in subiecto
725 759 1222 794 talem inclinationem. subiectum enim potius
720 789 1232 823 inclinat ad oppositum, cum vt in plaribus:
722 815 1227 850 tales formae inducantur cum diuisione, &
720 849 1222 882 incisione & remotione partium subiecti.
727 884 1226 922 quae omnia attestantur corruptioni, aut saltem
720 912 1229 945 est in potentia neutra respectu talium, sicut
716 943 1219 978 dicit Subtilis doctor in. 2. sentem distinctio¬
716 974 1222 1010 ne. 16, quaest. vnica, & hoc in casu, quo tales
721 1006 1215 1042 formae non inducuntur contra inclinatio¬
718 1037 1222 1078 nem naturalem principii passiui. Ad ratio¬
718 1068 1224 1110 nem autem eorum, quam reputant demonstra
717 1100 1220 1130 re, respondetur, cum quaeritur an diniensio
720 1132 1222 1161 interminata remanet secundum rem, vel secundum ratio
719 1165 1215 1194 nem, dico quod remanet vna nuntero, eo mo¬
718 1189 1220 1226 do, quo materia seclusa omni forma dicitur
716 1229 1223 1259 vna numero: & vt sic est ens rationis, i2. me
719 1258 1219 1290 ta. com. 14. ista autem vnitas nomeralis est
719 1286 1213 1325 priuatiua, sicut est vnitas materiae. nam si¬
714 1318 1212 1347 cut materia dicitur vna numero, quia non
714 1347 1214 1378 habet aliquam vnam formam numero, per
718 1379 1214 1420 quam sit haec, sed est in potentia ad omnes
711 1410 1221 1442 formas: ita pariformiter dicendum puto di¬
717 1444 1209 1474 mensionem interminatam esse vnam nume
714 1476 1213 1508 ro, pro quanto non habet aliquem vnum
717 1505 1208 1538 terminum, per quem sit terminata, sed secundum se
716 1535 1212 1570 est indifferens ad omnes terminos. Et, quando
710 1565 1206 1596 dicitur quod perpetuitas ista requirit aliquam
709 1598 1207 1632 formam substantialem in materia, per quam
712 1626 1206 1667 ipsa materia perpetuo sit sub tali dimensio
706 1656 1209 1700 ne, nego argumentum. quia alia est disposi¬
713 1687 1211 1723 tio ac cidentium terminatorum, & alia est
707 1721 1215 1752 interminatorum. accidentia terminata be
708 1754 1211 1787 ne praesupponunt formam in materia, non
713 1789 1212 1823 qutem interminata. Vnde in hoc discrepat Com.
709 1814 1209 1850 vt supra dixi ab Aui, quaAui. credidit vnam, &
708 1848 1209 1882 eandem dispositionem esse vtrorunque acci¬
714 1875 1202 1914 dentium, quod videlicet talia in composito ex
