1416 2066
211 173 685 218 Cum numerauit illa, quae debent
167 216 679 270 pcedere hoc, quod dicit de definitio
180 262 681 308 ne motus, incoepit definire eum, & di¬
180 293 677 339 xit: Et, cum vnunquodque, &c. i. cum
186 332 682 388 vnunquodque generum motus diuidat
179 373 682 414 in potentiam, & actum. quoniam vnunquodque
185 416 684 461 eorum quandoque est in potentia, quandoque est
180 444 684 491 in actu: & manifestum est quod motus est
176 488 684 540 perfectio rei motae: ergo manifestum
186 527 682 578 est, si non fuerit perfectio eius, secundum quod
191 565 677 618 est in actu, necessario erit perfectio
189 606 677 657 cius, secundum quod est in potentia. Et addi¬
182 644 684 691 dit in defione, secundum quod est in potentia.
186 685 676 724 quia omne motum, secundum quod est in actu,
187 725 683 771 & habet potentiam, habet duas per¬
185 762 685 802 fectiones, perfectionem scilicet in actu, non
187 799 683 852 secundum quod est motum, & perfectionem, sed
187 838 691 882 secundum quod est in potentia, quae dicitur motus.
198 885 687 923 Deinde incoepit demonstrare con
185 916 685 963 uenientiam istius definitionis vni¬
184 955 678 1008 cuique generum motuum, & dixit. v. g.
179 997 682 1048 quoniam perfectio alterati, &c. i. v. g. quoniam
193 1035 676 1087 erfectio alterati, secundum quod est in poter
185 1077 688 1122 tia, est illud, quod dicitur alteratio: & per
183 1114 687 1166 fectio augmentati & diminuti, secundum quod
182 1154 687 1206 sunt in potentia, est illud, quod dicitur
183 1189 687 1244 augmentum, & diminutio: & perfe
184 1230 685 1283 ctio generati, &corrupti, secundum quod sunt,
189 1269 683 1322 in potentia, est generatio & corruptio:
186 1309 680 1361 & perfectio translari, secundum quod est in poten
183 1348 685 1386 tia, est illud, quod dicitur translatio.
202 1387 687 1440 Et manifestum est quod ista definitio
186 1426 683 1466 motus est communis motui nouo, & aeter
183 1464 679 1507 no. & similiter etiam apparet ex hac defi¬
179 1504 681 1546 nitione continuatio motus. motus
187 1546 675 1586 enim, quando quiescit, erit perfectio eius
184 1589 685 1632 quod est in actu. vnde videmus quod mo
182 1622 681 1665 tus augmenti, & alterationis sunt plu
184 1660 678 1706 res motus. non enim possumus di¬
179 1708 678 1746 cere quod augmentatum est motum vno
184 1743 679 1791 motu de initio augmenti vsque ad fi¬
180 1789 679 1833 nem: apparet en im motus eius in tpre
182 1821 689 1858 sensibili. & similiter est dispositio in
186 1863 679 1915 pluribus alterationibus. & impossi¬
709 173 1228 233 bile est vt in toto tpre augnientisit
717 219 1211 260 motum, & non comprehendatur a
710 258 1214 298 sensu. motus igitur Augmenti de ini
714 300 1205 345 tio motus ad finem componitur plu¬
710 333 1199 386 libus motibus, & pluribus quietibus
708 373 1206 417 in vno autem motu translati, qui est
710 412 1203 463 de principio ad finem, non interpo¬
706 452 1212 490 nitur quies. & ideo continuatio est
708 489 1209 529 manifestior in eo. & credimus hoc
708 537 1204 579 in augmento, & alteratione, quia vi
715 570 1206 622 demus aliqua augeri per annum vno
718 605 1215 659 digito. & remotum est vt ille digitus
712 650 1213 697 diuidatur per omnes partes tperis illius anni,
718 692 1212 735 quoniam minimum tempus sensibile non
710 725 1214 775 habet ex eo partem sensibilem, cum
707 765 1115 813 non crescarplanta continue.
743 821 1195 866 Notus definitio ex rebus communibus
828 864 1111 914 ostenditur. Cap. 3.
839 900 1209 958 Vod autem hoc sit motus,
828 941 1222 993 hinc manifestum. Cum
839 988 1217 1054 eni aedificabile, qua
713 1030 1223 1074 tenus tale ipsum dicimus esse, actu
717 1076 1210 1130 fuerit, aedificatur, & hoc est aedi¬
711 1116 1215 1162 ficatio, similiter autem & medi
710 1166 1222 1210 catio, & volutatio, & saltatio, et
716 1205 1147 1258 adolescentia, & senescentia.
764 1241 1218 1299 Et declarabitur quod motus est
709 1292 1209 1355 hoc, ex hoc, quod narrabo. Aedifi¬
709 1341 1213 1403 catum enim non dicitur aedificari
718 1388 1208 1450 in actu, nisi dum nos aedificamus,
714 1437 1211 1498 & hoc est aedificari, & similiter
716 1484 1211 1545 addiscere, & medicari, & labi,
715 1533 902 1586 & titubare.
732 1581 1228 1634 Dicit: Et declarabitur, quod motus est perfe
716 1621 1221 1674 ctio rei potentis, secundum quod potest ex indu
712 1659 1216 1699 ctione transmutabilium. aedificatum eni
718 1702 1217 1746 non dicitur esse aedificatum, quando cessat ab aedi¬
715 1741 1206 1778 ficatione, ueque quando nondum aedificatr,
717 1780 1217 1819 sed dum aedificatur, & illud est perfectio
711 1817 1219 1858 aedificati, & aedificatum non est non
713 1860 1217 1898 aedificatum, nisi quod habet potentiam.
