1416 2066
214 181 726 233 & hoc intendebat, cum dixit, per se,
222 226 720 278 & alio modo. & ista est dispositio lo
221 275 722 315 ci. quoniam alius est communis, & alius, pro
232 307 718 355 prius. non enim corpus attribuitur,
224 345 723 395 loco communi, nisi propter hoc, quid
225 388 721 437 attribuitur proprio. v. g. quoniam dicere So
227 422 727 470 tratem esse in mundo, est, quia est
226 461 717 511 in aere, qui est pars mundi. & dicit
219 500 721 547 ipsum esse in aere, quia est in suo com¬
227 538 712 585 cauo continente ipsum, absque eo
226 585 721 629 quod sit maius, aut minus ipso. &, cum
231 618 717 658 hoc fundamentum fuerit positum,
230 653 718 706 icet quod locus est vltimum rei sibi aequa
214 693 725 746 le, existimatur quod locus est forma, quoniam
214 734 723 778 forma est vltimum rei, quam conti
214 773 718 818 net, & terminat materiam eius etiam.
225 815 716 850 Et deceptio in hoc sermone est du¬
228 847 714 899 plex. quoniam finis dicitur de loco, & for¬
227 886 715 942 ma aequiuoce. & etiam argumenta¬
232 928 713 971 tio est ex duabus affirmatiuis in se
233 967 435 1019 cunda figura.
271 1004 723 1060 Sic ergo consyderantibus, lo
229 1050 724 1091 cus vniuscuiusque forma est. qua
229 1093 721 1138 tenus autem videtur locus esse di
226 1133 719 1178 stantia, magnitudinis materia.
230 1177 715 1219 haec nanque diuersa est a magni¬
222 1220 720 1271 tudine, haec autem est id, quod
223 1260 717 1307 continetur sub forma, ac defini¬
214 1300 721 1354 tur, vt sub plano, ac termino. est
229 1350 717 1387 autem tale materia, & indefini¬
231 1388 723 1434 tum. cum enim remoueantur ter¬
221 1435 719 1482 minus, & passiones a sphaera, re
225 1475 723 1514 linquitur nihil praeter materiam.
227 1517 719 1566 Quamobrem & Plato materiam,
220 1556 720 1601 &receptaculum idem esse ait in
230 1599 717 1643 Timaeo. susceptiuum enim & re
230 1650 714 1683 ceptaculum vnum, & idem. alio
227 1692 713 1730 vero modo & ibi dicens susce¬
222 1731 718 1778 ptiuum, & in ijs, quae vocantur
229 1769 717 1810 non scripta dogmata, locum ta¬
229 1813 713 1859 men, & receptaculum idem es
218 1852 443 1898 se declarauit.
796 181 1265 243 Cum igitur inspexerimus hoc
752 228 1258 290 modo, erit locus forma cuiuslibet
749 276 1255 339 rei. secundum vero quod existima
746 325 1254 389 tur quod locus est dimesio, quae est
749 377 1247 426 mensurae, est materia. dimensio enim
749 424 1249 487 est aliud a magnitudine. & dimen
749 474 1246 534 sio est illud, quod continet formam,
747 522 1255 589 & determinat illud, v. gr. illud,
746 568 1252 635 quod continet planum, & vltimum.
757 629 1241 682 & ista est dispositio materiae, &
743 669 1256 715 eius, quod non est terminatum. cum
746 717 1238 769 enim auferes a materia vltimu,
753 764 1264 826 & dispositiones, nihil remanebit,
751 813 1253 874 nisi materia. Et ideo dixit Plate
747 860 1251 922 in Timaeo quod materia, & locus
747 908 1255 970 sunt idem. illud enim quod recipit
747 957 1250 1002 mutationem, & locus sunt idem.
752 1005 1251 1069 sed illic disposuit illud, quod reci¬
746 1053 1232 1114 pit mutationem alio modo ab eo
751 1100 1247 1162 quo disposuit ipsum in suis opinio¬
750 1148 1251 1210 nibus, quae dicuntur sine titulo, sed
750 1196 1248 1259 iudicauit quod locus, & subiectu
759 1244 925 1290 unt idem.
791 1309 1250 1362 Vult declarare quod locus est val
750 1348 1242 1398 de similis materiae, & quod hoc indu¬
746 1389 1241 1426 xit Platonem ad existimandum lo¬
752 1425 1238 1467 cum esse materiam, & dixit: secun¬
754 1468 1251 1507 dum vero quod existimatur, &caet.
749 1508 1251 1546 id est qui autem existimat quod locus
754 1542 1248 1594 est tres primae dimensiones, quae pri
751 1582 1246 1623 mo existunt in materia, nihil habet
757 1620 1246 1670 pro loco, nisi materiam, quae defert
746 1668 1244 1698 dimensiones. Deinde d. dimensio
753 1700 1243 1746 enim, &c. i. & causa in hoc est. quo¬
752 1732 1249 1786 niam qui existimat dimensiones es
750 1777 1247 1818 se locum, debet existimare quod mate
744 1814 1250 1858 ria est locus. & causa est, quoniam
747 1853 1255 1908 dimensiones in se non sunt corpus
