1416 2066
195 181 714 233 partium motus. hi autem aequales erunt
201 221 709 266 motibus DE. EE. vnus enim vnius
211 259 702 307 est motus. Quare, si totus quidem
206 301 705 354 diuidetur, qui est Hr, in partium
199 340 703 386 motus, aequalis erit rri motui
210 381 712 423 DE. Si vero superest aliquid, vt
208 421 700 466 RIhic nullius erit motus, neque
202 461 704 506 an. totius, neque partium: propterea
211 501 712 553 quod vnius vnus est, neque alterius
207 540 699 587 vllius. continuus enim motus est com
210 580 709 626 tinuorum quorundam. Similiter autem
208 619 698 666 est & si excedit secundum diuisionem.
206 660 706 714 Quare, si hoc impossibile est, ne
200 701 708 746 cesse est eundem esse & aequalem.
206 744 702 785 Haec igitur diuisio secundum partium
208 781 704 826 motus est, & necesse est cuiusuis
206 822 541 874 partibilis ipsam esse.
256 869 707 932 Et etiam, si motus totius magnitu
207 917 705 978 dinis sit alius ab isto, v. g. TEdi¬
199 965 709 1026 uidetur ex eo, quod motus vtriusque
743 172 1241 235 partis, & erunt isti duo aequales:
736 221 1237 283 duobus motibus DH6. quoniam
741 276 1226 330 vnum habet vnum motum. Ergo
730 316 1234 375 necesse est, si motus TEtotus diui
730 362 1232 410 datur in duos motus partiu, vt mo
737 409 1234 469 tus TE, sit aequalis duobus moti¬
741 453 1229 514 bus DX. Si igitur diminuit ali¬
734 501 1228 563 quid, v.g. pars quu, tunc ista pars
732 548 1233 595 non est alicuius omnino. nam iste
735 597 1229 657 motus non est totius, neque, partiu:
735 642 1229 699 quonia vnum non habet nisi vnum mo¬
736 684 1233 747 tu. neque, est alterius omnino: quoniam
737 733 1231 792 motus continuus est rerum conti¬
735 781 1239 838 nuarum. Et similiter est si addet apud
737 824 1230 887 diuisionem, Vnde necesse est, si hoc est
734 871 1227 931 impossibile, vt sit idem aequalis illi¬
736 916 1223 984 Ergo ista diuisio est secudum partes
738 964 1236 1027 et necessario iuenitur in omni partibili
