1416 2066
155 181 667 219 propontio, necesse est vt causa in hoc
177 217 667 258 sit, quoniam inter lineam circula¬
174 253 664 300 rem, & rectam est proportio. & ideo
172 292 661 341 perscrutatus est hic de circulo, & li
173 331 662 378 nea recta, & dixit: Sed consyderan¬
169 365 657 404 dum est, &c. Deinde induxit mo¬
171 404 663 454 dum, quomodo existimatur quod
167 445 655 482 non sequatur hanc positionem im
168 480 658 527 probabile, & dixit: Malum enim est
165 516 655 554 dicere, &c. idest inconueniens est e¬
171 557 663 595 nim dicere quod impossibile est vt
163 596 659 640 aliquid moueatur circulariter mo¬
172 629 662 666 tu aequali in velocitate sui motui re
166 666 659 706 cto. sed necesse est in eo, quod moue
168 702 662 746 tur circulariter, & mouetur recte, vt
155 741 658 779 i. alter motus sit alio velocior, aut tar
165 775 662 821 dior, aut aequalis. Et hoc intende¬
166 813 661 850 bat, cum dixit: sed necesse est, cum
170 860 662 900 mouetur, &c. idest, quoniam quem
169 890 661 930 admodum motus rectus est veloci¬
169 925 657 970 or, & tardior alio motu recto, & si¬
165 973 662 1006 nailiter circularis cum circulari, ita
169 997 657 1035 est de recto cum circulaam. Deinde
170 1036 653 1082 dicit: & hoc non nocet, idest, & exi¬
165 1071 658 1114 stimatur quod nullum inopinabile
165 1109 523 1163 soquitur ex hac positione.
206 1180 652 1226 Amplius nihil differt in ratio¬
161 1224 663 1266 ne, si quis dicat necessarium esse
162 1268 661 1306 confestim velocius, aut tardius
156 1301 654 1346 moueri. erit enim maior, & mi¬
162 1348 659 1394 nor circularis recta, quare & ae¬
691 173 1202 226 qualis. Si enim in Atempore, hoc
695 219 1186 265 quidem lineam n transunt, illud
699 259 1189 299 vero lineam ec, maior erit linea
691 301 1179 338 Blinea c. sic enim quod velocis
693 340 1185 380 est dicebatur. ergo, si & in mino
689 381 1185 431 ri aequale, velocius est, quare
694 421 1187 478 erit aliqua pars ipsius A, in
685 461 1177 514 qua p circuli partem Taequa¬
685 500 1188 546 lem transibit, & illud in toto A
691 543 844 586 lineam C.
735 620 1189 683 Si igitur aliquis dixerit, quod
692 667 1175 715 hoc necesse est, vt motus in loco si
698 715 1176 778 velocior, & tardior, quoniam mo
687 760 1165 818 tus tircularis. debet esse maior
691 804 1181 866 aut minor motu recto, ex quo se¬
684 853 1182 915 quitur vt sit aequalis ei. Quoniam,
682 901 1182 954 si aliquod motum mouetur in tem
691 949 1191 1004 pore A motu E, velocius quam
686 995 1176 1051 motu C. quoniam hoc modo voca¬
690 1036 1184 1098 bimus velocius. ergo necesse est, si
682 1093 1190 1138 mouetur in minori tempore aequa
683 1133 1187 1186 liter, vt sit velocius. ex quo sequi¬
687 1174 1193 1235 tur, vt tempus in quo, e pertransit
682 1217 1181 1284 circulum, sit pars temporis A, &
682 1269 1186 1330 in quo pertransit Alineam &, sit
687 1324 903 1378 totum tempus.
