1416 2066
202 173 712 226 partes toto permanente in suo loco,
218 221 713 270 similiter possibile est vt hoc accidat in
214 257 717 306 infinito scilicet vt totum moueatur secundum par¬
215 293 721 338 tes, non secundum totum. Denude, si conces
219 334 713 378 serimus quod non habet motum in loco,
222 374 711 426 quare non habet motum, qui est alte¬
216 413 713 450 ratio: & hoc intendebat, cum dixit.
215 450 716 501 Deinde, quare non est alteratios i.
212 498 707 543 deinde post hunt sermonen, si concel
214 529 716 579 serimus quod non habet motum transla
213 569 705 610 tionis, quare non habet motum alte¬
210 607 718 660 rationis: D.d. Et etiam impossibile est vt sit
219 644 716 690 vnum in forma, &c i. impossibile est vt ali¬
216 687 712 729 quis existimet quod ens est vnum in sub¬
218 730 713 778 stantia, nisi secundum illud, ex quo genera
212 769 711 814 tur scilicet nateria, vt plures Antiqui opi
218 812 712 855 nabantur, quod entia sunt ignis, aut ter¬
214 852 706 882 ra, aut aer: quia apud eos compone¬
208 888 715 930 bantur ex vno istorum. quod autem entia
218 923 716 962 sint vnum in forma impossibile est
216 959 718 1003 opinari. homo enim manifestum est
222 997 702 1049 quod est alius ab equo in forma, & ma
217 1034 701 1082 nifestius est hoc quod contraria diffe¬
218 1077 644 1114 runt a seinuicem secundum formam.
253 1132 705 1179 Et ad Parmenidem autem idem
212 1181 710 1227 modus rationum est, & si aliqui
213 1218 711 1272 ali sunt, proprim. Et solutio est, par¬
215 1266 710 1306 tim quidem, quia falsa est: partim
214 1308 718 1354 autem, quia non concludit. Ealsa qui
220 1344 709 1401 dem, quia quod est accipit sim¬
208 1386 712 1435 psiciter dici, cum multipssitu dicatur.
210 1429 717 1474 Non concludit autem, quia, si sola
210 1468 715 1515 alba capiantur, significante vnum
214 1514 714 1554 albo, nihilo minus multa alba
207 1556 713 1600 sunt, & non vnum. non enim con¬
212 1597 715 1642 tinuatione erit album vnum, neque
215 1644 715 1690 ratione. aliud enim erit esse albo, &
212 1681 704 1722 suscipienti, & non erit praeter al
214 1721 709 1763 bum nihil separabile. non enim
214 1764 710 1810 quatenus separabile est, sed esse
215 1805 713 1850 alterum est albo, et ei cui inest. Sed
217 1846 717 1890 hoc Parmenides nondum videbat.
792 173 1258 238 Et hoc modo sermonu est contra
742 226 1237 274 dicere sermonibus parmenidis, &
742 272 1246 334 alis modis, qui forte sut ei proprul.
741 321 1240 388 Quonia manifestum est quod sermo
745 369 1239 428 eius est falsus, & non concludens,
746 428 1248 475 quia vtitur ente, ac si non diceretur,
745 466 1249 522 simpliciter, & dicitur multis mo¬
746 512 1246 571 dis Est aute non cencludens, quia,
740 558 1249 619 si posuerimus sola alba, & dixeri¬
737 620 1249 673 mus quod alba in eis significant
750 656 1238 708 vnu, hoc non erit sufficiens in hoc,
739 708 1239 763 quod album non sit plura, sed vnu.
743 754 1247 817 album enim non est vnu, neque, secun¬
747 804 1245 867 dum continuatione, neque, secundum
743 851 1249 906 rationem. ratio enim albi alia est
746 898 1256 965 ab ea, quae est recipientis, & etiam
742 956 1244 1012 non intendimus quod possibile est,
747 992 1238 1054 vt album sit separatu. quonia nos
740 1040 1247 1104 diximus hoc, quod diximus, non
741 1086 1243 1147 quia album separatur, sed quia est
743 1137 1243 1200 aliud ab eo, cuius est scilicet a recipiente.
739 1184 1245 1234 Sed hoc in tempore Parmenidis non
738 1234 1090 1283 dum erat terminatum.
779 1308 1235 1346 Cum contradixit syllo Melissi, re
747 1356 1241 1387 uersus est ad contradicendum Parme
738 1389 1234 1434 nidi, & dixit: Et hoc modo, &c. i. secundu
743 1426 1243 1466 illum modum, quo contradiximus
740 1462 1244 1505 Melisso contradicemus Parmenidi,
747 1505 1246 1546 & aliis modis propriis. est enim cmune
739 1541 1245 1591 eis, quia vtuntur, proponibus falsis secundum
738 1579 1242 1620 aequiuocationem, quia vterque non com
740 1618 1246 1658 cludit illud, quod intendebat conclu
745 1655 1241 1707 dere. sed sylectus Melissi est non conclu¬
743 1693 1242 1745 dens omnino, & ideo dixit quod est magis
744 1733 1234 1783 vanus. Et intendit per hoc, quod di¬
740 1772 1242 1810 xit, & aliis modis, &c. vt mi hi videtur
738 1811 1239 1850 hoc, ex quo contradixit conclusioni
734 1847 1238 1898 & ipsis, proponibus, ex quibus Parme
