1416 2066
182 164 693 204 Quod fi quis instare voluerit ens esse pri¬
180 203 685 235 mum intelligibilitatis subiectum, authori
189 231 688 266 tare: hilosophi 4. met. tex. com. 4. vbi habet
189 265 696 302 quod res sicut se habet ad esse, ita se habet ad
189 296 693 330 veritatem, dicemus sibi hoc verum ess: Sed
191 326 689 359 aduertant isti, quod ens dicitur de ente in actu
186 359 689 402 & de ente in potentra analogice. & tunc sen
186 387 699 426 sus est iste, quod, si aliquid fuerit ens actu, illud est
188 428 701 460 primo intelligibile, si autem aliquid est ens in
184 458 688 492 potentia, illud potentia est intelligibile, ra¬
190 485 691 524 tione qua actu participat. nunquam enim in¬
190 513 694 554 telligibilitas enti in potentia tribuitur, nisi
191 546 695 578 ratione entis in actu, tanquam ratione illius
190 578 690 610 ad quod primo & per se consequitur intel¬
189 607 693 642 ligibilitas. vnde Commen 9. meta. com. 10. seri
186 641 689 674 bit quod intelligere, quod est in potentia, non
195 669 696 706 venit ad actum, nisi per aliud intelligere,
188 709 699 740 quod est in actu. & hoc non est dubium. im
193 738 696 768 morari enim super hoc est superfsuum. Dicant
186 764 688 803 Scotus & Moderni, quidquid velint, iudicic
190 796 689 833 meo ista fuit indubitata Auerro sententia,
192 823 693 867 quod intelligibilitas est prima passio entis in
184 861 695 899 actu, & non est, nisi eo modo, quo risibili¬
186 893 684 922 tas diceretur passio animalis Stantibus er
193 920 693 963 go istis radicibus tanquam veris. manuducam
197 957 697 987 ntellectum tuum statim in cognitionem
195 982 689 1018 veritatis. Dico quod , si volumus videre quod
190 1016 691 1047 sit primum cognitum in coguitione con¬
194 1045 695 1082 fusa, opertet recurrere ad sensum. Na istud,
199 1076 687 1114 sicut mihi videtur, est praecipuum funda,
188 1109 695 1145 mentum, super quo fundatur Auer. in hoc
191 1141 697 1179 prologo. i. phy. inquit enim 4. &. 3. com. quod causa,
198 1177 686 1213 propteriquam via doctrinae sunt nobis no
195 1209 697 1245 ta confusa magis: & causa, propter quam
193 1234 689 1267 magis vniversalia sunt notiora suis speciebus, ex
194 1265 693 1307 quibus componuntur: & causa, propter quam
196 1300 693 1334 nomina specierum sunt notiora suis par¬
199 1326 697 1362 tibus definientibus apud intellectum, sunt,
198 1365 695 1399 quia singulare, quod est quoddam totum,
191 1392 695 1432 est cognitum apud sensum prius siis parti¬
194 1422 684 1459 bus. Si igitur inspiciamus ad istam radicem
194 1454 689 1490 videbimus inde pullulare istam veritatem,
198 1486 693 1522 & est quod sensui vt in pluribus accidentia vni
194 1516 690 1551 uersaliora sunt notiora sibi, & secundum tempus,
194 1546 695 1578 & secundum locum accidentibus minus vniversalibus, secundum
190 1578 692 1614 locum quidem. nam, vt ait Themistius su¬.
194 1611 696 1651 per expositione tex. com. 4. i. phy. in sensibili¬
199 1641 695 1674 bus videre licet accedentis procul animalis
199 1674 689 1709 celerius totum corpus, quae caput, aut manum,
198 1706 692 1738 aut partem aliquam comprehendi. eodem
197 1736 693 1770 modo promptius est dicere id, quod paret
195 1768 699 1802 eminus, animal esse quae hominem. ita & in
195 1801 695 1842 his, quorum rationes quaerimus, vt vniversalia atque
190 1832 693 1866 communia manifestiora sunt nobis, quae pro¬
194 1865 690 1898 xima & particularia. secundum tempus vero: quia
190 1897 698 1939 vt habet Philosophus in textu pueri prius
722 162 1238 206 appessant omnes viros patres, & omnes fo¬
722 203 1232 234 minas matres. tanquam, vt inquit ibi The¬
722 231 1236 268 mistius, qui matrem & foeminam peritide,
721 269 1226 298 ac communia quaedam vocabula prius co¬
729 292 1229 332 gnoscaat. sed vbi vegetioribus sensibus fue¬
724 332 1223 363 rint dispositi ad minus communia accedunt.
726 357 1232 397 Recte igitur dixit Auer. quod ex hoc, quod indiui¬
724 389 1226 431 duum demonstratum notius est apud sen¬
724 418 1229 452 sum, quae suae partes, est causa in hoc, quod illa
724 451 1239 482 duo tota sunt notiora apud intellectum. Et
727 480 1229 514 confirmatur hoc, videlicet quod accidentia viversaliora
725 517 1231 546 vt in pluribus notiora sunt nobis. nam, vt
722 544 1226 578 scribit Com. 6. phy &. i. caeli vtrobique com. 12.
720 575 1239 610 experimentum sermonum verorum est, vt
720 606 1239 643 concordent sensatis. videmus quod , si aliqua
726 636 1228 670 planta, vel aliquis lapis pciosus alicui osten
719 669 1228 706 datur, primo iudicabit illud, vel plantam, vel
723 699 1229 738 lapidem esse in genere: quale autem sit vnum¬
726 732 1236 770 quodque istorum in specie dignoscere non
730 765 1226 797 otest. & hoc non est propter aliam causam,
730 794 1227 837 icut mihi videtur, nisi quia accidentia ge¬
716 829 1224 866 neris, notiora sunt sensui accidentibus spe¬
726 856 1235 892 ciei. & ideo, cum intellectus noster in intel¬
722 889 1235 923 ligendo imitetur sensum, a pari videtur quod
719 919 1234 954 conceptus genericus illius lapidis, vel plan
719 949 1227 986 tae prius percipiatur ab intellectu, quae conce¬
729 981 1228 1021 ptus specificus, qui adhuc sensui ignotus est.
730 1013 1229 1045 iuid enim prohibet in illo priori conceptum
725 1044 1239 1079 illum intellectui innotescere non video. Quod
721 1077 1229 1120 si in aliquo casu contingeret accidentia in¬
723 1106 1235 1141 sequentia speciem & naturam minus com¬
725 1145 1233 1181 munem notiora esse accidentibus insequem¬
722 1173 1223 1209 tibus naturam magis communenm, dico quod
723 1202 1236 1235 loquendo de cognitione confusa actuali, quid
722 1236 1229 1272 quid sit de habituali, prius intellectus perci
729 1269 1228 1305 piet conceptum specificum quae conceptum
726 1297 1227 1331 genericum. & hoc sicut mihi videtur, nulle
727 1325 1229 1362 sani capitis negare potest. nam secundum Philoso
722 1358 1224 1398 phum. 7. meta. tex. com 29. sunt aliqua gene¬
719 1396 1233 1432 ra intermedia innominata. aliquod enim est ge
722 1420 1225 1458 nus proximum equo & asino, quod innomi¬
725 1452 1231 1487 natum est. Et non est dubium quod accidentia.
725 1484 1227 1522 insequentia naturas specificas istorum scilicet
725 1517 1229 1549 equi & asini notiora sunt accidentibus in¬
722 1544 1226 1592 sequentibus tale innominatum genus. stan
728 1579 1229 1618 te igitur cognitione illorum in sensu, talia
732 1612 1226 1651 ossunt agere in intellectu mere naturali¬
720 1644 1226 1683 ter, quo ad primam immutationem. Et in il¬
723 1673 1230 1707 lo instanti accidentia magis vniversalia non agunt
718 1705 1233 1739 in intellectum, cum per casum sint sensui
722 1737 1228 1777 ignota: ergo in illo priori, in quo ista sunt
722 1770 1228 1813 nota, & illa ignota, stat ista immutare intel
729 1804 1237 1840 ectum, qui de se est omnia fieri, antequam
724 1830 1233 1866 accidentia vniversaliora sint sensui nota. non enim est
725 1863 1228 1899 ibi actio aliqua subiacens imperio volun¬
726 1897 1237 1930 tatis, quae retinere possit obiectum minus
