1416 2066
215 181 721 232 Cest magis quai equus: sicut intelligitur al¬
234 217 716 268 bum magis, qui album. & ideo gneratio, &
230 254 709 305 corruptio non sunt motus, neque exi¬
236 291 715 341 stunt per se, se sequuntur motum. & ideo for¬
231 327 711 380 te intendit per indiuisibile in generatione,
235 373 706 411 & corruptione formam. D.d. Et hoc
236 408 712 457 quod dicimus, &c. i. & dixit hoc, quia non
228 440 715 490 est locutus, nisi in principio tecundum, quoniam
224 480 715 529 demro super ea eadem est. & forte
226 516 717 566 hoc nomen primum in idiomate
226 554 713 594 eorum significat principium, & finem,
274 594 725 634 Qud igitur circa finem mutationis
240 637 715 674 primum dicitur existit, & est. contigit
231 672 715 729 enim perfici mutationem. et est mu¬
231 715 711 755 tationis finis, quiam & ostensus est in¬
233 754 721 794 diuisibilis esse, prpea quod finis est.
230 792 713 840 quod autem secundum pricipium est omnino non
230 836 723 874 est. non enim est principium mutatio
229 877 721 914 nis, neque id temporis, in quo prio
228 924 722 964 mutabatur. Sit enim primum, in quo A
226 957 719 1002 pe. hoc igitur indiuisibile quidem non est.
229 1004 713 1042 accidet enim contigua esse ipsa nunc.
229 1037 721 1083 Amplius, si in CAtpere roto quescit
228 1075 708 1118 sponatur enim quescens et in Aquescet.
228 1117 713 1166 Quare, si impartibile est ADsi¬
218 1156 716 1198 mul quescet, et mutatum erit. nam in
221 1196 721 1242 Aquiescit, in per autem mutatum est.
791 171 1260 237 primum vero, quod dicitur pro
747 220 1247 278 pter complementu transmutatio¬
742 264 1240 328 nis, est existens per se, quonia possi¬
747 307 1243 376 bile est vt perficiatur transmuta¬
749 356 1251 415 tio. & vltimu transmutationis est
746 404 1251 464 illud, quod iam declarauimus esse
747 446 1253 498 indiuisibile, quia estfinis. primum
752 501 1238 562 vero, quod dicitur pro principio,
747 540 1243 605 non est ens omnino. quonia trasmu
746 589 1236 651 tatio non habebit principium, neque,
754 647 1242 691 erit ex primo tempore aliquid, in
747 685 1249 748 quo trasmutetur res. Sit igitur pri
751 725 1261 779 mu AD: istud igitur primu no T
751 773 1245 836 est indiuisibile. quonia sequitur in
747 821 1247 877 oiindiuisibili vt instantia sint se¬
750 868 1242 930 sea. Et etiam, si in tepore toto CA
751 916 1249 975 fuerit quiescens, ponemus ipsum esse
743 964 1245 1023 quiescens in Aetiam. sequitur igi¬
751 1008 1245 1067 tur, si ADfuerit quiescens, et in¬
747 1061 1243 1114 diuisibile, vt sit quiescens, & iam
751 1109 1247 1162 transmutatum insimul. quoniam
747 1149 1247 1202 in Aerit quiescens, & in Derit
751 1196 1049 1250 iam transmutatum.
