1416 2066
179 180 695 231 sumpta a pseueratione generationis:
194 227 696 273 quoniam Onatio potest esse perpetua. nec ex
193 260 692 299 hoc sequetur vt detur infinitum in actu:
194 298 693 344 quia, cum generatur vna pers, corrumpitur alia:
192 338 687 387 & forma totius sseu vniuersi,sernatur i
193 373 695 418 suo statu, sine additione, vniversalidiminu¬
190 411 693 458 tione. Secunda vero consyderatio, seu
196 454 689 507 imaginatio est ilia, quae dicit quod finitum de
195 492 698 532 sinit in aliquid, & illd in aliud, & sic
193 539 689 587 pceditur in infinitum, haec autem imagina
190 580 693 611 tio soluitur, eo quod aliud est dicere
188 613 690 655 quod res desinat in seipsa, quae quod desinat in
193 651 694 699 aliam rem, & abscindatur, & non sequitur vt
193 688 692 739 quicquid est finitum in se, desinat in aliqui
198 725 692 779 rem: hoc autem accidit cuilibet rei, quae est
193 770 687 818 pers totius sseu vniuersiyvt est totius ignis,
190 804 683 851 & totus aer, &, vt verbo dicam, omnia, qua
196 843 697 898 sunt pers mundi: sed illdm totum, extra quod
197 885 691 935 nihil est, hoc non accidit: ergo hoc ac¬
196 923 691 970 cidit toti, non inquantum est totum,
197 962 701 1004 sed inquantum est pers. & ideo non sequitur vt
201 1005 699 1051 quicquid non est pers rei, vt desinat in rem,
197 1045 695 1084 qua est extra. Adde etiam, quod ex hoc, quod dicitur
192 1078 702 1124 quod finitum definit in aliquam rem, & illa
201 1124 699 1170 in aliam, sequitur quod semper repiatur aliqua
191 1156 696 1207 res extra ipsam rem: hoc autem est infini
195 1195 700 1245 tum in potentia, non infinitum in actu, quid
189 1235 693 1277 est id, quid putabant iferre ex illo dicto:
194 1275 702 1319 sed dicimus quod id, quid sequitur ex hoc, est
196 1312 700 1363 quod totum non est infinitum. quoniam, cum dici¬
722 180 1238 231 mus quod infinitum est illam, extra quod semper
725 219 1224 269 repitur aliquid, & diximus quod extra to
727 257 1225 307 tum nihil repitui, sequitur ex hoc, quod to¬
723 293 1228 346 tum non est infinitum. & Vna harum, proposi
723 335 1223 379 tionum sequitur ex dicto eorum: dicunt enim
729 380 1225 425 quod quaelibet res definit in aliquam rem
723 414 1227 466 extra ipsam. Secunda, propo est quod ex
722 460 1226 499 tra totum nihil est, notum in eo ex toto.
765 492 1229 544 Tertia imaginatio, est sumpta
728 531 1228 585 ex cogitatione s,i iseu imaginatione.
721 579 1232 628 nam non possumus imaginari quod desinat
714 609 1227 662 aliquid corpus, nisi in respectu vel ad
723 658 1220 702 corpus, vel ad vacuum. & dicitur quia hoc
726 692 1226 739 accidit cogitationi, seu imaginatio¬
721 727 1226 780 ni, quia corpa imaginata, vel sen¬
716 763 1223 810 sata ita se habent. Neque, propterea quic
718 811 1219 859 quid non pont homo imaginari est men
720 844 1222 892 dacium. nam, si ita esset, tunc omne verum,
728 885 1222 930 quod homo non conciperet. seu imaginare
725 923 1226 962 tur, ipm est mendacium: cum tamen sit iam
725 963 1220 1017 declaratum quod dantur res verae, quae non
730 998 1226 1052 possunt ab homine imaginari, vt est ma¬
727 1037 1225 1089 teria prima, & res abstractae. proba¬
730 1083 1227 1131 tumque est in libro de Coelo, & Mun
726 1117 1227 1167 do, quod extra corpora coelestia non est
723 1155 1223 1207 locus, neque vacuum, neque corpus. Ex
720 1190 1228 1249 dictis ergo, probatum est quot modis
722 1237 1214 1276 repiatur infinitum in rebus naturalibus,
725 1272 1221 1315 & quot modis non. & hic finit liber.
183 1451 1233 1499 rrium praecedentium librorum, hanc Mediam Auerrnis expositionem
290 1507 1136 1563 cum lacob Mantinus Hebraeus, Philosophus, ac Medicus
385 1555 1040 1611 excellentissimus fidelissime fuisset interpre¬
455 1595 955 1661 tatus, super reliquos quinque morte
524 1652 904 1707 praereptus eam intactam
645 1693 782 1756 reliquit.
