1416 2066
186 173 689 214 est hoc hac sola via: & non propter aliquas
178 202 691 246 rationes, quae omnes solui possunt: sicut pa¬
185 234 697 280 ter intuenti ipsum. Illud autem, quod mihi
184 268 687 306 videtur dicendum in hac materia est vnum,
193 298 695 338 quod dicere vnum elementum esse frigidius,
190 331 688 362 aut calidius altero contingit dupliciter: vno
185 363 693 395 modo quantum ad gradum & intensionem
186 394 686 436 formae, alio modo quantum ad agere & pos¬
186 426 687 458 se. stat enim primo modo aliquid esse cali¬
182 464 695 491 dius altero, non tamen secundo modo. si¬
186 489 687 522 cut flamma stuppae est calidior intensiud
186 520 688 554 ferro ignito: ferrum tamen plus calefacit,
182 556 696 586 & potentius quam faciat ipsa flamma, sicut etiam
185 586 691 618 sensus ostendit. Dico tunc terram, quantum
186 621 689 650 ad gradum esse frigidissimam, sicut & aqua¬
185 648 693 692 Et hoc sentit Philosophus primo meteo. vbi
183 684 693 715 dicit expresse quod in medio, & circa medium
186 714 692 746 est quod grauissimum & frigidissimum. &
188 742 690 777 ita argumentum primum ex remotione a
186 780 691 810 motu credo ipsum demonstrare ad istum
186 806 694 842 sensum. Nec obstat quod vna, & eadem quali¬
189 839 699 875 tas in summo reperiatur in duobus elemen
189 874 687 906 tis, vbi fuerit diuersis associata qualitatibus.
193 896 686 939 & vbi vna minus principalitur competat vni qua
184 935 694 970 alteri. Vnde teneo frigiditatem tam in aqua,
192 966 686 1004 quae in terra esse in summo: sed in aqua est hu
188 997 689 1034 miditati coniuncta, in terra vero siccitati.
189 1029 697 1070 aquae etiam principalius competit quae terrae ex
194 1060 695 1098 isto fundamento: quia secundum fundamentum
192 1092 685 1124 Philosophi ab vno inquantum vnum imme
191 1125 684 1162 diate non prouenit nisi vnum. Et ideo proba
190 1154 684 1187 bile est, quod si ambae qualitates in summo re
192 1195 691 1229 periuntur in vno elemento, tamen prius na
196 1219 691 1252 tura vna illarum consequitur formam elemen
194 1249 695 1282 ti, quae altera. vnde cum ignis sit formalissi¬
191 1284 689 1314 mum elementorum, conuenientissimum
199 1313 693 1347 videtur quod formalissima qualitas prius secundum
188 1345 694 1378 naturam sibi competat. Et, quia caliditas for¬
195 1376 691 1409 malior est siccitate, hinc est quod, igne calido
198 1408 686 1443 & siceo existente. dicimus ignem plus esse cali
191 1439 691 1486 di, qua sicci. & ita discurrendo per alia dicas
188 1473 690 1513 consequenter. Si vero quaeratur, vtrum aqua sit
188 1503 690 1538 frigidior terra secundo modo, quia magis
189 1535 693 1571 infrigidat, & potest magis infrigidare, hoc
197 1569 689 1602 patet ad sensum. & qui de hoc dubitat sen
192 1594 693 1634 su indiget. & sic possunt dicta ista concorda:
191 1629 686 1668 ri. Et licet positio ista contradicat Auer. A
195 1660 689 1705 meteo. com. 10. vbi videtur dicere duas qua¬
190 1693 694 1730 litates in fine non posse reperiri in vno, &
190 1727 692 1762 eodem elemento, quia tunc non posset ex ele¬
188 1757 688 1794 mentis contrarijs in ambabus qualitatibus
195 1789 684 1826 fieri aliquid nec possent adinuicem misce
194 1828 695 1858 ri, & temperari, istud tamen non multum mouet:
199 1853 689 1891 tum quia authoritas eius in illo libro, non mul
195 1886 691 1923 tum communiter tenetur: quia ibidem primo me
198 1919 693 1954 teororum posuit dari epiciclus, & ecentricos,
729 165 1241 213 quos tamen destruit infinities in. 2. coeli:tum etiam,
731 205 1235 243 quia si ratio illa aliquid cogit, sequeretur quod
722 237 1235 274 ignis & aqua nunquam possent agere. nam,
720 274 1238 307 cum actio sit merito contrarietatis ignis:
722 305 1237 339 ergo per caliditatem aget in frigiditatem
720 326 1227 367 aquae. & cum ambae istae sint in summo, se¬
728 361 1228 407 quitur igitur quod non erit actio. Nec valet si
720 394 1236 431 dicat quod reactio non fit per easdem qualita
722 425 1228 458 tes. quia tunc sequeretur quod quodlibet elemen
728 459 1236 491 tum non posset in aliud immediate contierti
726 494 1230 531 contra Philosophum. 2. de gneratione. Quomodo enim
728 524 1238 564 tunc ignis conuertetur in aerem: Si enim ignis,
723 554 1235 594 patitur ab aere per humiditatem, per quid
720 590 1229 623 reaget. si per ficcitatem habeo intentum, quod
727 620 1225 648 reactio fit per easdem qualitates. si per cali¬
727 645 1234 683 ditatem, hoc non potest stare, quia actio est
727 684 1235 714 merito contrarietatis. modo caliditas non
722 716 1231 747 contrariatur humiditati, sed frigiditati. Nec
727 744 1229 778 valet, si dicatur reactionem non posse fieri
720 774 1239 810 in elementis habentibus symbolum, sicut
725 806 1233 853 quidam dicunt, quia istud est contra Philo¬
726 839 1228 875 sophum primo de generatione in infinitis
725 871 1229 904 locis, vbi dicit quod quaecumque contrarietatem
727 904 1229 940 nabentia communicant in materia, in agen¬
723 931 1235 971 do repariuntur. Et ista etiam est mens Ale¬
719 972 1230 1003 xandri, & lohan. Grammatici in primo de
724 996 1230 1038 generatione, & in secundo, praecipue super
723 1026 1227 1066 expositione tex. com. S. vbi expresse ponit rea¬
724 1058 1229 1092 ctionem per easdem qualitates, cum actio fit
725 1097 1235 1130 merito contrarietatis: sicut expresse Philoso
727 1122 1229 1154 phus dicit. Item tunc sequeretur quod in habenti¬
726 1156 1226 1189 bus symbolum non esset facilior transitus,
721 1184 1229 1220 sicut patet discurrenti. Si igitur Com. intel¬
721 1218 1229 1263 ligat ambas qualitates in elemento simpli¬
723 1245 1229 1290 ci non esse in fine, i. in summo quantum ad
718 1279 1228 1322 gradum, sed vna sit in summo, & alia sit re¬
725 1318 1229 1346 missa, non sum cum ipso. nam in habenti¬
723 1345 1227 1385 bus contrarium remissio fit per admixtio¬
718 1373 1229 1410 nem contrarij, iuxta illud Philosophi, illud
722 1407 1224 1442 est albius, quid est nigro impermixtius. Et ideo
718 1438 1229 1474 sequeretur quod elementum non esset simplex. Et hoc
717 1471 1231 1513 est quod ante nos tenuit praecipuus exposito¬
717 1501 1225 1538 rum Antiquiorum Alexander super commen¬
722 1537 1228 1570 to suo in primo ineteo. Inquit enim, magis
723 1567 1231 1606 quidem aqua frigida quae terra: sed non mixtu¬
725 1605 1219 1640 ra caliditatis terra est minus frigida quae aqua
727 1631 1227 1666 & magis est terra sicca quae ignis: sed non ignis,
726 1668 1223 1698 mixtura humiditatis est minus siccus. & ma
718 1694 1219 1735 gis quidem calidus ignis quae aer: sed non mixtu¬
722 1727 1218 1762 ra ftigiditatis aer minus calidus quam ignis,
726 1757 1222 1791 & aer magis quidem humidus quam aqua:
719 1792 1223 1826 sed non solidi alicuius mixtura aqua minus
725 1821 1217 1858 humida quae aEr. non enim vtique aliquod simpli¬
722 1860 1225 1890 ciorum corporum esset haec ille ad literam. Bont
723 1885 1223 1930 etiam illud alia ratione fulciri. quia, siqualitas
715 1917 1223 1954 altera esset permixta suo contratio, tuc Aris.
