1416 2066
207 173 719 224 in qualibet parte eius. i. & si illem, in
226 221 711 268 quo est quies, sit tempus: & omne
226 259 718 303 tempus est diuisibile in tempora: ne
227 300 715 339 cesse est vt sit quiesoens in quacunque
221 329 710 379 parte accipiatur de illo tempore: ex
230 365 712 410 quo declarabitur quod quiescens non
219 404 714 460 habet primum tempus per illam eam
227 440 711 483 deam daemonstrationem, per quam de
221 477 713 518 claratum fuit hoc in motu, & cessan¬
219 524 716 554 te. & hoc intendebat, cum dixit: hoc
226 552 707 594 enim declarabitur, &c. Et, cum decla
221 590 713 634 rauit hoc, repetit conclusionem, &
231 628 715 677 dixit: quapnopter necesse est primum
227 660 717 714 non esse. I. primum tempus. deinde
225 703 713 750 dedit rausam ia hoc moto, & quie¬
207 739 715 783 scen¬ e, & dixit: & causa in hoc est,
226 777 712 829 quoniam, &c. i. & sciendum, quod ista causa
220 814 717 859 in quiescente non est vera in hoc
218 853 712 903 moto, & quiescente etiam. nam diuisibi
219 889 714 930 litas temporis est causa vt quiescens
225 932 712 977 non habeat primam quietem, in mo
222 964 715 1001 to autem tempus non est causa hu¬
223 1000 717 1042 ius. sed concomitatur causam. & causa
223 1039 713 1090 in hoc, quod motum est tale scilicet non ha¬
221 1076 709 1122 bens primum motum est. quoniam mo¬
226 1124 713 1158 tum est contiuua magnitudo, & in
227 1149 717 1194 maguitudine contanua, sicut dixi¬
226 1191 701 1238 mus. ista enim prioritas est impossibi
219 1224 715 1275 lis in istis rebus propter continuatio¬
227 1267 710 1314 nem: & continuatio in istis primo
207 1301 715 1350 inuenitur in magnitudine, &, propter
222 1348 709 1388 magnitudinem inuenitur in motu,
229 1378 715 1425 & propter motum in tempore: tem
233 1413 711 1458 pus ergo primo caret, eo quod motus ca
222 1447 714 1498 ret illo, motus vero caret illo, eo quod
226 1485 620 1539 magnitudo caret illo etiam.
264 1540 713 1598 Quoniam autem omne, quod
224 1596 714 1633 mouetur, in tempore mouetur:
227 1630 710 1685 & ex quodam in quoddam mu
226 1676 713 1723 tatur, in quo tempore mouetur
216 1708 710 1754 secundum se, & non quia in il¬
219 1749 711 1802 lius aliquo, impossibile est tunc
218 1791 714 1834 secundum aliquid esse primum quod
744 180 1243 221 mouetur. quiescere enim est in eo¬
743 219 1235 271 dem esse, tempore aliquo & ip¬
742 265 1239 306 sum, & partium vnamquamque.
742 303 1237 357 sic enim dicimus quiescere, quando in a¬
747 343 1239 387 lio, & alio nunc verum sit dice¬
745 380 1243 434 re quod in eodem & ipsum, & par¬
740 429 1234 470 tes sunt. Si autem hoc est quiescere,
739 466 1229 506 non contingit id, quod mutatur
741 508 1237 546 secundum aliquid esse totum secundum pri¬
742 557 1241 586 mum tempus. tempus enim omne
744 585 1236 626 diuisibile est. quare in alia, & a¬
746 628 1242 666 lia ipsius parte verum erit dice¬
742 665 1241 714 re quod in eodem sit & ipsum, & par¬
751 703 1241 755 tes. Si vero nonsic est, sed vno
745 745 1245 786 solo nunc est, non erit tempore
744 789 1231 840 vllo secundum aliquid, sed secundum terminum
748 836 1233 866 temporis. in ipso autem nuno
751 866 1241 914 est quidem semper secundum aliquid
745 916 1247 946 manens: non tamen quiescit. ne
749 949 1240 1000 que enim moueri, neque quiescere est
744 988 1240 1027 in ipso nunc. sed non moueri qui¬
740 1029 1240 1074 dem verum est in ipso nunc, &
744 1069 1240 1117 esse secundum aliquid, in tempore autem
744 1116 1245 1156 non contingit esse, secundum quod que
738 1149 1247 1202 scit. accideret enim id, quod fer
745 1188 972 1237 tur quiescere.
790 1236 1243 1285 Et, quia omne motum mouetnt
742 1277 1245 1330 in tempore, & transmutatur de
748 1317 1241 1385 aliquo in aliquid, ideo tempus, in
740 1368 1248 1426 quo mouetur per se, non quia est in
740 1412 1242 1474 quadam parte illius temporis: im¬
746 1459 1240 1522 possibile est vt motum sit i aliquo
747 1508 1241 1567 eius, quoniam permanentia alicu¬
743 1564 1245 1615 ius, & vniuscuiusque suarum par
748 1612 1251 1661 tium in eadem re in aliquo tempo
740 1649 1247 1707 re. quonia sic dicimus aliquid quie
746 1693 1250 1755 scere, scilicet cum in instanti post aliud
742 1740 1250 1802 instans erit verum dicere illud ma
741 1789 1244 1851 nere: & suas partes in aliquo. Et,
