1416 2066
188 132 692 184 solutio autem Phemistil corrumpitur ex
196 172 694 226 hoc, quoniam ignorare transmutatum esse
199 212 689 258 diuisibile, aut indiuisibile per tran¬
195 245 688 296 smutationem diuisibilem, aut indiuisibi
198 285 690 339 lem est in eodem ordine. sed dignius
197 321 695 371 est vt sit latentius naturalitur tram smuta
203 365 690 410 tum esse diuisibile per transmutationem
195 406 695 450 indiuisibilem. existimatur enim quod transmu¬
203 437 695 481 tatio idiuisibilis debet esse in indiui¬
196 471 692 522 sibili. Et etiam demonstratio, qua Arist.
200 511 687 555 vtitur in hoc, non erit prima, & es¬
204 548 691 600 sentialis. quoniam diuisibilitas eius, quod
201 585 700 635 transmutatur in tpre, non inest ei, secundum
205 626 695 677 quod est in tpre, cum inueniatur in eo, quid
199 662 688 709 non transmutatur in tpere. & sic illd,
204 700 700 740 quod accipitur causa in hac demon
205 735 696 778 stratione, non est cam. & erit, ac si ali¬
205 775 688 819 quis diceret, quod homo est ambulas
212 811 696 860 quia est rationabilis. rationalitas enim
207 850 699 891 non est causa ambulationis, nisi per
204 886 694 928 accidens. Auempace autem rundit ad
209 925 695 975 hoc, quod diuisibilitas, quam Aristote¬
205 964 697 1002 les intendit in hoc loco, non est di¬
212 1000 695 1042 uisibilitas secundum vltima, sed diuisibili¬
214 1038 703 1088 tas, quae est in corpore per accnntia
214 1076 705 1125 opposita. quoniam, cum transmutatum tram
213 1115 693 1154 smutatur de contrario in contrari¬
212 1149 704 1194 um, necessario diuiditur per duo com
211 1188 707 1225 traria, dum transmutatur. Et certe
212 1225 705 1266 ista diuisibilitas est prima transmuta
214 1263 705 1306 tio in tpre, & non accidit ei idem, quod
206 1300 698 1342 accidit Themistio. sed ista diuisibi¬
214 1336 701 1386 litas est per accuns in continuo. &
215 1379 703 1427 Aristo. non consyderat in hoc loco
220 1413 706 1466 nisi diuisibilitatem, quae est continui
213 1447 708 1503 essentialiter scilicet secundum vltima. Ego autem
217 1489 706 1539 diu sustinui opinionem Auem pace,
211 1524 701 1578 sed modo non, quoniam transmutationes
215 1562 699 1603 funt duobus modis: modus existens
216 1602 709 1651 per se, & est transmutatio, quae est
217 1645 708 1689 de quiete in quietem: & modus exis
222 1680 704 1728 non per se, & est transmutatio, quae
216 1716 712 1766 est finis alterius transmutationis. v. gr.
216 1748 708 1803 illuminatio domus, quae sit a motu
716 125 1234 179 candelae, & mutatio colunae de dex¬
722 173 1226 210 tro in sinistrum a motu columnae. Et ma
721 212 1224 257 nifestum est quod istae tramsmutationes sunt
724 248 1220 282 non in tpere: quia sunt fines transmuta¬
721 279 1218 330 tionum: & a finis est idiuisibilis, & dif
720 320 1214 362 fert ab illo, cuius est finis. Et est ma¬
721 365 1216 412 nifestum quod ipossibile est vt sit per se. ergo tram
724 396 1220 448 smutatioes, quae sunt principales sunt
730 431 1204 475 duobus modis, Aut tramsmutatio, cui
728 467 1223 522 finis est de gnere illius transmutationis,
732 509 1218 554 Aut transimutatio, cuius finis est de alio
730 555 1217 600 gnere, & vtraque est transmutatio in tpere. &
726 583 1214 636 quaedam est in eo, ex quo, & quaedam
724 621 1214 666 in eo, ad quod: & indifferenter, siue
725 661 1213 706 finis transmutationis suerit de cene
727 692 1224 749 re ipsitis, aut non de gnere. ergo transmu
727 740 1224 778 tabilia, quae sunt non in tpere eadem
732 772 1226 819 ipsa sunt transmutabilia, quae sunt
731 820 1226 850 in tpe ergo, cum fuerit declaratum
730 847 1227 898 de istis, quae sunt in tempore, quod
727 889 1221 930 sunt diuisibilia, declarabuntur om¬
725 932 1223 962 nia transmutabilia esse diuisibilias
733 961 1222 1002 cum omne transmutabile non in
733 1005 1235 1042 tempore est transmutabile in tpre: &
728 1036 1228 1086 etiam transmutari aliquid non in tpre
730 1076 1226 1124 est per accidens, cum consequatur
729 1113 1231 1163 transmutationem aliam. Quomodo igitur ac¬
739 1148 1227 1198 cusatur Arist. si de mostratio ipsius
730 1189 1233 1234 non continet ipsamus cum illud, quod
735 1221 1229 1266 est per accuns, non habeat demonstra
733 1261 1231 1312 tionem cum hoc, quod cognitio eius col
740 1300 1229 1338 ocatur in cognitione tramsmutabilis
729 1335 1219 1385 per se. quoniam illud, quod est per accus, se
730 1374 1223 1417 quitur illud, quod est per se. & etiam
732 1410 1229 1450 finis transmutationis non est transmuta
737 1452 1227 1490 tio: quoniam finis rei non est illa res. Si igitur
735 1493 1225 1537 dicatur tram smutatio, erit per aequocatio
734 1525 1224 1564 nem. & ideo Arist. non apponit mentem il
737 1561 1222 1614 li, cum hoc, quod apparet in sua declara
735 1599 1227 1643 tmodoe. & sic Arist. intentio latet omnes ex¬
742 1636 1225 1676 positores. D.d. Qnam, quia omnis
738 1672 1232 1714 transmutatio est de aliquo, idest de
734 1711 1231 1754 aliquo, quod est quiescens. & ista, si
734 1748 1235 1798 cut diximus, est transmutatio, quae est
