1416 2066
172 181 680 232 tum nihil aliud est quam congregatio
192 220 689 268 partium: ergo totum est aliud a se.
193 256 677 310 Et istud Sophisma est compositionis,
197 296 687 346 & diuifionis: quoniam vnaquaeque partium
192 333 689 370 dicitur esse aliud a toto: sed omnes insimul
190 372 662 426 non possunt dici esse aliud a toto.
232 428 689 482 At vero, si velut indiuisibile,
195 484 679 528 nullum erit quantum, neque quale
197 516 684 567 Neque itaque infinitum est id, quod est
192 556 682 611 sicut Melissus dicit, neque finitum,
197 597 689 643 sicut Parmenides. terminus. enim
186 638 681 682 indiuisibilis est, neque finitus est.
210 681 688 738 Et, si totum fuerit vnu, ita quod
190 725 680 787 sit indiuisibile, tunc non erit quan
191 773 685 834 tum, aut quale. Et et ens non erit
187 820 677 883 infinitum, vt dicit Melissus, neque,
187 869 683 927 finitu, vt dicit Parmenides. indiui
186 917 605 978 sibile enim est finis, non finitum.
196 980 684 1034 Cum induxit illud, quod contin
188 1024 681 1071 git eis, si intenderint per vnum conti
184 1061 678 1112 nuum, induxit etiam impossibile con
186 1099 675 1146 tingens eis, si iutender int per hoc no¬
180 1141 687 1178 men vnum indiuisibile, & dixit: Et,
188 1172 680 1215 si totum fuerit vnum, &c. i. si aliquis
182 1212 677 1252 dixit quod, cum dixerit ens esse vnum,
186 1249 672 1290 intendebat esse indiuisibile, tunc non
187 1294 673 1339 erit quantum, neque quale, neque sub
172 1326 678 1378 stantia, neque aliud aliquod praedica
183 1366 679 1414 mentorum: quoniam omnia ista sunt diui¬
181 1404 681 1445 sibilia, aut per se, vt est quantum, aut
182 1440 678 1491 per accidens, vt sunt reliqua. Et, cum
178 1479 680 1522 declarauit quod dicens hoc non potest
187 1525 681 1554 concedere hoc esse substantiam, aut
183 1557 676 1607 quale, aut quantum, quod est valde
184 1595 681 1634 improbabile, incoepit declarare im
186 1630 675 1685 possibile, quod contingit his duobus
190 1669 679 1714 viris secundum hoc quod ponunt,
188 1715 677 1746 non secundum rem in se, &dixit. Et
191 1749 676 1787 ens etiam non erit infinitum, &c. i.
186 1786 680 1826 & contingit Parmenidi, & Melisso
185 1823 676 1866 secundum hoc quod dicunt quod ens non sit infi¬
716 181 1210 226 nitum, vt Melissus dicit, neque finitum,
716 221 1196 259 vt Parmenides. nam finitum, & in
715 252 1199 298 finitum non dicuntur nisi de quan
713 296 1029 345 to, non de fine quanti.
732 333 1201 386 At verom, si omnia, quae sunt, ratione
718 379 1199 426 vnum sunt, vt indumentum, &
720 421 1202 473 tunica, Heracliti onionem conti
714 461 1205 506 git ipsos dicere. idem enim erit &
722 501 1199 555 bono, & malo, & non bono esse.
722 542 1196 586 & bono, quare idem erit bonum
716 588 1193 635 & non bonum, & homo & equus
720 625 1202 678 & non de eo, quod vnum sunt, qua
714 668 1212 714 sunt, ratio erit, sed de eo, quod nihil se.
718 709 1118 754 & tali esse, & tanto idem.
767 749 1211 803 Et, si omnia entia fuerint vnum secu
710 797 1206 846 dum ronem, vt vestis, & tunica,
719 844 1215 905 continget eis dicere quod Heracli
706 887 1208 947 tus dicit. esse enim erit boni, & mali¬
720 936 1202 994 vnum, & boni, & noboni. ex quo
715 981 1208 1045 sequitur quod bonum, & non bo¬
709 1028 1204 1096 nu erut idem, & homo, & equus.
713 1077 1211 1131 & tunc sermo erum no erit i hoc,
714 1125 1204 1178 quod entia sunt vnum, sed in hoc,
716 1181 1215 1226 quod nullum eorum est: & erit inte
705 1215 1200 1280 tio quiditatis talis dispositionis, i.
714 1269 1207 1319 qualitatis: & intentio eius talis men
710 1309 1205 1370 surae, i. quantitatis eadem intentio.
749 1365 1198 1410 Cum destruxit duos modos illo
710 1407 1210 1455 rum trium, secundum quos dicitur,
713 1440 1211 1483 hoc nomen vnum, incoepit destrue
712 1485 1207 1523 re tertium, & d. Et, si omnia entia,
710 1522 1206 1571 &c. i. &, si intenderint per hoc quod
711 1557 1207 1606 dicunt, quod entia diuersorum nomi¬
713 1594 1207 1634 num omnia sunt idem secundum de¬
708 1632 1205 1684 finitionem: adeo quod significatio ho
715 1669 1211 1714 rum nominum, homo, equus, & asi¬
710 1716 1210 1761 nus, sit sicut significatio horum no
714 1749 1210 1799 minum, vestis, & tunica, continget
715 1786 1211 1836 eis dicere, quod dixit. Heraclitus
711 1824 1204 1865 sophista, scilicet contraria esse idem,
