1416 2066
208 188 706 236 da figura, & componitur sic. Superius
226 221 709 261 debet esse fixum: & vltimum circulatio
221 261 707 312 nis est fixum: orgo superius est vlti¬
218 299 706 339 mum circulationis. Et potest dici ad
219 337 713 390 hoc, quoniam, quia ratio est famosa, non cu¬
220 375 711 419 rat vti in hoc duabus affirmatiuis in
222 414 713 468 secunda figura. Et pont dici ad hoc
227 452 712 503 et, quod propositio maior conuertitur, quando
226 495 711 531 additur et hoc scilicet vt fixum sit in maximo
223 532 709 586 supiori, quoniam tunc sillectus componitur sic,
222 572 713 625 Superius simpieciter est fixum, quid est in vl
221 613 707 663 timo superiori: & fixum, quod est in
222 650 703 691 vltimo superiori, est vltimum in cir¬
222 693 703 743 culatione: ergo quod superius est simperctur
218 729 712 770 est vltimum in circulatione. & similiter dicitur
216 768 710 820 de inferior scilicet quod cum additui ei, quod
214 804 702 850 est vltimo inferiori, tunc conuersio
223 845 713 890 erit vera. Et, quia verae definitiones
224 884 711 930 debent conuenire omnibus spebus rei
220 924 712 970 definitae, incoepit declarare quomodo ista
225 970 702 1017 definitio loci conuenit duabus spe¬
215 1005 712 1058 ciebus loc scilicet superiori, & inferiori,
220 1044 705 1099 & dixit: Cum igitur leue, &c. i. cum
215 1085 703 1135 ligitur leue transfertur naturalitur superius
220 1127 701 1162 & transfertur naturamiliter ad finem con¬
220 1164 704 1214 tinentem: ergo superius est finis conti¬
222 1202 710 1242 nens. Et existimatur quod ista conclusio
214 1237 712 1291 est vniversalis, & in tertia figura, quod non
218 1279 708 1326 oportet. Sed ista conclusio est vniversalis,
221 1322 719 1368 quia minor conuertitur vniversalis affirmati¬
212 1356 712 1402 ua. videndal syllectus componitur sic in prima
222 1397 715 1452 figura. Superius est id, ad quod traussertur
218 1438 707 1483 leue naturalitu: & illud, ad quod transfer
218 1476 714 1526 tur leue naturaliter est finis vltimae
216 1517 712 1572 circulationis: ergo superius est finis
215 1557 709 1602 continens, qui vicinatur corpori vlti¬
219 1597 709 1648 mo. Et similiter concluditur quod inferius
224 1644 713 1687 est finis aquae, scilicet concauum aquae.
220 1676 706 1728 Et dixit: & medium. quoniam graue
223 1716 711 1762 non quaerit hunc finem scilicet finem aquae,
218 1753 715 1794 nisi secundum quod est medium totius, non
220 1796 714 1837 secundum quod est finis aquae. &, si non, tunc
219 1842 716 1875 terra moueretur ad aquam, vbi esset
210 1872 715 1914 finis eius: sicut ferrum mouetur ad
740 180 1249 227 magnetem, vbicunque fuerit: & hoc l
741 218 1239 266 non sentitur de aqua. & sermo de,
744 258 1232 310 hoc erit perfecte in libro de Coelo,
736 298 1224 350 & Mundo, hic enim loquitur de loco
736 338 1233 378 communi. vniuersali omnibus corporibus na
742 374 1227 418 turalibus. D.d. & ideo existimatur
739 418 1221 473 quod locus est, &c. & quia corpora trans
741 454 1224 499 feruntur naturalitur ad vltima scilicet ad su
746 493 1230 537 perficies continentes ipsa, & quiescunt
740 533 1229 578 in eis secundum conuenientiam, &
740 573 1223 618 similitudinem, necesse est vt locus sit
738 614 1217 664 vltimus: & quasi est vas continens
741 653 1219 698 non inane, quod est inter vltima. non
736 693 1221 737 enim est conuenientia inter inane,
736 729 1224 781 & corpus, a neque in eo sunt diffe¬
740 765 1227 819 rentiae, quibus diuidatur in superius,
740 809 1228 850 & inferius. D.d. & etiam locus, &c¬
740 847 1228 890 & forte intendit, quoniam locus, &
739 887 1237 931 locatum sunt relatiua, et relatiua sunt
739 927 1233 971 insimul, & cum alterum aufertur,
739 965 1237 1025 aufertur & reliquum. & hoc non in¬
741 1005 1228 1062 ugnitur, nisi in loco, qui est finis suus
740 1052 1225 1099 tantum. bfinis enim non inuenitur nisi quando in
741 1083 1218 1130 uenitur illud, cuius est finis, & defi¬
744 1125 1230 1170 cit per suum defectum. &, si locus esset
744 1164 1221 1210 inane, non esset necessarium in fuo
740 1199 1232 1242 esse locatum esse: & tunc inueniret
742 1240 1229 1282 locus sine locato. Et forte inducit
749 1282 1224 1329 per hoc iationem, qua declarat quod
745 1320 1229 1362 locus debet esse permanens cum per¬
747 1361 1088 1410 manentia corporis in eo.
745 1404 1245 1465 Quod definitio assignata conuenit cunctu
737 1447 1243 1490 corporibus simplicibus mobilibus. Ca. 0.
820 1488 1242 1546 Vi igitur corpori est aliquid
840 1540 1237 1581 corpus extra, continens ip
837 1572 1237 1618 sum, hoc in loco est: cui vero
740 1615 1245 1666 non, minime. quocirca etiam, si aqua
740 1660 1233 1718 fuerit huiusmodi, partes quidem moue¬
742 1700 1243 1746 buntur ipsius. continent enim a seinuicem,
744 1747 1245 1794 totum autem est quidem vt mouebitur, est
742 1786 1243 1826 vero vt non. vt enim totum simullo
742 1829 1243 1874 cum non mutat, circulariter ant mo
740 1869 1243 1914 uebitur partium enim hic locus est& sur
