1416 2066
179 188 698 250 Cum declarauit quod principia per se
179 237 705 282 sunt duo, materia, scilicet & forma, & quod, si
190 276 690 321 priuatio dicatur principium, est per acci¬
195 317 700 355 dens, dicit quod ex hoc modo dissoluentur,
192 350 693 398 quodnes praedictae, & dixit: Et ideo poent
191 389 700 439 quis dicere principia esse duo scilicet cum
189 425 697 478 intenderit illa, quasunt principia per se, &
194 463 691 515 pont dicere illa esse tria, cum non fece¬
195 500 696 547 rit distinctionem inter illa, quae sunt per
191 541 697 592 se, & per accidens, & pont dicere illa esse
186 581 692 618 contraria, i. cum solummodo consydera
192 628 690 666 uit inductionem, per quam supra proba
199 657 695 700 uit principia esse contraria, aut secundum quod
191 698 689 740 principia, & contraria conueniunt in
191 732 696 786 illis tribus propriis pdictis scilicet quoniam non
179 773 695 810 sunt ex inuicem, neque ex aliis, & quod omnia
191 813 683 856 sunt ex eis. D.d. & potest dicere qui
193 848 697 900 non est ita, i. poet dicere quod principia
191 885 699 930 non solum modo sunt contraria: com
190 925 700 974 traria enim non patiuntur abinuicem: pa
191 964 691 1003 tiens enim debet esse simile, & non com¬
191 1010 698 1048 trarium. D.d. sed ista quaestio, &c i.
190 1044 690 1082 sed hoc non, prhibet vt principia sint
193 1078 691 1130 contraria. & non notificat quod priuatio
195 1118 696 1162 non est principium nisi per accuns, sed
191 1157 689 1202 addit tertium, quod non est contrarium,
187 1196 684 1249 & est subiectum. D.d. Ergo princi¬
187 1237 694 1287 pia, &c. i. ergo secundum quod diximus prius,
190 1275 684 1323 principia no sunt plura numero com¬
188 1319 691 1361 trariorum, quae sunt duo, cum princi¬
198 1349 692 1397 pia accipiantur per se & hoc intendebat
189 1389 697 1440 cum dixit quodammodo. D.d. sed
188 1426 690 1466 quasi in numero sunt duo, &c. i. sunt
190 1465 688 1506 duo per se, & non duo, cum accipientur
187 1505 691 1554 secundum quod sunt principia simpliciter, non
187 1542 689 1595 distinguendo illa, quae sunt per se
189 1581 681 1630 ab illis, quae sunt per accidens. acci¬
190 1624 690 1670 dit enim principiis, quae sunt per se,
189 1660 694 1706 aliud, & est priuatio, & sic erunt tria,
197 1699 692 1751 cum priuatio sit de necessitate gene
192 1736 688 1778 rationis. D.d. sed sunt tria, i. sed secundum
192 1773 690 1817 hunc modum sunt tria. dicere enim in
190 1812 694 1865 homine ipsum esse non musicum, quod
186 1852 692 1898 est priuatio musicae, est aliud a subie
730 195 1239 243 cto, quod est homo, & homo, & non musi¬
733 237 1237 281 cus sunt alia a musico. sunt igitur tria,
731 269 1213 314 Eorma, & Subiectum, & Priuatio.
766 318 1229 363 Quot igitur principia sint re¬
724 372 1222 416 rum naturalium, quae circa gene¬
731 405 1229 447 rationem, & quomodo tot dictu est.
726 445 1225 491 Et manifestum est quod oportet subil
729 488 1226 530 ci aliquid contrarijs, & contraria
725 525 1226 570 duo esse, squodam autem modo alio
722 567 1229 610 non necessarium est. sufficiens enim
729 613 1224 660 erit alterum contrariorum absentia,
723 652 1233 698 & praesentia facere mutationem,
763 693 1223 753 lam igitur diximus quot sunt
721 741 1219 805 principia reru generabilium, & vn
725 789 1229 847 de sunt tot. Et e declaratu quod com¬
724 836 1221 891 traria debent habere subiectu, &
723 884 1226 946 quod contraria sunt duo: alio vero
719 926 1225 993 modo non est necesse. sufficit enim
719 973 1231 1034 alterum contrariorum in hoc, quod
724 1024 1223 1089 agat transmutationem ipso prae¬
723 1073 982 1131 sente, & absente.
767 1116 1227 1162 Cum demonstrauit numerum prin
722 1158 1234 1208 cipiorum, incoepit facere summam de
723 1196 1228 1248 illis, quae declarauit, & dixit: lam igitur
728 1237 1233 1289 diximus, i. declaratum est igitur quot
724 1275 1226 1314 sunt principia rerum naturalium, cum
724 1316 1226 1354 numerantur per se, aut cum numeran
723 1351 1227 1402 tur per se, & per accidens, & causa, prope
720 1389 1230 1436 quam sunt tali numero, & cum hoc de¬
726 1431 1220 1474 claratum est quod necesse est vt in genera
721 1465 1221 1514 tione in substantia sit aliquod subie¬
727 1501 1223 1555 ctum, & est prima materia, situt est dispon
723 1543 1229 1586 in generationibus aliorum praedica
725 1583 1233 1631 mentorum. D.d. & quod contraria sunt
724 1620 1229 1667 duo, i. cum non dist inguatur illud, quid
723 1660 1231 1711 est per se, ab illo, quod est per accidens.
718 1698 1223 1739 cum autem accipiuntur secundum quod sunt per
722 1737 1228 1779 se, suffiiciunt in hoc subiectum, & for
720 1776 1228 1818 ma. & hoc intendebat cum dixit, alio
731 1815 1221 1858 vero modo non est necesse. Et di¬
723 1861 1232 1907 cit hoc, quia sufficit in generatione
