1416 2066
187 180 698 234 tum, non secundum partem, vt dictum est in
194 224 685 271 principio Quinti, quod rei motae quid,
197 258 693 298 dam attribuitur motui, quia pars eius
196 301 698 338 mouetur taneu, reliquum autem mouetur
203 333 683 378 ab ista parte. quoniam hoc intellectum fe¬
195 373 689 418 cit Oal. & multos hoines errare in in¬
203 412 695 451 tentione huius demrronis: & existima
198 448 680 501 uerunt quod ex istis proponibus pro
195 487 687 533 positis hic non sequitur illud, quid inten
203 525 687 563 debat concludere. Et, cum induxit ge¬
198 559 680 602 nus moti, in quo est dubitatio, & de
201 605 685 642 terminationem, quae debet esse in mo¬
200 644 680 689 to, de quo vult declarare ipsum ha
196 678 680 727 bere motorem, & est ipsum non mo
198 716 691 764 ueri secundum totum, quia pars eius mouet
202 749 697 793 se, & mouet totum cum tale compositum
203 796 691 834 est ex pluribus vno moto, perseruta
202 828 690 873 tio autem est haec de vno moto simpli
196 869 692 916 ci, dixit: Dicamns igitur primo, &c.
197 903 696 946 I. dicamus ergo quod existimare hic esse
199 942 689 992 aliqua, quae mouet se, prper hoc, quod ap¬
200 978 687 1029 paret sensui, non est sufficiens. nam il
198 1013 686 1065 la, quae videntur moueri secundum totum, &
198 1053 686 1098 sunt continua, possunt diuidi in duas per
199 1093 692 1131 tes, motore, scilicet & motum. & existimatur
200 1130 689 1175 quod motor in eis non est distinctus a
205 1174 693 1218 moto. v. g. vt sit motor in illa re pr,
203 1205 693 1242 & motum H&, &  totum motum mo¬
205 1244 690 1291 uetur ex se, per quid existimatur quod totum
204 1279 683 1320 mouet se, & est pra, cum non senti
202 1316 685 1366 tur, vtrum vnum eorum moueat reliquum
198 1355 685 1394 Et, cum induxit causam, qua acci¬
196 1390 692 1434 dit homini dubitare in quibusdam
196 1430 691 1480 motis, & existimare ipsam moue¬
203 1469 691 1507 ri ex se sine motore, incoepit decla¬
197 1509 692 1562 rare quod omne motum habet pri
201 1549 449 1587 mum motorem.
245 1596 685 1644 Amplius id, quod a seipsomo¬
196 1644 690 1683 uetur, nunquam cessabit moueri
199 1680 691 1730 prpea quod aliquid aliud stetit, quid
197 1719 696 1770 mouebatur. Nec esse est ergo, si
200 1764 688 1810 quid definat moueri eom, quod aliud
195 1813 694 1850 aliquid stetit, hoc ab altero mo
729 177 1224 223 ueri. hoc autem, cum manifestum fa
727 220 1207 266 ctum sit, necesse est omne, quod mo¬
726 261 1206 315 uetur, moueri ab aliquo. Quam enim
721 305 1215 356 acceptum est Ahmoueri, diui¬
720 341 1201 386 sibile erit. omne enim quid mouetur,
721 383 1212 436 diuisibile est. diuidatur igitur in
725 422 1207 468 c. necesse est igitur, ini c quiescen¬
724 463 1209 511 te, quiescere & AE. si enim non acci¬
718 516 1214 558 piatur moueri. Bc igitur quie¬
717 548 1215 594 scente, mouebitur vtique ACc. non
720 587 1215 640 ergo mouetur per se AB. sed sup¬
725 629 1219 675 ponebatur, per seipsum moue¬
714 669 1221 720 ri primum. manifestum est igitur quod
722 708 1214 754 CBquiescente, quiescet & BA, et
718 748 1211 803 tunc desinet moueri. sed, si quid
718 789 1209 835 ex eo, quia aliud quescit, stat & ces¬
723 830 1217 875 sat moueri, hoc ab altero moue
726 871 1212 923 tur. manifestum est igitur quod om¬
723 914 1209 955 ne, quod mouetur, ab aliquo mo¬
720 956 1204 995 uetur. diuisibile enim est omne
721 1004 1211 1051 quod mouetur: & parte quie¬
723 1037 1111 1091 scente, quiescet totum.
761 1092 1213 1154 Et dico etiam, quod omne, quod
719 1141 1221 1204 non mouetur ab aliquo, non cessat
726 1188 1217 1251 a motu, si aliquid aliud cesset. Er¬
723 1236 1215 1296 go necesse est quod omne, quod ces¬
723 1284 1207 1344 sat a motu per cessationem alte¬
723 1330 1192 1389 rius, moueatur ab alio. quoniam
723 1378 1215 1434 hoc si fuerit manifestum, necesse
724 1420 1222 1482 erit quod omne motis, cum sit diui
725 1469 1212 1530 sibile, moueatur ab aliquo. Quonia,
727 1517 1209 1570 cum videmus AEmoueri, ne¬
724 1562 1212 1624 cesse est vt sit diuisibile. quoniam
724 1620 1211 1659 tam declarauimus quod omne mo
727 1655 1216 1715 tum est diuisibile. diuidatur igi¬
726 1701 1213 1763 tur:iC ergo necesse est si CEquie
722 1749 1218 1811 uit, vt ACquiescat. si igitur non
719 1806 1223 1857 quieuerit, moueatur. ergo CB
