1416 2066
203 164 696 210 nare substantias, & quiditanss rerum
203 205 703 250 naturalium, dedit etiam secundam Am ad
202 253 693 295 hoc, & dixit: & cum hoc non opor¬
203 282 705 330 tet contradicere omnibus. i. & cum hoc, si
203 321 695 363 posuerimus quod oportet artificem cont
203 361 696 402 tradicere opinionibus falsis suae ar¬
218 398 701 443 tis, tamen non omnibus: sed solummodo de¬
216 437 708 482 bet contradicere eis, quae concluduntur
221 477 693 520 a primis propositionibus illius artis
213 516 707 554 sed cum conclusione falsa: eis autem, in
221 553 693 604 quibus est peccatum in ipsis princi¬
217 597 696 640 piis, non oportet contradicere. v. g
217 631 699 676 quoniam sermo eius, qui existimauit se
216 670 711 714 quadrare circulum, cum quadrauit
211 708 707 761 lunares figuras, quae sunt portiones
214 748 703 799 circulorum, oportet Geometram com¬
214 789 698 834 tradicere ei: quia peccauit in eis, quai
214 828 693 866 sunt post principia. portiones enim ca
220 863 704 907 dentes in circulo, licet possint facere
227 908 701 953 quadrata aequalia eis, tamen non sequitu
219 941 702 988 ex hoc facere quadrata aequalia cir
216 989 705 1030 culo: nam illae portiones non con¬
217 1020 706 1070 sumunt circulum per diuisionem, istud
211 1060 705 1097 enim peccatum est essentiale Geo¬
219 1097 705 1138 metrae, & Geometer debet destrue¬
213 1140 713 1191 re ipsum, Antiphonti autem non debet
215 1173 709 1218 contradicere. quoniam, cum ille fecit in cir
212 1216 709 1268 culo figuram aequalium laterum, & an¬
210 1260 698 1303 gulorum, & fecit super quodlibet la¬
215 1292 698 1346 terum tuiangulum Isoscesem, diuidem,
215 1334 699 1382 do arcus inspicientes latera in Duo
214 1370 698 1410 media, deducendo lin eas ad extre
216 1407 703 1462 ma lateris: & sic fecit in circulo figu
212 1453 713 1504 ram aequalium laterum, & angulorum
215 1494 703 1530 maiorem prima, cuius numerus la¬
218 1525 696 1570 terum est duplus ad numerum late
212 1565 705 1618 rum primae figurae: & cum fecit etiam i
215 1603 710 1657 hac figura illud, quod fecit in pria,
212 1647 707 1696 inuenit etiam in circulo figuram aliam
213 1681 710 1730 maiorem secunda: & sic existimauit,
208 1722 708 1762 cum fecerit sic, quod diuisio non proce
214 1761 708 1807 dit in infinitum, sed perueniat ad fi
205 1798 712 1850 guram aequalem circulo: &, cum fe
210 1839 705 1890 cit quadratum aequale huic figurae,
728 165 1221 210 existimauit quod illud quadratum erat
726 213 1210 259 aequale circulo. sed istud percatum
732 253 1221 283 non erat essentiale Geometriae, quia
730 284 1219 330 Oeometer habet principium scilicet quodi
739 321 1211 362 risio procedit in infinitum: & ideo
732 362 1105 403 no n debet ei contiradicere.
769 400 1219 459 Sed, quoniam de natura quidem, non
730 453 1224 484 autem naturales dubitationes con
729 485 1229 537 tingit dicere ipsos, forsitan qui¬
734 525 1220 571 dem bene se habet aliquantulum
733 567 1229 610 disputare de ipsis, habet enim philoso
734 612 1146 661 phiam haec consyderatio.
779 650 1222 710 Sed quia accidit quod sermo eo
727 697 1219 746 rum est de natura, & si dubitatio
730 745 1227 802 nes eorum non sint naturales, re¬
734 796 1230 853 ctum est incipere parum loqui de
738 842 1224 890 eis. consyderatio enim de hoc est
733 891 926 954 philosophiae,
770 941 1225 992 Cum declarauit quod non oportet
731 981 1226 1020 naturalem loqui de dubitationibus
732 1021 1232 1058 non naturalibus, & voluit loqui cum
738 1057 1228 1099 eis secundum disputationem perper vtilitatem
742 1094 1237 1138 prouenientem ex hoc ei, qui incipit
737 1132 1231 1182 in hac arte, incoepit declarare causam
741 1169 1229 1223 cogentem ipsum ad loquendum de
738 1209 1227 1262 hoc, & dixit. Sed quia acciditl, &c. i.
739 1248 1233 1290 sed quia accidit istis duobus viris lo¬
739 1288 1221 1336 qui de naturis, vt de vacuo, & infi¬
737 1329 1227 1370 nito, & aliis, rectum est loqui cum eis
735 1364 1229 1418 in istis quaestionibus disputatiuem, li¬
737 1405 1230 1455 cet non sint naturales: quoniam & si loqui
740 1445 1229 1482 cum eis non oportet naturalem, ta¬
733 1483 1233 1530 men oportet Primum Philosophum.
733 1541 1239 1595 De Opinionibus non naturaliter loquen¬
861 1581 1115 1635 tium. Cap. 7.
825 1630 1232 1681 Rincipium autem maxime om
828 1669 1235 1714 nium proprium. quoniam mul
827 1708 1234 1757 tipliciter dicitur id, quod est, quomodo
743 1749 1232 1794 dicunt dicentes vnum esse om¬
742 1797 1242 1838 niaVtrum substantiam omnia, an
744 1837 1242 1887 quanta, aut qualia: & iterum vtrum
