1416 2066
164 172 666 204 re quod in alterando repatitur vel realteratur.
167 202 663 233 stat enim aliquod alterans esse adeo fortis virtu¬
167 232 661 266 tis, & intantum excedere potentiam passiuam al¬
166 263 659 298 terabilis, quod assimilabit sibi in sui natura, a
171 301 658 336 quo tamen non realterabitur. sicut gutta aqua
173 325 661 364 piecta in maximum ignem extinguetur ab igne.
166 358 658 398 & gutta vini proiecta in mari, patet quod ibi al
166 387 658 418 terans non realteratur ab eo quod patitur, licet
160 420 662 457 posset dici, quod patiatur: quia actio est merito
163 452 665 492 contrarietatis. & quia resistit sibi, propter im
166 484 667 522 pedimentum contrarietatis, sic quodammodo
164 517 666 549 agens dicitur pati, quia ex contrario impeditur, &
161 545 660 578 ideo temporalitur agit, tamen impedire nonest mo
163 575 661 610 uere, neque alterate. dicit enim Arist. in. S. phy. in
166 612 669 649 te. com. 32. quod repercusla sphaera a pariete non
166 638 664 674 dicitur moueri a pariete, sed a proiiciente, per se
165 668 659 714 loquendo. vt dicit Com. in com. vnde pont contin
164 708 668 741 gere quod passum sit adeo debile, quod non post
165 731 663 770 reagere. similiter patet quod non est necessarium, quod
170 768 659 804 omnia communicantia in materia alterentur & real¬
168 798 661 827 terentur in quocumque tpere: quia cessante con¬
160 824 665 858 trarietate, desinet illa reactio, vt patet de ele
165 859 669 898 mentis venientibus ad mixtionem, quae licet in
164 891 666 931 principio, propter contrarietatem inuentam
162 921 660 955 alterentur vicissim, tandem cessante contra¬
165 950 661 986 rietate, deueniunt ad aliquam mensuram, secundum
169 983 659 1027 quam compati se possunt adinuicem. & sic ces¬
160 1017 660 1051 labit actio, quia, prouenit isto modo medium
169 1045 661 1082 ex eis talictr alteratis, quod vergit ad alteruni,
164 1076 658 1112 quod est dominans. Vnde stat quod cesset rea
164 1109 661 1140 ctio, vel propter defectum, proportionis poten¬
162 1140 664 1172 tiae supra resistentiam, quia virtus passi est adeo
162 1171 663 1203 debilis, quod licet possit aliqualilitur impedire, quia
168 1203 664 1242 retardat operationem agentis per aliquod
169 1237 664 1274 tpros, non tamen sufficit ad agendum: vel propter de
159 1264 669 1298 fectum contrarietatis, quia stat quod aliqua in
164 1295 661 1330 summis gradibusnon se patiantur inuicem,
167 1327 669 1362 & tamen in aliquo medio possunt, sicut tenet
167 1357 661 1394 Com. 3. phy. com. 32. vel propter defectum proportio
167 1396 667 1426 nis, quia non est victoria potentiae supra re¬
165 1421 669 1451 sistentiam. Vnde non inuenitur ista proposi¬
162 1453 667 1484 tio de reactione in communicantibus in eadem ma
167 1488 663 1514 teria, intelligendo per reactionem contrario
164 1513 671 1555 motu moueri, nisi in motu alterationis pas¬
166 1545 665 1577 siuae, quae fit merito primarum qualitatum, quia
171 1576 663 1610 in motu locali, licet omne mouens locali
163 1610 665 1643 moueatur in mouendo, quia corpus est, non
166 1644 664 1674 tamen est necessarium quod moueatur contrario
167 1673 665 1706 motu ab illo, quod mouetur ab eo. vt si ali¬
173 1697 670 1743 quod mouet deorsum, quod ab illo moueatur
160 1732 662 1770 sursum. immo nec eodem motu, vt dixi de in
166 1763 661 1806 tentione Philosophi secundum speciem, similiter in motu
165 1795 660 1833 augmenti & diminutionis, istam esse reactio
167 1828 663 1866 nem, quae est ex contrario motu, non est ne
166 1867 662 1898 cessarium, vt patet intuenti. licet enim augens
166 1893 664 1938 patiatur, non tamen patitur motu contrario, quia
700 164 1194 202 videlicet diminuatur. similiter in qualitatibus se
694 200 1196 234 cundis non est necessarium, quod si aliquid albe
687 230 1197 266 facit aliquid, quod ab illo nigrefiat. Ponen¬
695 264 1199 298 tes autem conclusiones in potentiis apprehen
698 293 1192 334 liuis & appetitiuis loquuntur extra , proposi¬
698 333 1197 363 tum, & dilatant vbi non opus est. qua reactio
695 357 1193 387 conceditur ratione materiae communis. modo isti dicunt
694 385 1188 419 duos oculos omnino similes agere & reagere ad¬
691 420 1201 458 inuicem. sed per aliud agunt, & per aliud pa
692 449 1192 482 tiuntur, quia agunt, vt sunt colorati, & pa¬
694 484 1186 520 tiuntur, vt sunt diaphani. & dicunt idem age¬
695 510 1189 550 re in seipsum omnino simile in actione spumali quid
695 544 1189 579 tamen est contra Com. 3. de anima. com. 4. vhbi vult illam
696 581 1196 613 propositionem, omne recipiens esse denuidatum a na
692 613 1193 642 tura recepti, esse veram in actioe spumali & ma
697 638 1191 674 teriali, & habet vtrobique, pro inconuenienti,
696 669 1199 705 quod idem sit mouens & motum, & actu & po¬
694 698 1197 738 tentia. Intentio igitur Philosophi non est
690 731 1192 762 de actione, nisi vera, quae fit per veram altera¬
695 761 1191 800 tionem passiuam. nam quamuis contingere possit,
692 793 1192 829 quod sit ista niutua actio in virtutibus apprehen
691 822 1191 858 siuis, & appetitiuis, non tamen est necessaria quia
692 859 1196 890 multi vident & non sunt visi, multi amant, &
693 888 1197 922 non sunt amati. similiter sensibile agit in sensum
696 925 1193 954 actione spumali, et non parit a sensu, vt patet.
700 950 1189 985 Quod aut aliqui in qualitatibus primis ne¬
696 980 1191 1020 gant quod non sit dria inter agere & resistete, & quod
694 1011 1198 1050 quantum agunt, tantdum patiuntur, est contra sensuni,
694 1043 1191 1076 & contra Arist. & omnes Medicos. Auic enim in. 4.
694 1075 1196 1112 sen. I. ca. 2. d. quod frigidum in fine calefacere dif¬
695 1107 1196 1139 ficilius est, quae calidum in fine infrigidatur & Ca
695 1137 1193 1170 lenus in. 7. niethodi medendi ca. 3. d. quod hu
695 1168 1198 1210 mida intemperatura, vel caliditati vel frigi¬
701 1200 1197 1235 ditati aslsociata, facilis est curae. & ibidem ca. 10.
698 1231 1192 1267 ex in temperaturis simplicibus deterior est. sic
702 1262 1195 1298 ca, ex compositis frigida & sicca. Et quod calidi¬
695 1296 1194 1335 tas sit minus restrictiua quae frigiditas, colligi
696 1326 1192 1362 tur ex mente Philosophi in. I. meteo. sum. 2.
701 1357 1197 1400 ca. 2. vbi d. quod confert ad celeritatem coagula
698 1388 1196 1426 tionis aquam esse pcalefactam, viendali quid iuxta Pontum
701 1419 1200 1459 sunt, ad piscium venationes intercidentes gla
700 1451 1194 1487 ciem aquam calidam circunfundunt arundinibus,
698 1489 1195 1523 propterea quod citius coagulatur. Causa autem, propter
701 1517 1196 1553 quam non potuerunt isti confessa videre, inex¬
700 1548 1196 1583 perientia fuit vt dicit Philosophus. I. de Gene.
698 1581 1196 1616 tex. com. 7. Dicamus igitur idem in agentibus
694 1607 1196 1642 corporis pati & agere modo praedicto. sed
700 1641 1195 1681 alia est agendi ratio, alia patiendi. actio ab
693 1669 996 1706 actu, passio a potentia est.
726 1701 1198 1738 Sexta contra. est in com. 17. Quia ibi decla¬
701 1732 1203 1770 tas quomodo semper formahent rationem agendi, &
700 1765 1204 1800 mouendi, declarat hoc de quantitate & qua
698 1796 1209 1830 litate: & sic videtur ponere quantitatem esse de
706 1827 1207 1860 principiis actiuis. Huius tamen oppositum ipse scri
698 1860 1204 1890 bit. 7. meta. com. 32. vbi habet quod non est neces¬
700 1889 1201 1939 sarium vt ante qualitatem generatam, aut quantita¬
