1416 2066
210 165 714 203 inuenitur: i. phy. tex. com. 3. Respondetur, nor
214 201 723 243 inconuenire totum praecedere partes, & prae
212 233 717 267 cedi a partibus secundum distinctas rationes. Auer¬
213 266 719 298 enim. 7. meta. com. 36. habet quod prioritas totius
210 301 724 330 ad partes, est prioritas formae ad materiam:
219 330 713 368 prioritas autem partium ad totum est priori¬
214 359 719 394 tas materiae ad formam. Ita in proposito par¬
214 389 721 426 tes definitionis praecedunt definitum sim¬
218 423 715 461 pliciter, & cognitione distincta: definitum
218 454 719 498 autem praecedit partes definitionis quo ad
221 484 531 523 nos, & cognitione confusa.
246 507 723 554 Decimaquarta contradi. est in com. 32. vbi
212 551 711 586 recitans opinionem Anaxa. de mundo, di¬
216 588 721 622 cit ipsum posuisse mundum factum a prin
214 614 719 654 cipio: sed a parte post voluit ipsum in infi¬
214 646 720 683 nitum permanere. Huius tamen oppositum in¬
212 678 718 714 uenitur. I. coeli. com. 10x. vbi recitas quatuor
216 709 721 747 opiniones de mundo, d. quod opinio Anaxa.
213 739 718 778 fuit mundum esse generabilem & cortu¬
223 772 715 808 ptibilem. & hanc eandem sententiam habet.
212 805 720 844 9. physi. com. 2. Aliqui voluerunt conciliare
214 833 719 869 istam controuersiam, dicentes literam com¬
219 868 724 907 menti esse deprauatam: & volunt quod vbi est
214 897 717 931 Anaxa. debet stare Anaximander. Sed istud
214 929 718 966 non potest stare, quia etiam textus Arist. lo
219 966 726 1004 quitur de Anaxa. & Emped, quomodo differebant
217 993 716 1027 in generatione mundi. Propter hoc aliter
214 1024 718 1058 dicendum puto cum Alberto Magno super
216 1060 719 1098 i. coeli, trac. 4. cap. i. vbi habet quod Emped. &
214 1087 722 1122 Anaxa. differebant circa generationem, &
215 1124 721 1159 corruptionem mundi sic. quia Anaxa. posuit
223 1149 715 1195 mundum incoepisse per generationem, &
220 1182 718 1218 dixit ipsum corrumpi, nunquamtamen idem
221 1217 715 1250 numero reiterabitur. Empedocles autem dixit
220 1253 720 1282 mundum generari & corrumpi, & cum hoc
224 1284 719 1314 cundem numero reiterari in magno anno,
222 1305 719 1349 qui sacramento Deorum confirmatus est,
217 1345 711 1380 qui annus magnus erat spatium, quo supe
219 1370 716 1405 niores orbes, & stellae reuertuntur omnes si
219 1403 713 1442 mul ad principium primum sui motus, quid
221 1437 715 1473 non accidit secundum Ptolemaeum, nisi in. 36. mil
218 1465 715 1498 libus annorum. Et stante ista sententia faci¬
217 1497 721 1530 le sedari pont contradictio in Auer. quia quando
217 1531 723 1562 dicit mundum a parte post in infinitum
210 1562 710 1602 permanere, verum est secundum vnitatem speci¬
217 1592 711 1631 ficam, non secundum vnitatem numeralem: quando
222 1624 715 1669 vero. i. coeli. &. S. phy. dicit mundum apud
210 1655 715 1691 Anaxa. & infinities generari, & infinities
219 1692 713 1723 corrumpi, illud veritatem habet secundum vnita¬
220 1719 425 1754 tem numeralem.
250 1749 714 1785 Decimaquinta contra. est in te. com. 4i. Ibi
217 1785 717 1819 enim dicit Parmenidem posuisse ignem &
214 1817 717 1850 terram principia rerum naturalium. Huius
216 1848 717 1882 tamen oppositum inuenimus primo de Anima
216 1879 708 1915 tex. com. 32. vbi dicitur omnia elementa iudicem ac
212 1916 717 1947 ceperunt, praeter terram. Et candem senten
746 166 1259 209 tiam inuenimus. 2. meta. tex. com. i. &. 149. Hanc
750 203 1258 234 autem contradictionem quidam sedare conati
745 237 1255 276 sunt dicentes, quod per terram & ignem Parme¬
753 268 1257 299 nides intellexit calidum & frigidum, non
749 296 1260 331 substantiam terrae vel ignis. Sed ista solutio, vt
747 326 1258 362 mihi videtur dicit totum oppositum illius, quid
758 357 1255 394 st in textu. nam textus dicit. Parmenidem
750 391 1255 426 posuisse calidum & frigidum principia ma
754 422 1254 458 terialia rerum: haec autem appellat terram, &
751 455 1269 495 gnem. & sic contradictio adhuc est in suo
751 492 1253 531 robore. Dicamus igitur melius quod nullus ex
750 518 1252 554 naturaliter loquentibus posuit iolam terram
746 549 1250 591 esse principium materiate rerum, sicut qui
747 581 1250 618 dam posuerunt solam aquam, vt Thales, mi
750 614 1252 650 lesius: & quidam solum aerem, vt Diogenes
746 644 1258 681 & quidam solum ignem, vt Hyppasus Meta¬
748 677 1253 717 pontinus, & Herat litus, vt dicitur in erratis
747 709 1250 746 i. meta. Solum autem ponentes leges posuerunt
749 740 1257 772 terram solam esse principium, sicut Hesio¬
745 779 1249 818 dus, qui fuit ex Antiquis theologitantibus,
750 805 1254 843 qui hanc opinionem metrice figurauit. Nomn
746 838 1255 874 tamen negauit Philosophus, vel Commenta. quin
752 866 1261 903 aliqui Physici posuerint terram vnam cum ali¬
753 901 1261 940 quo alio elemento, vel cum omnibus reliquis
750 930 1261 962 esse principium materiale. Empedocles enim
759 965 1259 994 osuit quatuor elementa esse principia ma
755 992 1261 1028 terialia omnium, & litem & amicitiam es
749 1025 1257 1058 se principia efficientia. ita etiam Parmeni¬
746 1056 1260 1090 des terram cum igne posuit principium, non
748 1087 1256 1122 terram solam. Solutio ista colligitur in Auer¬
749 1119 1257 1155 2. phy. co. 0. ad finem, vbi habet. Et cum di¬
750 1150 1263 1185 xit. & quidam terram, intendebat cum aliis
755 1181 1257 1218 lementis, vt dixit Parmenides terram & ignem,
750 1214 1255 1251 nullus enim dixit solam terram esse principium.
745 1246 1146 1282 supple de naturaliter loquentibus.
779 1268 1251 1314 Decimasexta contradi. est in eodem com.
754 1313 1246 1347 di. vbi habet quod figura diuiditur per contra
745 1339 1257 1370 ria. Huius tamen oppositum reperitur. 3. coeli¬
752 1374 1253 1407 tex. com. 76. Respondetur quod aliquid contraria¬
752 1405 1251 1439 ri figurae dupliciter contingit, vel vere, vel ap
758 1433 1260 1475 arenter. Et primo quidem modo figurae nihil
751 1469 1249 1499 est contrarium. & sic verificatur dictum Phi¬
747 1496 1261 1530 losophi. 3. Coeli. 7S. Secundo modo potest
747 1532 1253 1571 apparenter & secundum famositatem aliquid fi¬
744 1565 1250 1603 gurae contrariari. Et ideo dicit Com. hic quod
749 1591 1254 1626 figura diuiditur in contrarias differentias
744 1626 1257 1667 secundum famam. & in fine commenti ponit do¬
746 1657 1252 1690 cumentum dicens. Et notandum est quod hoc
747 1693 1257 1722 nomen contrarium vsitatur hic large, pro
752 1719 1258 1754 contrario & priuatione & habitu, siue sit in
747 1752 1263 1786 rei veritate, siue secundum famam, quod contra¬
749 1785 1250 1818 rium, secundum quod ego credo, nos appella¬
750 1817 946 1858 mus disperatum,
779 1845 1269 1882 Decimaseptima contrad. est super te. 4 2.
748 1877 1253 1915 Arist enim ibi ponit quod conditiones principio¬
740 1912 1247 1946 rum sunt quod non fiunt ex aliis, ex hoc quod sunt
