1416 2066
200 173 700 225 absque eo, quod illic sit causa cogens am
214 222 702 267 citiam agere in vna hora, & litem acere
221 254 707 298 in alia: cum sint principia necessariae
220 292 705 330 actionis, & esentiae necessariae. Et iste
218 329 717 378 sermo est etiam similis figmento. sequi
217 373 713 410 tur enim ex eo vt motus sit sine motore.
262 405 714 458 fortassis autem & vnum pri
225 452 711 499 cipium facientes, vt & Anaxago
212 492 708 545 ras, sic vtique dixerint. At vero
212 534 708 586 nihil inordinatum est eorum, quae
213 573 708 619 natura, & secundum naturam fiunt. a na¬
210 616 709 658 tura enim causa ordinis est omnibus
218 652 706 699 infinitum autem ad infinitum
216 708 716 738 nullam rationem habet: ordo autem
214 737 709 787 omnis ratio est. Infinito autem tpre
223 780 704 829 quiescere, postea motum esse ali¬
222 821 716 877 quando, huius autem nullam esse dif¬
213 860 707 907 ferentiam quare nunc potius quam
216 908 703 949 prius, neque rursus aliquem ordinem
217 945 707 994 hibre non amplius naturae est opus
218 989 708 1026 aut enim simpliciter se habetur opor
217 1027 707 1067 tet id, quod natura est, & non ali
222 1068 712 1111 quando quidem sic, aliquando vero aliter:
226 1108 709 1154 vt ignis sursum natura fertur,
212 1149 704 1186 & non aliquand quidem, aliquando ve¬
218 1180 717 1234 ro non: 7aut rationem habere quid
216 1229 711 1276 non simpercitr Quare melius est, vt
206 1266 710 1317 Empedocles, & si quis alius di¬
208 1310 706 1359 xit, sic se habere, in parte vniuer
213 1349 712 1391 sum quiescere, ac rursus moue¬
218 1396 714 1442 ri enim iam quendam habet quod ta
212 1430 714 1475 le est. Sed & hoc dicentem opor¬
208 1470 714 1514 ter non affirmare solum, sed &
212 1516 713 1557 causam ipsius dicere, & non po
210 1557 707 1602 nere, neque censere vllam senten¬
216 1592 708 1634 tiam irrationabilem, sed aut in
214 1631 712 1675 ductionem, aut demonstrationem,
215 1669 708 1722 afferre, haec enim, quae fupposi¬
213 1713 717 1754 ta sunt, causae non sunt. neque hoc
213 1750 719 1794 erat litis, vel amicitiae esse, sed hu¬
212 1797 722 1850 ius quidem congregare. illius ve¬
736 172 1250 226 ro disgregare. Si vero insuper de.I
740 220 1235 267 terminetur ipsum in parte, dicem
745 261 1233 306 cendum est in quibus sic: vt quod est
736 301 1224 356 aliquid, quod congregat homi¬
740 339 1235 386 nes scilicet amicitia, & fugiunt inimi
744 382 1235 426 ci abinuicem, hoc enim supponitur,
746 422 1228 470 & in toto esse. videtur enim in qui¬
739 461 1231 514 busdam sic esse. hoc autem & per
740 504 1237 554 aequalia tempora indiget aliqua
745 545 1229 587 ratione. Omnino autem existi¬
740 588 1228 626 mare principium esse hoc suffi¬
746 625 1231 672 ciens, quod semper aut est sic, aut fit,
740 672 1228 714 non recte est opinari: ad quod
746 707 1237 747 Democritus reducit de natura
739 749 1231 786 causas, quod sic & prius fiebat: ip¬
740 789 1232 828 sius autem semper non vult prim
744 828 1232 882 cipium quaerere, dicens in qui¬
747 868 1235 914 busdam recte, in omnibus autem
742 912 1239 954 non recte. etenim triangulus ha
739 947 1228 994 bet duobus rectis semper angu¬
739 992 1234 1042 los aequales. sed tum est quaedam
743 1033 1237 1079 perpetuitatis huius altera cau¬
740 1079 1236 1123 sa. principiorum tamen, quae perpe
739 1114 1235 1162 tua sunt, non est altera causa. Qd
742 1157 1222 1199 igitur nullum tempus aut erat
744 1197 1222 1242 aut erit, quando motus non erat
740 1234 1152 1281 aut non erit, tot dicta sint.
784 1274 1228 1338 Et forte etiam illi, qui ponunt
736 1324 1230 1378 principium vnum, sicut Anaxa¬
746 1380 1238 1428 goras, ratiocinantur tali ratione.
745 1417 1239 1459 Sed nihil omnino naturale aut cur
738 1460 1232 1523 rens cursu naturali est sine ordine.
745 1508 1241 1570 natura enim est cam ordinis in oni, in quo
742 1565 1242 1610 est. & non est de actione naturae,
747 1604 1230 1661 aliquo mo vt omnia sint quiescen¬
742 1652 1239 1709 tia tempore infinito, & post moue
744 1698 1246 1761 antur quandoque. Et nulla differen
745 1745 1245 1802 tia est in hoc omnino, faciens quod
739 1789 1237 1858 motus sit magis nunc, quam ante.
