1416 2066
189 173 685 225 quod non omnis magnitudo per¬
205 215 683 258 transitur in tempore infinito, ver¬
198 252 690 302 bi gratia magnitudo, quae est pars
202 289 684 331 totius magnitudinis, scilicet SX, &
199 326 687 376 posuerimus quod ista magnitudo,
206 365 681 415 quam pertransit in tempore finito
200 401 691 452 mensurat totum, & posuerimus quod
201 437 682 490 magnitudines aequales pertransit il
202 474 684 524 lud, quod est aequalis velocitatis in
202 511 689 554 temporibus aequalibus, necesse est
205 549 685 597 vt tempus, in quo pertransit par¬
203 589 687 626 tem magnitudinis, mensuret to¬
206 627 681 676 tum tempus, sicut illa pars magni¬
204 669 682 712 tudinis mensurat totam magnitu¬
208 698 682 747 dinem. &, cum ita sit, necesse est quod
189 735 687 786 tempus, in quo pertransit totam
206 780 682 818 maonitudinem, sit finitum. Et, cum
202 802 686 855 posuerit propositiones, ex quibus
203 845 679 898 sequitur vt omnis inaguitudo per¬
207 893 689 922 tramscatur in tempore finito, & vna ea
198 922 685 971 rum fuit, quod quaedam maguitu¬
199 956 687 1002 dines pertranseantur in tempore si
206 1004 689 1034 nito, quia aduersarius forte non con
198 1033 684 1075 cedet hanc, incoepit declarare il¬
197 1069 688 1114 lam, & dixit. Et apparet, &c. idest
200 1109 686 1158 & apparet quod pars magnitudinis
197 1144 685 1186 necesse est vt pertranseatur in tem¬
199 1182 685 1234 pore finito. quoniam, cum posue¬
201 1229 680 1266 rimus tempus finitum ex altero ex¬
198 1260 686 1307 tremo: & est extremum, in quo in¬
189 1294 685 1338 coepit motum moueri: & posueri¬
203 1339 685 1381 mus quod motum incoepit moue¬
197 1379 684 1418 ri in extremo istius temporis, & ex¬
201 1406 685 1458 tremo illius magnitudinis, & per¬
198 1452 690 1497 transiuit ex illo aliquam partem:
206 1481 688 1522 manifestum est, quod pertransiuit
204 1518 687 1566 istam partem in tpere finito. nam notum
205 1561 695 1604 est per se quod in minori tempore
199 1597 689 1639 pertransitur pars, quam tempus, in
198 1638 691 1674 quo pertransitur totum: & minus,
196 1670 683 1716 quam infinitum, est finitum neces¬
199 1702 691 1746 sario. Deinde dixit ergo necesse est
202 1741 674 1794 vt sit finitum, &cae. idest quoniam
195 1780 689 1830 cum posuerimus tempus finitum ex
710 172 1202 219 altero extremo, scilicet ex vltimo,
713 220 1209 265 ex quo motum incoepit pertransire spa
719 254 1209 302 tium, & posuerimus ipsum pertran¬
718 291 1217 341 sire partes magnitudinis, & totum
717 326 1211 380 tempus partis distinguetur per duo
721 373 1211 410 vltima, scilicet vltimum, ex quo mo¬
719 407 1213 451 tum incoepit moueri ex extremo ma¬
722 436 1215 488 gnitudinis, & vltimum, scilicet ad
722 476 1213 522 quod peruenit motum ad vltimam
724 512 1208 558 partem magnitudinis. & posuit ten¬
725 556 1203 586 pus finitum ex altero extremo: quo¬
720 597 1209 634 niam difficile est, aut impossibile
716 625 1210 678 imaginari quod aliquod motum
727 660 1204 713 pertranseat magnitudinem finitam
717 701 1207 738 ex vtroque extremo, tempore infi¬
716 737 1205 775 nito ex vtroque extremo. nam il¬
718 773 1212 824 lud tempus manifestum est quod
715 813 1209 858 est finitum ex extremo, in quo in¬
719 861 1203 891 coepit motum moueri, & ex extre¬
720 886 993 938 mo magnitudinis,
758 940 1206 986 Eadem autem demonstratio
715 988 1208 1025 est, etiam si longitudo quidem
719 1025 1205 1066 infinita sit, tempus autem fini¬
714 1069 1210 1117 tum. Manifestum est igitur ex
723 1108 1203 1158 dictis quod neque linea, neque planum,
714 1156 1211 1194 neque omnino continuorum
725 1189 1199 1234 vllum est indiuiduum, non so¬
723 1229 1204 1278 lum propter id, quod nunc di¬
721 1268 1210 1323 ctum est, sed & quia accidet di¬
725 1307 1009 1354 uidi indiuiduum.
768 1347 1214 1398 Et ista eadem demonstratio se
719 1396 1211 1458 quitur, si magnitudo fuerit infini
721 1442 1211 1498 ta, & tempus suerit finitum ma
715 1485 1213 1547 nifestum. Manifestum est igitur
717 1532 1215 1595 ex dictis quod neque linea, neque
719 1581 1217 1643 superficies, neque aliquod conti¬
717 1628 1211 1682 nuum est indiuisibile. & decla¬
718 1673 1215 1737 ratio illius est ex hoc, quod nunc
719 1719 1208 1781 diximus, & ex hoc, quia sequitur
714 1769 1170 1826 quod indiuisibile sit diuisibile.
