1416 2066
212 149 726 201 quod localitur mouetur dicitur simpieritur. si autem
220 189 730 234 fuerit quiescens in loco, quanuis au¬
222 237 715 280 geatur, & diminuatur, & alteretur,
225 271 720 306 aut moueatur aliis pluribus moti¬
223 306 714 346 bus, non dicimus ipsum simpircitur moue
228 345 721 386 ri, sed cum determinatione. vt si di¬
222 388 723 426 catur ipum moueri secundum alterationem, aut
225 422 719 473 augmentationem. sicut hoc nomen ens,
226 465 722 506 quod dicitur de suba, & de aliis praedicamen
228 499 727 539 tis cum determinatione: vnde suba
234 541 714 579 prior est omnibus praedicamentis. Et, cum
233 580 727 618 compleuit totum hunc sermonem, in
228 612 711 662 duxit summatim omnia, quae praecesserunt
228 653 721 698 quod habetur in sermonibus, demtra¬
233 689 726 733 tiuis, sicut conclusio in omnionibus, &
235 729 713 770 dixit: Dictum est quod motus, &c. i. mot
224 772 725 810 continuus, quem probauimus esse, &
230 805 724 851 principium motus aeterni quid sit, scilicet
236 842 710 892 quoniam non corrumpitur. & motus aeter
233 884 723 928 nus quis motus sit scilicet motus circuliter
231 921 721 962 & motus, qui solus pont esse aeternus,
237 957 723 994 i. & declarauimus cum hoc, quod motus
237 995 725 1034 circularis est aeternus sic, quod ipse solus
237 1029 720 1074 pont esse aeternus. sunt. enim duae quodnes,
227 1068 721 1108 aut vult, quoniam, cum sit declaratum mo¬
232 1103 711 1144 tum esse, & hoc necesse est, & sit de¬
229 1144 720 1194 claratum quod aliquis motuum sensi¬
235 1180 727 1218 bilium pot esse aeternus solus, decla
228 1216 715 1271 rabitur quod hic motus sensibilis sit ae¬
234 1262 724 1298 ternus scilicet motus corporalis coelestis
233 1294 721 1343 inter omnes alios motus, & quod mo¬
234 1341 728 1386 tor primus est immobilis, neque per
234 1373 514 1419 se, neque per accidens.
309 1447 651 1491 SVMMA QVARTA.
222 1509 731 1555 Primum motorem indiuisibilem esse, &
274 1546 683 1584 impartibilem, nullamque prorsus
338 1575 620 1619 habere inagnitudinem.
410 1620 724 1666 Vod autem hoc neces¬
408 1665 718 1714 se est impartibile esse,
407 1708 715 1746 & nullam habere ma
409 1749 720 1803 gnitudinem, nunc di¬
234 1789 729 1843 camus. primum de prioribus ip¬
755 148 1264 194 so determinantes. Horum autem vnuml
756 189 1248 247 quidem est, quod impossibile est vllum
746 235 1242 274 finitum mouere infinito tpere. tria
747 277 1245 322 enim sunt, quod mouetur, & mo¬
754 317 1251 372 uens, & tertium, in quo scilicet tempus
751 357 1239 410 haec autem, aut omnia infinita sunt,
752 399 1253 442 aut omnia finita, aut aliqua, vt duo
746 441 1246 488 aut vnum. Sit igitur Amouens,
751 485 1255 530 quod autem mouetur 3. tempus
753 524 1255 575 infinitum, in quo c. Ipsum igitur
751 572 1256 620 Drmoueat aliquam partem ipsius
755 605 1249 658 peri, quae sit in quo E. Non igitur in
752 646 1246 698 aequali ipsic. in maiore enim maius
763 692 1241 738 quare non est infinitum tpmens illud,
757 728 1251 778 quod est ipsius r. sic itaque ipsi p
753 772 1243 810 addendo consumam ipm A, & ip¬
750 813 1246 866 si E ipsum niatprs autem non consu¬
750 853 1253 907 mam, semper remouens aequale: in
752 893 1255 938 finitum enim est: quare totum A totum
756 933 1243 978 nen mouebit in tpere finito ipsius C.
756 973 1250 1032 Non ergo possibile est a finito moue
746 1013 1243 1058 ri aliquid secundum infinitum mo¬
750 1057 1250 1113 tum. Quod igitur non contingit
744 1101 1251 1138 finitum infinito tempore moue
748 1141 1041 1181 re manifestum est.
799 1181 1243 1237 Nunc autem volumus hoc pro¬
747 1221 1244 1282 bare, hunc motorem impartibilem
761 1274 1241 1331 sse non habentem magnitudinem,
749 1320 1251 1378 determinates prius quaedam, quae
749 1364 1250 1428 praecedunt hanc propositione. Quo¬
755 1413 1253 1458 rum vnum est motorem finitum
750 1460 1245 1514 tempore infinito mouere impossi¬
755 1503 1253 1565 bile esse. Sunt enim tria. motor, scilicet &
751 1552 1249 1611 quod mouetur, & in quo fit mo¬
754 1596 1251 1658 tus, scilicet tempus, haec autem tria,
751 1645 1251 1706 aut omnia infinita, aut omnia fini
755 1693 1251 1754 ta aut quaedam sic, quaedam sic, vt
755 1740 1251 1803 si dicas duo, aut vnum. Sit ergo
749 1789 1251 1851 A, quod mouet, & B, quod mo¬
