1416 2066
168 181 681 238 rit: & eodem modo ipse aer, &c. i. &
181 221 681 274 secundum hunc modum, que diximus, qui
185 263 672 313 accidit in generatione, accidit etiam
177 303 670 350 in ipsa alteratione in eodem corpore.
183 341 682 392 aer enim, v. g. quandoque minoratur sine ali¬
182 381 680 429 quo exeunte, & quandoque fit maior, ex
187 415 679 458 hoc, quod accidit ei de calore, nullo ad
181 461 673 498 ueniente extrinseco: sed quia mate
182 494 668 546 ria eius naturalitur recipit vtramque quam
182 533 675 578 titatem, maiorem scilicet & minorem, hanc
186 581 673 625 quandoque, & hanc quandoque, sine aliqua quan
185 611 671 653 titate in actu addita, aut diminuta,
182 659 674 700 quemadmodum naturaliter recipit
183 687 670 742 quandoque caliditatem, & quandoque frigiditatem,
209 726 675 780 Et hoc, quod dixit, manifestum est
166 765 679 810 Iin dolips fusis ex musto, quando mustum
178 813 680 850 fit maioris quantitatis nullo extrin
187 845 670 885 seco adueniente: & vniversaliter manifestum
183 884 673 934 est in aere, quando rarefit ex calore, & com
189 925 681 974 densatur ex frigore. Et, cum assimila
187 960 670 1013 uit quantitatem minorem fieri ex ma¬
178 1000 680 1043 iori, & econuerso, hoc, quod calor fit ex
179 1043 679 1095 frigido, aut econuerso: & existimatur quod
183 1077 675 1133 anter haec duo est differentia: pot enim
179 1118 673 1162 aliquis dicere quodcaliditatem fieri ex fri
176 1157 676 1211 giditate, & econuerso, non est sicut
184 1196 669 1245 quantitatem maiorem fieri ex mi¬
187 1235 672 1282 nuori, aut econuerso: quoniam imnpossibile est
184 1277 672 1330 imaginari quod caliditas augmenterur
184 1321 681 1369 ex frigiditate, cum sint contraria: &
164 1358 666 1411 est possibile imaginari magnum aug
180 1393 667 1434 mentari ex partibus paruis additis:
178 1432 679 1487 magnum enim & partum, licet sint op
176 1470 671 1522 posita, possibile est imaginari alterum
181 1519 673 1554 augmentari ex alio: & non est ita de
178 1557 671 1595 contrarijs, quae sunt in qualitate: &,
179 1588 673 1640 cum perceperit hanc obiectionem, di¬
181 1629 679 1666 xit & veniet de caliditate in calidita
177 1677 678 1718 tem, &c. i. sed sicut dicimus, quod mate
174 1708 668 1746 ria veniet de hac caliditate demon¬
177 1743 674 1795 strata ad maiorem caliditatem, nullis
170 1783 678 1838 partibus calidis in actu aduenienti
177 1831 673 1867 bus scilicet corporibus calidis: sed transfe¬
175 1864 676 1906 runtur in maiorem caliditatem ex¬
705 181 1201 226 intensione ipsius caliditatis: & similiter
710 224 1200 273 materia transfertur de minori quanti
709 262 1199 311 tate in maiorem, nulla quantitate in
710 308 1203 352 actu adueniente. Et potest aliquis
708 340 1202 390 Tquaerere quod caliditas crescit ex cali¬
706 384 1203 419 ditate adueniente extrinseca: oportet
714 414 1201 469 gitur vt ita sit de quantitate. a Dica
711 460 1199 508 mus igitur quod additio caloris agentis
709 495 1195 538 in calorem corporis, non est secundum ad
711 533 1196 586 ditionem partis in toto, & vniversaliter partis
706 572 1188 611 materiae in materiam, sed secundum addi
708 613 1197 665 tionem agentis in passionem patiem
710 653 1202 703 tis scilicet quod quando calor agentis vigorabitur,
710 698 1200 741 crescat calor patentis, non secundum ad¬
711 727 1201 779 ditionem partium calidarum extrin¬
704 767 1203 818 secarum, cum ad patientem non trans
708 806 1199 859 feratur aliqua pars ab agente. Et dif
710 844 1204 890 ferentia est inter illa. quoniam caliditas sit
707 889 1199 937 ab alia caliditate in actu: bquod non
707 925 1199 975 inuenitur in quantitate, scilicet quia non fit
710 965 1201 1017 per aliam quantitatem secundum viam genera
713 1004 1197 1057 tionis: cum non sit c quantitas de po¬
706 1046 1205 1095 tentiis actiuis, sed sequitur potetias
706 1080 1202 1124 actiuas, & operationes earum scilicet calidum,
710 1118 1199 1171 & frigidum. Intendebat igitur quod cali¬
704 1165 1198 1202 ditas non crescit ex alia caliditate secundum
710 1199 1200 1239 translationem: & hoc in alteratioe de
703 1237 1202 1290 debilitate in vigorem: & similiter est dispon
706 1278 1208 1328 in translatione corpis de parua quan
710 1317 1181 1369 titate in magnam, aut econuerso,
726 1354 1199 1408 Et, quia hoc est graue imaginari,
704 1395 1204 1435 lit aliquid crescere sine quaititate extrin
706 1432 1205 1475 seca adueniente, aut diminui etiam sine
707 1476 1199 1521 quantitate recedente, vsus est in hoc exem
706 1510 1204 1557 plo d Rhetorico: & tali vtitur i istis
707 1549 1194 1603 locis propter difficultatem imagi
709 1597 1203 1638 nandi: & dixit: aqua enim erat minoris
706 1630 1202 1681 caliditatis, &c. i. & hoc, quod aqua est
701 1668 1199 1719 modo minoris caliditatis, & postea
707 1709 1203 1754 fit maioris in qualibet parte suarum
713 1746 1201 1799 partium, non in partibus aliquibus
706 1787 1206 1838 propriis, simile est arcui circuli, qui cum
702 1823 1209 1866 incuruatur fit maioris incuruationis
702 1862 1208 1915 in qualibet parte, non ita, quod aliquae
