1416 2066
151 165 654 202 dicitur numerus numerabilis, iuxta distinctionem,
157 203 646 235 Philosophi in te. com. 133. & dicit etiam rationem
148 235 654 268 numerandi, seu potius secundum Graecos rationem ni est
153 264 651 298 surandi actiue: & hoc vel actu, vel apricudi¬
150 300 651 332 ne suo modo rectius enim tempus dicitur numerus
153 326 647 362 motus, quae mensura, quia non solum est men
150 358 653 394 sura motus, verumetiam quietis, vt dicunt ex
148 397 657 430 positores Graeci. sed non est numerus nume¬
150 427 654 463 ratus, aut numerabilis secundum prius et posterius,
148 457 660 493 nisi respectu motus tantum, & ideo d. fini
154 483 657 523 tur per numerum conuenienter. Et animad¬
154 522 661 555 uerte secundum Alex. & Them. quod prima ratio quae in
162 546 659 577 passione consistit, constituit tperis quiditatem.
154 581 654 610 secunda vero est passio eius, quae dicitur in actio
157 611 657 642 ne consistere. sed secundum Com. in com. 1oi. &. 173.
166 640 659 674 vtraque pertinet ad quidiratem tperis: licet prima
163 675 663 711 per prius, & secunda per posterius. sic enim videt
159 709 660 738 mihi ipse intelligere in redargutione Them.
158 735 665 770 Et videtual facere pro opinione eius. te. com. 102. vbi
162 766 659 803 Aristo. posuit temporis definitionem: in qua di¬
160 796 659 830 cens tempus esse numerum motus, a signo pro
162 828 658 866 bat numerum esse tempus. quia omne, per quod de
162 861 660 898 terminatur plus & minus de aliquo, est nume¬
163 895 663 937 rus eius: sed per tempus determinatur plo & mi¬
159 924 654 962 nus de motu: igit tempus est numerus eius. Sed
163 956 657 990 qui vellet tenere oppositum. habet etiam textum
162 990 654 1025 illum in secunda parte sui pro Graecis, quia
167 1020 655 1052 Arist. ibi statim ponit diuisionem numeri¬
166 1052 650 1090 videlicet, quo numeramus, & quod nume
163 1085 653 1114 ratum est. & ita vult quod tempus sit numerus nu¬
165 1112 659 1150 meratus primo & per se. Dico igitur, quicquid
163 1148 661 1183 sit de hoc, quia satis supra de hoc dictum est,
165 1181 661 1218 tempus videtur esse quoddam ens medium: quia quo
163 1209 661 1242 dammodo est ens naturale, & quodammodo est
161 1238 657 1275 ens imaginabile seu mathematicum. & hoc
165 1272 661 1311 est, quod multi non potuerunt videre in il¬
159 1301 661 1338 lo tractatu ante nitra rpra. &, nisi sic dicat, num
160 1340 655 1370 quam per vitam meam possunt tot, & tantae contra
159 1363 657 1396 dictiones tolli. Dico igitur, cum quiditas tem
162 1395 661 1435 poris, vel prima ratio eius, quae ad eius qui dita
158 1432 655 1459 tem spectat, sit in numeratione passiua, vel secundum
159 1457 655 1490 actum, vel secundum aptitudinem, sic tempus, si sumat
157 1492 651 1524 vt est numerus numerabilis, est extra animam
163 1520 657 1558 & illo modo est ens naturale: & motus sumitur
157 1550 651 1586 in definitione eius, sicut subiectum in defini¬
150 1589 649 1628 tione propriae passionis, quia motus exrta
149 1618 650 1658 animam habet aptitudinem naturalem, vt possit
160 1646 649 1682 numerari secundum prius & posterius, dato quod anima
156 1677 646 1714 non esset actu numerans. et in hoc casu dic
157 1710 654 1746 sicut dixi de sensibili. Si tamen poneretur casus, quod
151 1743 648 1778 ala desineret quo ad rationem numerantis, no
151 1774 651 1816 solum actu, sed aptitudine, tunc dico quod nul¬
149 1805 649 1842 lo modo remaneret rotio tperis. quia tempus for¬
148 1845 651 1874 malit est numerus: & numerus, vt nimerus
149 1868 651 1901 est, aut est numeratus, aut numerabilis, &
150 1901 650 1947 omni modo proportionalitur refetur ad animam: tamen
676 165 1192 209 in illo tasu remaneret motus, quia motus,
689 205 1189 242 vt motus, non refertur ad animam numerantem,
682 232 1193 266 nec numeraturam. Et hoc vnluit dicere Com. in
688 261 1189 305 4. phy. in com. 109. vbi dicit ad quodnem quae¬
683 294 1189 330 rentem cur, cum tempus sit quodammodo conti¬
684 327 1186 359 nuum, & quodammodo discretum, potius fuit de
687 357 1194 394 finitum per discretum, cum sit dictum tempus esse
680 396 1184 426 numerum motus. & soluendo dicit, dicamus
689 421 1192 458 ad hoc, quod extra mentem non est nisi motum.
687 453 1189 485 & motus & tempus non fit nisi quando anima diui¬
683 485 1191 522 dit motum per prius & posterius, & naec est in
686 516 1193 554 tentio numeri motus, i. motum esse nuntera
686 547 1190 587 tum. & ideo substantia temporis, quae est qua
687 579 1191 611 si forma, est numerus, & quod est in eo quasi
682 609 1196 643 materia est motus continuus. Si autem sumatr
684 641 1189 673 tempus, vt est numerus actu numeratus ab anima
687 673 1195 707 secundum prius & posterius primi motus, sub illa
687 708 1183 738 ratione non est, nisi in anima. quia numeratio illa
689 736 1192 771 actualis est actio immanens, & non est nisi
686 766 1194 802 in anima. & illo modo vidersal mihi tempus esse ens
692 797 1193 834 imaginarium & mathematicum. dicit enim Com. in
693 830 1191 867 4. phy. com. 132. ista est dispositio entium natu¬
687 861 1193 899 ralium, vt habeant esse, licet ab anima non com¬
694 894 1187 932 prehendant: & in. 7. meta. com. & tex. com. A6.
687 927 1195 962 substantiae sensibiles non diuersificantur datueom
687 954 1195 990 definiuntur, & quando non definiuntur, sicut est di¬
687 989 1189 1026 spositio in visibilibus, quae non sunt magis
694 1020 1190 1053 visibilia, quando videntur, qui quando non videntur, & idem
690 1052 1195 1084 habetur ibidem in tex. com S6. quod essentiae rerum
684 1082 1191 1127 intelligibilium sunt existentes, licet non intel
687 1112 1188 1147 ligant. Et ex hoc scire potes, frater mi, quod de
686 1145 1188 1179 finitiones rerum dantur secundum aptitudinem, & non
693 1176 1191 1210 secundum actum. quia si definitiot peris intelligeretr
689 1209 1207 1242 secundum actum, sensus esset quod tempus est numerus c
684 1237 1207 1275 numeratus i actu prioris & posterioris mo s
693 1272 1181 1306 tus. sed per Auer. numerus, vt est actu nu¬
687 1301 1187 1338 meratus, est in anima. & est ens imaginabi
693 1334 1187 1370 se, & non naturale: igitur definitio illa non
687 1373 1183 1406 esset naturalis. & ideo onortet dicere quod in¬
688 1397 1184 1431 telligatur secundum aptitudinem, quia illo modo
692 1429 1191 1466 nent esse extra animam, propter subiectum proprium,
690 1461 1182 1499 quod aptum narum est recipere illam actionem.
682 1493 1193 1530 vnde Com. 4. phy. com. 132. dicit res, quae sunt i
684 1524 1191 1554 mente, non accipere motus in definitione
682 1553 1181 1586 illarum. Sed dices. si definitio illa secundum actum
687 1584 1189 1618 est quid, quod consyderari pont, quaei oam quo
683 1618 1185 1658 consyderatur. non a naturali per re, quia tempus
683 1648 1185 1682 illo modo non est naturale. nec a Mathe¬
684 1677 1180 1715 matieo, quia in illa definitione sumitur mo¬
678 1709 1187 1746 tus, & in definitione entium imaginabilium
684 1742 1182 1778 non sumitur motus. nec a Diuino, vt patet,
685 1772 1187 1815 quia ille non definit per motum. & est pul¬
684 1803 1183 1839 chra difficultas, sicut vides. Rfdetur quod, si illa
676 1834 1187 1875 definitio illo modo intelligatur, spectat vel ad
684 1869 1189 1904 Mathematicum, vel ad Naturalem vtentem ma¬
679 1906 1178 1946 thematica abstractione & consyderatione,
