1416 2066
196 165 703 202 fignificat, aut opinatur, sicut est, est vera ex¬
202 199 703 234 praedicamentis in cap. de substantia. Nisi es¬
192 229 698 269 set quod dictum est sic intelligendum, quod
201 261 701 298 opiniones legum non sunt simpercitur verae, ne¬
203 293 703 332 que simpiricitur falsae, quia famosum non potest
196 322 697 363 esse ex toto falsum. vnde Alex. dicit in libro
203 355 707 402 de fato, quod huiusmodi opiniones, quae sunt
195 387 703 425 famosae apud omnes gentes, & sunt eaedem apud
199 419 703 453 omnes, sunt nobis naturaliter insitae. Pro hoc
194 450 702 483 vide verba eius in fine solutionis. a. quaestio
195 482 701 514 nis, in. 3.3de anima, com. 2. vbi scribit quod ista in
195 517 699 546 tentio apparuit a remotis animam esse im¬
199 548 706 578 mortalem scilicet intellectum speculatiuum. &
201 580 703 614 quibusdam interpositis subdit. Et vniversaliesta in¬
200 610 700 652 tentio animae est pars vera in propositioni¬
197 639 701 674 bus probabilibus, quae dicunt animam esse
198 672 709 706 vtrumque, scilicet immortalem & mortalem.
198 703 706 745 probabilia enim impossibile est vt sint falsa secundum
199 737 698 775 totum. & hoc apologitauerunt Antiqui. &
203 767 703 802 in representatione illius conueniunt omnes gen
203 796 707 835 tes. intelligas autem tu ista ile lege sua. fallit au¬
199 830 702 866 tem hoc de lege nostra, quia tradita est ab
198 860 696 897 illo, qui est infallibilis veritas. Sic etiam in
202 893 700 930 telligitur dictum Philosophi de legibus suo
206 923 700 961 tempore instituris, de quibus inquit in. 2.
198 958 694 988 meta. tex. com. 14. quantam vim habeat cor
207 987 697 1021 suetudo leges ostendunt, in quibus fabulo
200 1020 691 1053 sa & puerilia plus possunt propter consue
199 1052 698 1083 tudinem, quae si cognosceremus ea. Dicit enim
201 1083 703 1125 Com. quod plures opiniones scientiae Diuinae
194 1114 702 1153 ponuntur in legibus non ad sciendum, sed ad
201 1149 705 1183 inquirendum bonitatem. Et causa in hoc
200 1181 703 1214 est, quia hominum complementum, non
199 1212 703 1247 completur nisi per congregationem, & com¬
196 1240 694 1282 gregatio per bonitatem. esse ergo boni est
206 1274 699 1306 necessarium, & non est necessarium eos sci¬
196 1307 693 1345 re veritatem. ita etiam scribit Philosophus
201 1337 695 1370 in 12. meta. in tex. com. 30. multa iam addu¬
205 1368 699 1402 cta sunt fabulose ad persuasionem multo¬
199 1404 695 1434 rum, & ad opportunitatem multorum ac
198 1432 695 1472 leges & conferens. Vnde Themistius in pri
200 1462 694 1498 mo de anima. cap. 12. scribit quod Pythagora:
201 1496 697 1530 fabulose comminiscebatur tranimigratio
196 1532 697 1562 nem animatum in corpora indiscrimina.
202 1556 702 1594 tim ad ciuilem aliquem vsum. Vnde Ver¬
205 1590 701 1630 gilius, Primus in orbe Deos timor fecit. fa¬
209 1621 702 1657 pientes enim vt inquit Plato in Dialogo de
209 1654 705 1684 morte, vt vulgus institueretur, persuaserunt
202 1683 709 1722 supplicia esse post mortem animarum in
200 1716 696 1754 alia vita, & etiam Mahumeth obseruanti
205 1745 700 1782 bus legem promisit mel & lac. Quicquid sit
207 1779 709 1814 de aliis, lex Christi vera est, & pro veritate
204 1813 697 1850 mortuum esse fatemur, & vere resurrexisse
204 1845 708 1882 qui iudicabit in veritate omnem creaturam
202 1874 366 1911 rationabilem.
240 1908 699 1954 Vigesimanona contradi. est in textu. S:.
728 163 1242 202 Arist. distinguit duplicem generationem scilicet
733 199 1237 234 in simpliciter dictam, quae est substantiarum,
731 228 1241 266 & in secundum quid, quae est accidentium.
735 262 1241 298 Sed huius oppositum legitur in. 3. meta. in
731 294 1232 335 tex. com. 16. vbi dicitur, quod generationes non
735 324 1232 362 sunt nisi in substantiis, non in accidentibus,
730 357 1251 389 Soluitur. Arist. & Com. loquuntur ibi contra
736 387 1241 419 Antiquos ponentes vnum esse ens, sicut fuit
734 418 1237 456 parmenides. nam oportet ipsum intellexisse
729 449 1239 490 ens, quid erat vnum, esse substantiam. nam si esset ac
736 481 1243 513 cidens, cum accidens non possit esse sine substan¬
738 517 1235 557 tia, tunc plura essent ea, quae sunt apud ipsum,
731 549 1238 581 igitur sequitur quod, cum nullum sit ens, nisi sub
734 581 1241 614 stantia, omnis generatio erit in substantiis,
731 610 1243 641 non in accidentibus. Ad hominem igitur,
730 639 1203 674 est sermo eius, non quod ipse hoc concedat.
771 669 1251 706 Trigesima contradi. est in com. 62x. vbi dice,
736 706 1251 738 re videtur generationem successiue fieri. int
732 735 1244 769 quit enim quod partes oppositi successiue recedunt
731 767 1241 801 a subiecto, & siunt in ipso partes generati.
734 798 1241 834 & similiter est in substantia. in spermate enim
742 836 1237 869 ipud generationem hominis non cessant
731 861 1240 901 partes spermatis recedere, & partes fieri ho
738 892 1238 930 minis, donec forma humana perficiatur. et
729 924 1237 962 hoc, si forma hominis recipit partitionem.
730 956 1239 989 Et huius tamen oppositum reperitur in dictis
732 988 1235 1024 suis super. 6. phy. com. 32. vbi vult generationem,
726 1020 1233 1059 fieri subito, & quod non est motus, sed finis
739 1053 1235 1082 motus. Debes scire ex sententia Auer. quod ge¬
732 1085 1230 1121 neratio sumitur dupliciter. primo pro ag¬
737 1113 1236 1155 gregato ex alteratione praeuia, & ex subito
736 1149 1239 1177 prouentu formae. alio modo pro subito pro
729 1176 1239 1218 uentu formae tantum. ista distinctio colligi
734 1213 1231 1242 tur ex com. 39. 6. physi. Vlterius scias Auer. te¬
734 1245 1239 1275 nuisse omnem formam materialem exten
733 1272 1237 1312 sam esse ad subiecti extensionem, sicut po¬
732 1303 1240 1338 test videri ab ipso primo cap. de substantia
732 1335 1238 1370 orbis. Vlterius notare debes Auer. posuisse
737 1365 1229 1402 minima naturalia in rebus naturalibus. da
729 1396 1239 1434 tur enim minima caro. i. phy. 36. & alibi infini
732 1431 1222 1466 ties. Dubium tamen arduum est, an de inten
732 1467 1230 1499 tione Auer. in formis intensibilibus, & re¬
737 1495 1229 1530 missibilibus, sicut sunt formae elementorum,
732 1525 1222 1558 secundum ipsum sit dare minimum: sicut etiam du
739 1560 1231 1594 pium est vtrum in qualitatibus habentibus
736 1587 1235 1626 contrarium sit dare minimum ex parte for
733 1629 1233 1662 mae. Et in hoc est magna discordia apud vi¬
728 1653 1232 1692 ros magnos. Aliqui voluerunt dari minimum
739 1684 1237 1724 gnem genitum, ita quod volunt generationem,
734 1716 1234 1754 elementi fieri isto modo. imaginantur quod
745 1749 1233 1791 timo inducitur minimum ignis in mate¬
738 1780 1235 1819 ria. sed post illud minimum imaginantur,
740 1813 1234 1850 tenerationem elementi fieri successiue per
740 1840 1238 1878 partem ante partem in infinitum. vnde isti
730 1873 1239 1906 consequenter dicunt quod etiam in qualitati¬
732 1906 1232 1946 bus elementorum est dare minimam quan¬
