1416 2066
190 165 693 211 tus, & locus, & in quo mouebitur,
212 205 701 258 prior qua eius quietis. quia non dabun
215 245 695 300 tur hic duo loca, alter scilicet in quo res
212 284 703 328 moueatur, & alter in quo quiescat,
214 332 704 376 vt in corporibus simplicibus res se
204 364 699 413 habet. At, si ponamus omnes eius par
208 402 699 455 tes naturalitur quiescere. ergo nullus
206 445 700 482 dabitur motus rectus naturaliter:
206 481 694 525 quia oportebit vel totum quiescere
212 519 695 562 vel quod moueatur circuliter. Sensus ta¬
210 558 696 602 men affirmat dari motum rectum:
216 602 699 642 & quia motus rectus reperitur: ergo
210 638 693 691 corpus mobile erit finitum: quia cau¬
208 676 702 729 sa motus recti estus diuisio ipsius vbi
206 717 701 755 ad corpus mobileus naturalis, & non
211 757 703 805 naturalis. Diuidi autem ipsum vbi
210 797 700 848 ideo contingit: quia est finitum: ipm
210 832 707 875 vero esse finitum determinat de neces¬
206 876 701 914 sitate extremitatem corporis, quid ca¬
204 914 696 963 pitur in eo, esse locum. Eodem modo
207 951 699 1002 quoque sequitur vt auferatur motus
199 991 691 1042 rectus. si detur infinitum, quod mo
206 1029 704 1085 ueatur circult. His igitur sic habitis
206 1070 697 1125 respondebimus, & dicemus quod, si dat
206 1116 695 1164 motus rectus, non dabitur corpus
209 1149 700 1202 simplex infinitum. Quoniam, si eet in¬
206 1188 705 1237 finitum, tunc esset infinitum per omnes suos
206 1229 699 1280 diametros: & sic ipm totum vniversaliquie
204 1268 698 1319 scet, vel mouebitur per suas partes circu
204 1304 704 1358 st: sed datur motus rectus: ergo non da
189 1345 619 1401 tur corpus simplex infinitum.
242 1389 700 1426 At, si ipsum infinitum sit dissimi¬
204 1425 700 1466 lare, & compositum, tunc oportebit vt
203 1463 695 1514 illae partes dissimilares, ex quibus com¬
205 1503 705 1547 stat, sint vniversalinfinitae spee, vniversalique sit vna
200 1544 701 1597 earum, vel plures infinitae magnitu
205 1580 703 1627 dinis, si sint finitae specie. sed, si sint
204 1623 693 1666 infinitae forma, & specie, tunc opor¬
205 1663 699 1707 tebit loca esse infinita: quia loca sim¬
207 1703 695 1755 plicium variantur ad varietatem for¬
204 1750 686 1786 marum eorum: vt diuersus est loc
205 1782 701 1834 terrae a loco ignis. sed, si fuerit vna
207 1821 697 1875 earum infinita magnitudine, vniversliplu¬
202 1867 703 1907 res, tunc corrumperetur totum. siue fuerit
727 165 1218 220 infinitum numero, vniversalimagnitudine il
734 206 1221 260 lud, quid tu resultat, vnum: quia ex infini
731 253 1218 298 to Tpertibus sit per contactum, & continuita
730 290 1220 330 tem vnum infinitum magnitudine. sed iam
734 332 1219 374 pbatum est antea quod non pont repiri cor¬
739 364 1227 415 pus similare infin, tum, quia, si repire
736 405 1223 451 tur, non daretur motus rectus: sed, cum
732 444 1220 482 loca sint finita qualitate, i. forma, &
735 480 1221 531 quantitate: ergo esnta sunt necessa¬
733 515 1225 574 rio finita qutitate, & qualitate: &, si
729 559 1225 612 simplicia sunt finita. ergo totum ag¬
735 596 1222 650 gregatum ex eis erit necessario fini
727 646 1225 681 tum. quia corpus non potont esse maius suo lo
730 677 1221 729 co, neque suus locus naturalis maior ipo
775 717 1223 769 Causa autem, ob quam Anaxagoras
730 757 1210 808 dicit quod ipscum ambies infinitum non mo
730 793 1213 845 ueatur in se toto, sed per suas pertes mo
734 833 1225 882 ueatur, est quidem cam per accis: quia, si
726 882 1218 914 sse cam per se, tunc idem sequeretur de
730 911 1221 965 partibus, quod de toto. Nam dicit
729 952 1221 998 ipse quod est immobile, quia est infini
732 990 1227 1040 tum, & non habet locum, ad quem moueatur:
728 1025 1222 1074 & ideo est velut se ipm sustentans, &
734 1068 1217 1115 habet Tstabilitatem naturalitur, & eius
731 1109 1224 1159 partes mouentur. id autem, quod facit
726 1149 1223 1194 ipm quiescet, est causa violenta. quoniam,
735 1188 1219 1241 si esset infinitum, prohiberetur ab eo
728 1226 1224 1274 motus, cum non haberet locum, ad quem
735 1264 1221 1317 moueretur: ergo, si esset aptum mo¬
730 1304 1221 1355 ueri, si moueretur, haberet locum. Qui¬
726 1344 1225 1400 es igitur inest ei, propter priuationem
726 1386 1221 1437 loci, non quia eius natura determi¬
732 1427 1226 1467 net ei quietem. &, si quiesceret natu¬
731 1469 1223 1507 raliter, oporteret vt quaelibet eius pars
731 1509 1223 1556 quiesceret naturaliter: cum locus
730 1543 1229 1595 quietis totius sit locus quietis partis:
736 1580 1231 1626 & sic nullus dabitur motus: ergo in
733 1622 1227 1674 finitum non potest quiescere natu¬
734 1661 1223 1706 raliter, & moueri secundum suas
738 1708 831 1748 partes.
772 1741 1231 1780 Tertia demtratio talis est. Oem cor¬
737 1780 1228 1834 pus T tangibile habet granitatem, vel
731 1820 1237 1873 leuitatem. sed, si esset corpus tangibile
730 1861 1236 1914 infinitum necessario habebit grauitatem
