1416 2066
186 180 679 242 modum igitur infinitum figitur
201 228 699 297 quia sustentat se, similiter quali¬
199 276 692 338 bet pars eius figitur per se. locus enim
191 326 702 384 totius, & partis est consimilis in
194 380 696 441 specie. v. g. quonia locus totius ter¬
201 421 699 484 rae, & guebae est inferius, & locus
195 468 693 531 totius ignis, & scintillae est supe¬
199 517 693 579 rius. si igitur infinitum habet lo¬
200 561 688 628 tum. ergo pars habet illum eundem,
195 612 472 672 eroo ficitur per se.
200 650 692 706 Adest, & hoc, quod dicunt, quod susti
200 700 695 744 net se, & quod ipsum est suus locus, quia
196 738 693 786 est infinitum, non perper hoc necesse est
195 780 689 831 dicere ipsum figi naturaliter, & secundu
201 816 696 858 totum. & similiter, cum posuerit quod aliqua
202 866 697 908 pars eius figitur naturaliter, non pote
197 901 689 950 rit dare causam, quam dedit in toto
199 936 697 989 & dixit hoc, quia notum est per se quod
203 972 691 1019 locus rei est aliud a re, & quod res non
194 1020 700 1063 potest sustentari super se. Et, cum nar¬
203 1054 691 1103 rauit quod hoc, quod dicunt de infini¬
203 1100 692 1147 to, quod ipsum est suus locus, non est ve
195 1140 693 1178 rum, neque de toto, neque de parte na¬
198 1170 691 1223 turaliter, incoepit declarare quod illud
196 1216 693 1254 quod dixerunt de toto, illud idem com¬
202 1247 701 1301 tingit eis in parte, & dixit: Et quem
202 1286 700 1330 admodum infinitum, &c. i. &, si fue
199 1325 699 1371 rit dictum de infinito ipsum figi, quia
200 1365 701 1414 ipsum est suus locus, necesse est dice
199 1404 699 1459 re in parte ipsam figi, quia est suus
194 1444 696 1490 locus. locus enim totius. & partis est
199 1485 689 1535 idem. Et intendebat quod, si dictum fue
203 1525 701 1577 rit de toto ipsum figi, quia est suus
194 1565 697 1616 locus, quia est infinitum, oportet etiam
199 1605 695 1653 dicere hoc de parte. & sic locus par¬
198 1645 698 1697 tium erunt partes. quod est impossi
206 1683 699 1734 bile. locus enim totius, & partis est
204 1719 700 1763 consimilis in specie. Et intendebat
200 1764 702 1809 quod locus partis terrae, quando est separata
207 1809 692 1852 per se, est idem in specie cum loco to¬
194 1841 693 1892 tius. & similiter est dispositio in aliis ehm¬
199 1880 695 1930 tis. locus enim quem quaerit gleba,
729 173 1231 230 est idem in specie cum loco, quem
730 219 1230 267 quarit tota terra, si esset extra centrum.
732 255 1233 298 medium enim mundi non diuersa
730 296 1234 349 tur, secundum quod est medium in respectu to¬
728 334 1227 378 tius, & partis, sed diuersatur in magni¬
733 381 1235 426 tudine, & paruitate scilicet quod locus, in quo
732 414 1226 463 est totum, est maior loco, in quo est
732 450 1223 508 pars, & similiter locus, quem quaerit rotus
726 489 1223 538 ignis, & est vt maxime distet a me¬
732 532 1232 579 uio, est idem cum eo, quem quaerit
729 568 1231 624 scintilla. & similiter oportet intelligere de
724 612 1237 664 aere, & eius partibus, & aqua & suis
731 651 1227 705 partibus. sic igitur intelligenda est ista
728 688 1229 739 propositio, dicens quod locus totius, &
726 734 1223 778 partis est idem, & saepe vtitur illa, & ma¬
731 771 1224 814 xrime in Coelo, & Mundo. D.d. si igi
727 813 1221 860 tur infinitum, &c. i. &, si ponatur quod
725 846 1221 897 locus infiniti est ipsum, & iam posi
727 884 1223 936 tum est quod ita est de toto, sicut de par¬
731 932 1229 978 te, sequitur quod pars sit locus suiipsius
727 964 1233 1014 sed hoc non est verum: ergo locus
726 1003 1223 1054 totius non est ipsum. Et iste sermo
723 1044 1223 1094 est hypotheticus, & destruitur conse¬
729 1080 1225 1130 quens, & concluditur oppositum autis.
770 1133 1232 1178 Omnino autem manifestum
733 1173 1223 1218 est quod impossibile est simul infi¬
720 1214 1223 1258 nitum dicere corpus, & locum
730 1261 1229 1312 quendam corporibus esse, si omne
726 1301 1232 1346 corpus sensibile, aut grauitatem
724 1340 1224 1386 habet, aut leuitatem. &, si graue
732 1388 1224 1435 quidem est, ad medium habet la¬
725 1429 1223 1486 tionem natura, si vero leue, sur¬
730 1468 1226 1514 sum. necesse est enim & infinitum
732 1513 1219 1554 corpus. impossibile autem est.
733 1556 1215 1610 aut totum vtrumlibet, aut di¬
728 1597 1225 1650 midiatum, vtrunque pati. quomodo
732 1641 1225 1690 enim diuides, aut quomodo in¬
724 1684 1223 1738 finiti erit, hoc quidem sursum, il¬
727 1725 1225 1778 lud vero deorsum, aut vltimum,
743 1771 972 1811 aut mediume
772 1805 1220 1860 Et manifestum est quidem vni
723 1857 1233 1922 uersaliter quod impossibile est di¬
