1416 2066
219 872 744 915 Cum declarauit quod dicitura inter con
226 924 732 954 trarios motus tperis est tamens, vult narra
234 952 727 994 re etiam quod dicitura tperis, quae distinguit in¬
232 990 724 1040 ter motus priores, & posteriores, secundum
228 1031 730 1071 quod illud, ad quod est motus, aut econuer
231 1067 734 1118 so, sc s. dicitura tperis, sit distinguens inter
234 1101 732 1152 prius, quid est illud, ex quo est motus, &
240 1141 724 1190 posterius ex ipsis motibus, est aliquid in¬
230 1180 724 1233 diuisibile, & quod modo est econtrario
232 1220 722 1258 illi, quod fuit in motibus contrarijs
230 1256 724 1298 quoniam scientia eius est complementum sua
230 1293 730 1330 intentionis. Et dixit: Et manifestum
236 1333 731 1370 est quod, si homo, &c. i. & manifestum est
240 1369 728 1418 per se quod, si homo non posuerit instans
233 1413 733 1450 distinguens inter prius, & posterius
234 1445 733 1498 temporis ex motibus, & cons equen
234 1492 732 1523 tibus motus posteriores, aut inter
239 1517 731 1569 prius, secundum illud, ex quo est motus, &
230 1566 735 1602 inter motus, ad quostus posterius sem
233 1598 727 1651 per est dignum habere, proportionem,
234 1636 718 1685 & posuerit ipsum tempus indiuisi
230 1677 727 1725 bile, continget ei vt aliquid sit ens,
235 1711 733 1761 & non ens in eodem tempore. & hoc
235 1748 735 1794 intendebat cum dixit: etiam quod necesse
235 1789 731 1832 est vt idem sit ens, & non ens. D.d. &,
234 1829 736 1883 cum est ens, non est ens. i. & contingit
755 877 1265 926 huic positioni. &, cum aliquid nonatur
765 913 1261 966 ssem non erit ens. D.d. punctus enim est am¬
758 956 1262 994 bobus, &c. i. & diximus quod necesse est
762 994 1264 1044 vt in tpere accipiamus aliquid tale. quia
755 1031 1261 1081 tale instans, quid est in tpere, est simile pumn¬
767 1068 1261 1120 cto in linea, & est commune prioris, & po¬
760 1108 1260 1146 sterioris ex rebus, quas diximus, & est
759 1147 1257 1187 indiuisibile in se: &si sit diuisibile in
763 1181 1257 1223 respectu eius, quod est ante, & in re¬
760 1220 1257 1268 spectu eius, quod est post. est enim finis
761 1263 1249 1306 eius, quod est ante, & principium eius
759 1297 1253 1346 quod est post. Et est dionius quod attri
762 1324 1250 1386 buatur ei, quod est poss scilicet posteriori
765 1372 1243 1427 ilicet qualitati, quae fit ex transmutatio
764 1413 1252 1451 ne, qui vt attribuatur transmutationi
768 1446 1256 1496 priori. & hoc fuit ita. quoniam prin
764 1491 1255 1534 cipium passionis, quae fit a transmuta
759 1525 1255 1562 tione, est aliquod ens, &tramsmutatio
767 1560 1252 1613 est non ens. Et, quia dignius est at¬
758 1597 1258 1642 tribui enti quam non enti, ideo d. i
758 1642 1241 1689 passione vero, &c. i. & passio dignit
760 1685 1253 1727 est attribui passioni posteriori, quae
753 1717 1254 1762 sit, quam attribui tramsmutationi prio
762 1748 1264 1803 r, scilicet instanti, quod est principium es
762 1789 1252 1834 sentiae passionis, quae fit. Et, cum nar
763 1834 1261 1883 rauit quod, si non fuerit positum quod
