1416 2066
200 188 707 227 clarare, scilicet quod potentia motus est prior
207 220 710 267 tempore motu, est manifestum sine
217 257 711 294 definitione motus. Et dixit: Et sine
213 293 712 330 hac definitione, &c. i. & siue defini¬
208 340 707 370 tione motus apparet etiam ex indu
208 368 714 419 ctione quod non mouetur nisi illud, quid
210 405 701 458 anteque moueretur, erat possibile moue
215 445 707 490 ri, quoniam, si non esset possibile moueri, non
211 481 705 522 moueretur. v. g. quod non alteratur, ni¬
210 516 712 562 si illud, quod possibile erat alterari, & si
215 555 713 603 militer non mouetur, nisi illud, quid
210 597 705 643 ante erat possibile moueri. Et intelligen
212 630 712 668 dum est de hac intentione duos mo
216 669 712 720 dos potentiae scilicet quae inuenitur in ip
211 709 711 745 so moto, & quae inuenitur in mate¬
220 749 714 793 ria moti. D.d. Necesse est igitur, &c.
216 780 715 831 i. necesse est igitur, vt potentia ad il¬
214 821 712 869 lud, quod generatur, existat in eo an
215 857 717 903 te ipsum gnatum. v. g. quod illud, quod
214 897 717 943 comburitur, & fit ignis innatum erat
219 937 713 971 comburi, antequae combureretur. Et
214 966 713 1010 ista potentia non tamedun praecedit passio
216 1005 713 1053 nem existentem in passiuo secundum tem
208 1043 709 1093 pus, sed etiam praecedit secundum tempus
215 1077 717 1130 virtutem acentem in agente. quod
217 1108 709 1154 enim comburit innatum erit ante
213 1156 711 1203 comburere. & ideo omne agens, quod
218 1192 708 1240 potest agere quandoque, & quandoque non, ne¬
216 1231 717 1274 cessario inuenitur quandoque: potentia, &
217 1268 716 1309 quandoque non, & omnia ista sunt neces¬
200 1308 711 1346 Isaria, & vera. Et hoc, quod dicunt Lo
224 1342 704 1392 quentes nostrae legis, immo inuol
222 1380 714 1434 uentes, quod possibile est, prouenire actionem,
221 1420 702 1466 nouam scilicet postque non suerit tpere infi
224 1461 704 1507 nito ab agente antiquo, absque eo, qui
215 1492 709 1545 illic sit causa, quae fecit illud agens
218 1533 717 1583 agere in aliqua hora magis quain alia
220 1572 685 1618 est sermo sophisticus, & deceptiu
215 1604 713 1655 Dico secundum hanc expositionem intel¬
218 1645 711 1694 lexit Alphara. & alii hoc capitulum
215 1680 715 1722 scilicet quod induxit definitionem motus ad
216 1719 710 1768 declarandam potentiam esse ante
213 1758 707 1806 actum. & hoc non est proprium mo¬
210 1796 715 1850 tui, secundum quod est motus, sed est proprium
743 181 1261 226 nouo facto, secundum quod est nouum factum, T
738 219 1229 266 scilicet vt potentia, & posse noui praece¬
739 256 1229 299 dat ipsum secundum tpeos. Secundum autem
745 302 1229 343 nostram expositionem induxit de¬
743 333 1239 370 finitionem motus, ad declarandum
744 370 1230 422 quod motus est in moto. quoniam, cum dictum
741 405 1229 450 sit in definitione eius quod est entele¬
745 444 1241 481 chia moti, necesse est vt sit in mo¬
743 485 1234 522 to. omnis enim perfectio necesse est vt
742 517 1231 562 sit in re, quae perficitur. Et scundum hoc in¬
749 557 1239 604 uenimus Alex. in suolib. de princi¬
740 597 1239 643 piis inducere definitionem motus, ad
746 630 1232 674 declarandum motum esse aeternum.
739 668 1239 717 Et hoc, quod dixit: Et sine hac defi¬
742 709 1230 745 nitione, &c. hoc decepit homines in
743 744 1230 786 hoc: & existimauerunt ipsum decla
742 784 1241 820 rare potentiam esse ante actum in
747 817 1237 867 tpre. & ipse intendebat dicere quod non
742 860 1237 898 dicitur moueri, nisi illud, in cuius natu¬
744 893 1241 947 ra est motus scilicet corpus mobile: & quod
740 933 1149 971 non inuenitur in immobili.
784 989 1243 1034 Ergo & haec necessarium est
738 1031 1234 1074 aut facta aliquando esse, cum non
741 1071 1154 1123 essent, aut perpetua esse.
794 1113 1243 1171 ista etiam necesse est, aut ut
741 1156 1243 1218 non sint talia, nisi in aliqua hora
740 1205 1243 1267 absque eo, quod talia erant, aut
742 1252 1036 1306 ut sint talia aeterne.
759 1308 1225 1355 Dicit: Ista igitur sensibilia neces
742 1343 1225 1390 se est, aut vt non sint, sicut vider scilicet quod quae
749 1383 1234 1431 dam semper mouentur, & quaedam
748 1421 1234 1466 semper quiescunt, aut semper succe
743 1456 1242 1498 dunt sibi haec duo in aliqua hora, scilicet
747 1494 1235 1546 motus, & quies, absque eo, quod ante illam
745 1533 1241 1570 essent huius dispositionis, sed omnia
743 1574 1239 1617 erant quiescentia, deinde incoeperunt
741 1607 1245 1649 ab aliquo moueri, secundum quod modo sen
745 1645 1235 1691 tiuntur, aut semper fuerunt, secundum quod
738 1681 1245 1734 modo sentiuntur. & cum dixit quod hoc
739 1719 1237 1762 est quaerendum primo, incoepit de¬
745 1756 1243 1808 clarare ipsum. Dico quod haec est expo
746 1797 1246 1851 vera, dixit & quia apparuit iam pri
