1416 2066
206 181 722 233 Intendit hic per elementum principia,
206 222 719 266 qua sunt in re. & dixit, quod habet maximam
214 269 717 311 quodnem, licet iam apparuerit ex dispu¬
219 300 711 339 tatione principia esse tria, quia ne¬
214 336 723 390 cesse est ponetur illud, quid recipit esse genera
217 381 717 418 tum, ipsum esse subiectum, aut contra¬
216 421 719 467 rium. Si igitur fuerit contrarium, contiget
217 453 721 498 contrarium alterari in suum contra¬
216 492 726 543 rium, ita quod non esse alteretur in esse, &
221 533 721 580 mutetur in illud: quod est valde ipro¬
210 571 724 622 babile. Et, si posuerimus quod subiectum
221 606 723 661 est recipiens, & quod contrarium recedit,
219 645 718 700 continget vt in substantia non sit ge
210 685 717 738 neratio omnino. subiectum enim est aliquid
217 725 719 764 demtratum in substantia. & vniversaliter con¬
221 764 723 814 tingit, vt aliquid sit, anteque sit. quoniam, si
222 797 715 856 non sit nisi ex substantia, quae est subie
215 839 706 882 ctum, & ista substantia sit communis omnib
220 879 719 934 entibus, & ens non generatur nisi ex
215 917 722 963 ente. ergo ens est antequam generetur. &
223 958 725 1002 ista quod coegit plures Antiquos ad
216 1004 712 1051 negandum generationem. D.d. tunc enim
228 1037 713 1075 procedimus, &c. & in via doctrinae
222 1077 715 1126 & q. d. & intendimus consyderare
222 1113 715 1162 prius de rebus vniversalibus communibus, quia ista
219 1158 719 1194 doctrina est naturalis. est enim doctri¬
206 1191 723 1243 na, cuius propositiones acceptae in
206 1228 717 1280 ea sunt maximae, & sine mediis, &cum
222 1270 721 1310 hoc manifestiores, & non accidit in
206 1309 715 1361 ea iteratio. Et intendit per communem ge¬
206 1348 717 1396 nerationem, generationem, quae fit in sub
206 1391 723 1435 stantia, & in omnibus pdicamentis, &
222 1426 715 1477 de substantia generationem communem qua¬
218 1463 727 1511 tuor corporibus scilicet igni, & aquae, &
222 1504 714 1553 aeri, & terrae, & corporibus composi¬
227 1539 719 1590 tis, & vniversaliter venerationem, quae est vnius
216 1571 725 1634 ex vno. ista enim generatio est quatuor
217 1620 708 1660 elementorum, & compositorum. ge
225 1661 725 1704 neratio autem, quae est vnius ex pluri
220 1698 726 1738 bus, perscrutanda est in libro de Ge
214 1740 714 1779 neratione. & hoc intendebat, cum di¬
221 1773 728 1825 xit deinde consyderabimus post de
222 1820 723 1866 propriis, i. de propriis existentibus
213 1853 721 1914 in generatione vniuscuiusque gene¬
753 181 1266 234 rum generabilium, & hoc est in om
752 221 1251 271 nibus partibus istius scientiae. de ge¬
746 268 1260 311 neratione autem, & corruptione cor¬
757 298 1257 346 porum simplicium, & composito¬
750 336 1243 378 rum loquitur in libro peri Geneseos
756 377 1259 418 & in. 4. Meteororum: & de propriis
752 417 1257 466 vniuscuiusque compositorum loquitur
751 452 1253 491 in librom de Mineris, & in lib. de Plan¬
751 492 1253 531 tis, & in lib. de Animalibus. sed librum
746 533 1259 586 de Mineris non habemus, neque de
746 570 1132 609 Plantis, nisi duos tractatus.
785 612 1250 659 Dicimus enim fieri ex alio aliud,
747 653 1246 699 & ex altero alterum, aut simpli¬
748 692 1252 739 cia dicentes, aut composita. dico¬
749 733 1255 776 autem hoc sic. est enim fieri homi¬
748 777 1249 826 nem musicum, est autem & non
753 817 1249 866 musicum quippiam fieri musi¬
750 864 1245 913 cum, aut non musicum hominem,
751 901 1253 946 honem musicum. Simplex igitur,
751 949 1257 993 dico quod factum est, homnem, &
755 984 1251 1040 non musicum, & quod fit sim¬
756 1028 1248 1075 plex, musicum: compositum autem
750 1069 1244 1118 & quod fit, & quod factum est,
747 1118 1249 1156 cum non musicum hominem dicimus
746 1153 1248 1203 fieri musicum honem. Horum
746 1196 1258 1250 autem hoc quidem non solum dicitur,
749 1237 1254 1290 hoc aliquid fieri, sed etiam ex hoc,
746 1280 1257 1323 vt ex non musico musicus. hoc
751 1325 1247 1370 autem non dicitur in omnibus. non
748 1365 1233 1410 enim ex hoine factus est musicus
751 1407 1215 1451 sed homo factus est musicus.
801 1453 1247 1518 Dicamus igitur quod, cum di¬
748 1501 1255 1554 cimus aliquid generari ex aliquo
746 1549 1248 1618 alio, & quod vniuersaliter gene¬
745 1596 1253 1661 rabile generatur ex aliquo, forte
749 1659 1251 1706 intendimus simplicia, & forte com¬
750 1697 1254 1754 posita. & intelligo hoc, quod narra
749 1753 1257 1802 bo homo fit musicus, & non musi¬
746 1793 1256 1856 cus fit musicus, & homo non musi
752 1837 1253 1906 cus sit homo musicus. intelligo hic,
