1416 2066
163 173 671 241 spatium A, quod non habet par¬
168 221 658 274 tem, fuit motus existens, scilicet D.
166 269 669 331 Ergo necesse est, si motum non per.
169 316 671 380 rtansit spatium, nisi postquam mo
171 361 663 425 uetur per illud, vt sit diuisibile.
168 409 672 465 quoniam, dum mouetur per illud
171 453 673 514 spatium, impossibile est vt sit quie
170 500 663 563 scens, aut pertranseat illud, sed est
174 548 677 602 in dispositione media. Et, si insimul
178 597 661 657 sunt pertransire, & pertransisse.
173 638 667 690 tunc ambulas, dum ambulat, iam
163 685 664 747 ambulauit, & peruenit ad illud,
179 732 663 795 quod int endebat, & mouebatur
176 781 492 834 ad illud, quo mouetur.
219 829 671 874 Cum declarauit quod, cum magni¬
180 856 671 906 tudo fuerit indiuisibilis, necesse est
182 899 667 939 vt motus sit indiuisibilis, & motio
183 938 673 978 ilicet passio sit indiuisibilis, & similiter mo¬
180 978 671 1018 tum, cum caums continuat ionis motus est
184 1015 669 1062 continuatio magnitudinis, incoepit
174 1047 670 1091 declarare impossibile, quod accidit
182 1088 663 1130 ex hoc, quod motum sit indiuisibile, &
181 1127 659 1177 per magnitudinem indiuisibilem, & di¬
178 1164 668 1217 xit: Si igitur, &c. i. si igitur necesse est
185 1210 675 1242 vt in omni motu de loco in locum, vt
178 1236 674 1282 non insimul moueatur, & perficiat
178 1285 670 1323 motum, & pueniat ad locum, quo mo
181 1314 667 1354 uebatur, dum mouetur: quoniam motus
183 1348 673 1394 inuenitur, antequam motus perficiatur.
199 1387 667 1438 Et, cum posuit quod impossibile est vt
174 1429 669 1477 res mota moueatur insimul, & quod iam
182 1461 677 1512 perfecit motum scilicet quod in eodem instanti sunt
184 1500 666 1549 vera haec duo: nam instans, in quo
174 1541 660 1589 mouetur per magnitudinem, est alid
178 1576 670 1618 ab instanti, in quo perficitur motus: de
178 1614 667 1663 dit exemplum de hoc: & dixit. v. g. &c.
181 1652 666 1693 i. quoniam instans, in quo dicitur ambulare,
184 1689 664 1739 est aliud ab instanti, in quo dicitur am¬
182 1727 660 1770 bulasse. Et, cum posuit hanc proposi¬
182 1764 670 1803 tionem, quae est manifesta per se, con
178 1801 678 1842 iungit ei propositionem, quam intende
698 180 1195 227 bat destruere, & dixit: & in moto T
693 219 1195 267 &c. i. &, cum declaratum est quod im¬
695 256 1196 304 possibile est vt res mota insimul pertran¬
699 293 1203 330 seat spatium, & quod iam pertransiuit
698 328 1197 378 ipm, & fuit positum quod motum x,
698 367 1197 410 quod est idiuisibile, per spatium A,
698 407 1196 448 quod est indiuisibile, habet motum exi
699 448 1199 485 tem scilicet a, qui est pars motus pr na, er
705 478 1195 527 go necesse est vt istud spatium sit di¬
702 525 1198 567 uisibile, quod est contra positum: er
694 554 1202 600 go impossibile est vt motus induisibilis
697 597 1203 634 sit per spatium indiuisibile. Et, cum
707 628 1191 679 osuit in hoc sermone quod quando x mo¬
700 665 1196 706 uetur per spatium AEc, quod est com
705 703 1195 747 positum ex maonitudinibus indiuisi¬
702 733 1196 792 bilibus, quod habet motum per par¬
705 781 1197 821 tem Aindiuisibilem, & potest aliquis
698 817 1192 865 dicere, quod x non habet motum exi¬
705 853 1191 905 stentem, nisi per totam magnitudi
701 893 1195 938 nem, non per partes, incoepit decla¬
703 930 1197 979 rare quod, cum fuerit motum per totam
701 972 1195 1010 magnitudinem, sequitur vt habeat mo
698 1005 1193 1050 tum per vnamquamque partium, & di
695 1039 1194 1082 xit: quoniam dum mouetur, &c. i. & necesse
702 1084 1196 1122 est vt motum n habeat motum exitem
703 1118 1195 1164 per vnamquamque illarum partium in¬
700 1153 1198 1194 diuisibilium. quia motum x, dum mouetur
707 1191 1195 1235 er illud spatium, quod est ABc, im¬
707 1229 1191 1279 ossibile est vt quiescat in vnaquaque il¬
697 1260 1208 1308 iarum partium, sed necesse vt moueaturl
702 1304 1196 1354 per vnamquamque earum. motum. enim dum
703 1349 1195 1386 mouetur, non est in eo ex quo, neque
701 1381 1195 1418 in eo ad quod, sed sicut dixit, inter
706 1421 1186 1468 vtrumque. Et, cum declarauit quod motum
698 1455 1190 1503 indiuisibile per vnamquamque partium
700 1492 1190 1530 i: diuisibilium facit motum, dixit:
706 1529 1186 1570 Et, si isimul, &c. i. si igitur islud mo¬
702 1573 1177 1619 tum mouebatur per vna mquamqu
700 1606 1187 1643 istarum partium indiuisibilium, ne
700 1645 1187 1690 cesse est secundum hoc, quod vnaquaeque earum
701 1680 1195 1732 sit indiuisibilis, vt insimul pertran
697 1717 1193 1770 seat, & quod iam pertransiuit scilicet quod in¬
697 1757 1192 1801 stans, in quo dicitur ipsum pertransire eam,
696 1797 1199 1835 sit idem cum instanti, in quo dicitur ipm ptram
