1416 2066
231 181 701 235 Inducit testimonium super hoc quod ea
190 220 697 275 sus nihil est. quoniam, si esset, aliquis Anti
198 260 692 313 quorum locutus fuisset de na illius:
194 301 694 338 sed nullus eorum fuit locutus de eo:
194 341 691 378 ergo non est. Et cum, induxit has
198 376 699 418 duas rationes destruentes casum esse,
204 413 705 467 & ex se, incoepit contradicere, & pri¬
205 452 471 498 mo primae rationi.
238 485 701 538 Sed & hoc mirabile. multa enim
196 531 697 574 & fiunt, & sunt a fortuna, & ca¬
200 573 696 618 su, quae non ignorantes quod licet refer
196 614 695 666 re ad aliquam causam vnunquodque
198 653 698 707 eorum, quae fiunt, vt Antiquus ser¬
202 694 691 742 mo idixit, destruens fortunam,
194 734 696 778 horum tamen alia quidem esse dicunt omnes
195 776 703 826 a fortuna, alia vero nin a fortuna.
251 827 696 877 Sed hoc est mirabile scilicet quod plu
191 868 699 925 ra fiunt casu, & ex se. & licet non
199 917 693 978 ignoremus quo reducitur, vnum.
197 964 701 1027 quodque, istorum ad aliqua causam
199 1012 695 1074 generationis, vt Antiqui dixerui
195 1060 695 1122 negantes casum, tamen omnes di¬
194 1108 699 1171 timus quod rerum quaedam fiunt
194 1157 671 1218 tasu, & quaedam non fiunt casu.
224 1205 696 1250 Dicit mirabile est quod omnes homines
206 1252 703 1295 conueniunt quod hic sunt aliqua, qua
203 1283 704 1340 fiunt casu, cum hoc, quod nullus ignorat
188 1321 702 1374 ea reduci ad causas generatiois. nos
205 1365 699 1402 enim, & illi conuenimus in hac diui
207 1399 696 1440 sione entium, scilicet quoniam quaedam
202 1437 703 1482 fiunt casu, quaedam non fiunt casu.
258 1480 703 1533 Quocirca & quodam modo
202 1521 698 1573 erat facienda ipsis mentio. At vero
200 1564 700 1610 neque illorum quidem aliquid opi¬
203 1609 703 1650 nabantur esse fortunam, vt amici¬
200 1650 702 1690 tiam, aut litem, aut ignem, aut intel¬
206 1691 705 1732 lectum, aut aliquid aliud talium.
210 1729 702 1781 Inconueniens est igitur, siue non
203 1781 704 1817 putauerunt esse, siue putantes re¬
207 1814 711 1858 tiquerunt, praesertim aliquaindo vten
207 1858 708 1898 tes. vt Empedocles non semper
725 172 1238 228 aerem segregari superius dicit, sedtu
729 223 1221 267 vt accidit. dicit enim in mundi fa
728 265 1219 309 brica. Saepe alias aliter, sed tunc
729 308 1232 361 sic forte cucurrit. & partes anima¬
722 348 1231 408 lium a fortuna fieri plurimas ait.
776 391 1227 451 Oportet igitur omnimo quod illi di¬
722 437 1218 499 xissent aliquid de eo. Et non vide¬
729 484 1225 547 runt etia quod casus sit aliquid il¬
722 534 1230 599 larum rerum scilice amicitiae, aut litis,
729 580 1227 649 aut intelligentiae, aut ignis, aut alio
724 629 1234 694 rum similiu. Et malus est, si non opi
729 677 1227 739 nabatur ipsum ese aliquid existes,
733 725 1233 786 & malum est etia, si opinabantur
730 772 1219 843 ipsum esse, & nihil dixerut de eo.
729 820 1235 882 licet fortasse vtantur illis in verbis
726 869 1226 923 suis, vt fecit smpedocles, cum dixit
726 917 1232 972 quod aer non semper excutitur ad
730 964 1234 1027 superius, sed quomodocuque, sit. dicit
735 1012 1231 1069 enim cu loquitur de factura mun¬
722 1058 1228 1114 di, haec verba sic. Accidit casu, vt
730 1107 1220 1162 creuit in illo tempore, & forte est
735 1156 1225 1203 alio modo. & dicit in membris ani¬
724 1203 1152 1266 malium plura accidunt casu.
774 1269 1228 1314 Cum declarauit quod illud, quid Anti
731 1310 1227 1354 qui induxerunt in negando calum
732 1350 1225 1403 ipsum esse vnum super hoc, quod sit casus,
735 1389 1237 1441 incoepit dicere etiam quod ratio, quam in¬
732 1428 1238 1480 duxerunt de hoc quod Antiqui nihillo
730 1477 1234 1507 cuti fuerunt de casu, non est rotiocina
732 1504 1235 1559 tio, neque demonstratiua, neque proba
733 1542 1235 1586 bilis, sed solummodo accusatio Anti¬
732 1583 1230 1627 quorum, quia debebant loqui de illo
730 1622 1239 1674 & dicere aut quod nihil aliud est a cau
736 1661 1239 1713 sis notis, aut quod est aliquid aliud ab eis.
747 1701 1235 1749 Et hoc intendebat, cum dixit: Opor¬
732 1740 1234 1794 tet igitur omnino, &c. i & hoc, quod Anti
734 1780 1241 1820 qui dimiserunt loqui de illo, non est
739 1816 1238 1858 roncinatio super hoc, quod non sit, sed est
736 1856 1245 1898 accusatio eorum, qui debebant dicere
