1416 2066
194 173 713 226 quia notum est quod illud, quod fit ex
213 220 704 266 natura, in hoc est, sicut illud, quid fi
210 258 709 298 ex voluntate. Deinde d. & ideo co¬
210 293 704 350 gnitio, & casus sunt in endem. i. &
214 332 706 380 quia casus est causa per accidens in
209 381 708 423 rebus, quae sunt a voluntate, & pro¬
218 412 704 457 pter aliquid, ideo subiectum casus
216 450 703 502 & cognitionis est idem: quoniam subie
217 488 717 530 ctum casus, & voluntatis est idem: &
226 533 708 578 oluntas non est extra cognitionem,
220 572 710 610 & similiter intelligendum de natu¬
217 613 714 651 ra, scilicet quod subiectum casus, & rerum in
216 645 570 690 tentarum in eis est idem.
213 701 714 746 Indefinitas igitur causas necesse est
207 746 707 799 esse, a quibus siat quod est a for¬
212 790 714 835 tuna. vnde videtali fortuna indefiniti
211 837 716 882 esse, & immanifesta hon. Et est, vt
208 872 709 922 nihil a fortuna videatur vtique fie¬
210 917 713 962 ri. omnia enim haec recte dicituntr, quoniam rationa
207 957 714 1002 biliter. est enim vt fiat a fortuna, se
212 997 645 1043 cundum accidens enim fit.
257 1036 707 1098 Et causae, ex quibus est illud,
202 1085 704 1151 quod est casu, necesse est vt sint no
212 1138 707 1178 terminatae, & ideo existimatur
202 1181 698 1242 quod casus etiam est non termina
211 1229 709 1291 tus, neque, manifestus hoi. Et quodam¬
204 1276 714 1332 modo rectum est existimari quod
194 1324 713 1387 nihil fit casu. quonia oes isti sermo
205 1373 707 1435 nes, quia sunt recti, sunt necessaru
205 1421 707 1466 in illo. est enim hic modus latens
208 1468 706 1531 eius, quod fit casu, & quoniam non
212 1517 508 1579 fit, nisi per accidens.
242 1572 712 1622 Et causae, quae sunt casu, non sunt
206 1620 704 1661 terminatae, quia sunt causae per acci
211 1652 709 1690 dens, & vt in paucioribus. Et inten¬
211 1690 709 1743 debat per hoc notificare quod cogni¬
214 1729 707 1770 tio non continet casum, & quod nulla
211 1765 713 1818 scientia speculatiua perscrutatur de
215 1804 703 1850 llo, cum nullum ens intentum na¬
211 1853 700 1898 turaliter proueniat ex eo, & ent ia,
738 188 1248 226 quae sunt ab eo, non possunt habere
738 221 1246 259 causas terminatas. D.d. necesse est
741 256 1245 299 vt sint non terminatae, scilicet in se.
738 295 1245 338 i. extra mentem, cum non sint cau¬
741 333 1251 386 sae vt in pluribus, sed in paucioribus
738 372 1245 424 eorum, quae fiunt ex eis. Deinde d.
742 413 1243 450 & ideo existimatur, &c. i. quod scientia
740 459 1250 490 eius est non terminata apud nos: quo
739 488 1251 530 niam ex eo, quod in se est causa, scilicet non
740 533 1246 571 terminata, ideo scientia eius est non
747 567 1253 617 terminata. D.d. & rectum est quo¬
740 611 1248 657 dammodo existimate, &c. i. propter
747 644 1251 683 atentiam suae naturae existimatur
740 685 1238 730 ipsum non esse, & causa latentiae eius
742 723 1243 770 est, quia est per accidens, & quod est
740 764 1240 810 per accidens est in minori parte, &
736 800 1245 846 quod est in minori parte existima¬
743 838 1245 882 tur non esse. & hoc intendebat, cum
736 885 1157 922 dixit: est enim hic modus, &c.
779 948 1252 995 Et est causa, vt accidens, fortu
735 990 1251 1042 na, vt autem simpersicitur nullius. vt do¬
741 1029 1252 1082 mus aedificator quidem cam est, secundum
741 1083 1251 1114 accins autem tibicem. & vt veniens
735 1117 1251 1171 reserat argentum, non huius cam ve¬
739 1155 1247 1214 niens, infinitae sunt multitudine:
740 1199 1236 1242 etenim videre aliquem volens
743 1244 1255 1283 & persequens. & visurus, & fugiens.
785 1307 1248 1375 Casus igitur est cam secudum quod
739 1357 1255 1419 est accidens, simpliciter aut no est
735 1404 1251 1466 causa alicuius omnino: v. g. quonia,
742 1452 1245 1515 causa domus est aedificator per se,
743 1500 1249 1554 per accidens vero musicus & ho¬
739 1548 1249 1606 minem ire ad aliquem locum, do¬
741 1597 1252 1663 nec apprehendat pecuniam, absque
743 1645 1249 1706 eo, quod propter illam pecunia iuit
739 1693 1251 1749 ad illum locum, habet causas infi¬
742 1741 1249 1802 nitas. v. g. velle inuenire illic ali¬
739 1788 1251 1851 quem amicum, aut quaerere fugie¬
735 1837 1158 1899 tem, aut fugere quaerentem.
