1416 2066
229 181 683 240 Amplius autem nunc quidem
182 227 675 266 in vacuo, quoniam cedit, ferri. videtur in va
187 276 677 314 cuo autem prorsus similiter tale est:
188 309 656 362 quare in omnem feretur partem.
232 352 685 415 Et et motus existimatur fieri
185 397 674 458 nunc in locis vacuis ex aptatione,
179 444 681 506 in ipso vero vacuo hoc est eodem
187 492 667 554 modo in omnibus suis partibus.
189 541 679 603 ergo sequitur vt illud, quod moue
185 592 679 650 tur in eo, expellatur ad oes partes.
227 653 675 705 Ista est alia ratiocinatio, qua ni¬
190 692 682 733 titur destruere vacuum esse per mo
192 733 674 783 tum violentum, plures enim motus apud
184 773 676 824 expulsionem expelsentis erunt in ali¬
194 809 671 859 qua parte, & non in alia, perper diuersi¬
191 848 679 900 tatem partium in aptatione, scilicet quia
187 886 679 940 mouetur ad partem, quae est magis
189 925 669 971 apta, adeo, quod motum naturale mo
193 965 677 1010 uetur perper aptationem contra suum
190 1005 674 1042 motum naturalem, vt accidit in a
190 1044 678 1096 sub, vt moueatur ad inserius, quando non
188 1085 678 1130 inuenit exitum ad supius. Et dicit quod
194 1132 681 1174 ponentes vacuum, ponunt ipsum, quia
188 1162 682 1209 existimant ipsum adaptari motui,
189 1199 683 1242 &, si ita esset, non esset hic aliqua
195 1240 683 1293 pars magis adaptata, quae alia. Et totum
197 1283 676 1330 hoc contingit dicentibus vacuum
199 1317 681 1370 esse separatum, quibus intendit in
179 1357 683 1394 hoc sermone contradicere. dicenti¬
198 1396 686 1447 bus vero ipsum esse non separatum
194 1436 684 1486 non contingit hoc, sed impositum
194 1473 677 1514 in corporibus. isti. ii. possunt pone
198 1511 683 1554 re superius, & inferius, & vniversaliter nedium
190 1562 683 1603 per quod fiant motus corporum sim
198 1589 682 1639 plicium. D.d. ergo uecesse est, &c. i.
191 1637 679 1683 ergo necesse est vt illud, quod mo¬
194 1669 682 1721 uetur in eo, expellatur ad omnes par¬
191 1716 688 1762 tes aequaliter: & sic nullum motum
187 1748 685 1799 mouebitur perper aptationem ad aliqua
193 1789 682 1839 paitem aliam ab ea, ad quam expelsens
199 1828 691 1874 expelsit, quod non sentitur in pluribus
196 1877 686 1914 mobilibus. Et in lib. Alexam. hoc ca
710 180 1216 230 pirulum inuenitur sic. & etiam existi i
712 221 1199 271 matur quod translatio est nunc in va¬
713 261 1194 310 cuo propter aptationem: & hoc in
716 300 1196 338 vacuo est eodem modo ex omnibus
710 337 1194 390 partibus: ergo illud, quid mouetur in
709 375 1201 428 eo, expellitur ad omnes partes, i. quod
704 417 1185 466 si vacuum est causa translationis, qui
710 453 1196 507 pter aptationem, sicut fingunt dicem
710 495 1200 546 tes ipsum esse, necesse est vt illud, quid
707 540 1195 583 mouetur in eo, moueatur ad omnes par¬
703 572 1198 622 tes. quoniam aptatio est in omnibus aequali¬
705 613 1202 650 ter, & hoc in infinitum: quia vacuum
706 653 1194 703 est infinitum apud eos. Et maxima
706 687 1198 730 est differentia interponere quod apta¬
709 733 1197 770 tio est necessaria in esse motus, & po
707 773 1200 821 nere ipsam esse causam agentem mo¬
708 812 1193 850 tum. si igitur posuerimus quod aptatio
706 845 1191 901 est de necessitate motus, expositio
704 885 1192 941 erit illa, quam diximus: &, si posue
706 925 1191 978 rimus quod aptatio est causa agens mo¬
707 971 1187 1017 tus, expositio erit Alexam. sed erit de
711 1004 1197 1042 stiuctio non secundum rem in se, sed secun¬
712 1045 1196 1095 dum sermonem eorum. aptatio enim
707 1080 1201 1138 est de necessitate motus, non cam agens.
748 1140 1196 1191 Amplius autem & ex his ma
709 1188 1199 1226 nifestum est quod dicitur videmus
706 1229 1201 1282 enim idem pondus, atque corpus ve
713 1271 1195 1328 locius ferri perper duas causas, aut,
711 1317 1200 1361 quia id diffeit, per quod, vt per
714 1364 1191 1401 aquam, aut terram, aut aerem,
711 1396 1195 1451 aut, quia id differt, quod fertur,
707 1441 1202 1498 si alia sint eadem, prper excessum
711 1485 1206 1539 grauitatis, aut leuitatis. hoc igi
716 1525 1202 1578 tur, per quod fertur, cam est, quoniam im
711 1570 1207 1622 pedit maxime quidem quid con¬
719 1612 1202 1659 tra fertur, deinde autem & manens:
718 1660 1208 1699 magis autem id, quid non facile diui¬
714 1695 1210 1738 ditur: tale autem est quid crassius est:
717 1740 1213 1797 Id autem, in quo est. A. mouebi
716 1780 1207 1826 tur per. D.eo, in quo. C. tempore:
716 1823 1205 1873 per ipsum autem D.cum sit subti¬
717 1868 1213 1915 lius, eo, in quo. E, si aequalis est
