1416 2066
216 180 729 219 aut finitum scilicet vt moueatur infinitum
234 226 731 269 per infinitum in tem pore finito. Et
235 256 714 305 dixit: quoniam, si transiuerit infinitum, per
233 293 727 342 transibit etiam finitum, i. quoniam, cum positum
231 330 723 382 sit infinitum pertransire spatium fini
228 366 729 418 tum in tpere infinito, necesse est vt fi
222 406 733 454 nitum pertranseat spatium infinitum
228 442 718 482 in tempore finito: quod est impossi¬
225 477 729 529 bile, vt declaratum est. D.d. quoniam in
227 516 727 563 infinito est finitum, i. & necesse est,
234 558 720 594 cum infinitum pertransiuerit infini
231 596 729 639 tum in tpere fin ito, vt finitum pertran
229 629 719 679 seat infinitum. quoniam in infinito per¬
234 665 722 709 transito est pars finita necessario, quae
239 703 731 754 pertransit spatium infinitum in ten¬
235 750 726 789 pore finito. D.d. Et, cum etiam consyde
231 781 725 818 ratum fuerit secundum tempus, &c. i. pro¬
234 816 729 858 uenit etiam demro, ex qua declara
237 855 730 903 tum est quod impossibile est infinitum
233 893 723 931 moueri tempore finito. & illa demon¬
234 928 731 970 stratio est per diuisionem temporis
231 973 731 1016 quoniam per diuisionem temporis
238 1005 727 1055 diuiditur spatium. Si igitur tempus
233 1041 721 1093 fuerit finitum, & spatium erit fini¬
238 1080 723 1130 tum: sed quia positum est ipsum
238 1118 724 1162 esse infinitum, hoc est impossibile.
282 1180 723 1239 Qam autem neque finitum infini¬
230 1229 722 1278 tum transibit, neque infinitum finitum,
239 1270 725 1322 1neque infinitum in finito tempore
235 1315 723 1363 mouetur, manifestum est quod ne¬
235 1348 721 1400 que motus erit infinitus in fini¬
227 1391 723 1434 to tempore. quid enim refert mo¬
227 1437 723 1475 tum, aut magnitudinem, infini
236 1474 722 1522 tum faceretus necesse enim est, si vtrum¬
226 1512 723 1563 uis, & alterum esse infinitum.
224 1557 685 1602 omnis enim latio in loco est.
275 1596 730 1658 Et, cum sit impossibile finitum
231 1645 721 1699 moueri per infinitum, aut infini¬
225 1690 727 1749 tum per finitum, aut infinitum in
223 1736 722 1803 tepore finito, manifestu est quod
231 1781 729 1842 motus infinitus non erit in tepore
758 173 1265 234 finito. non enim est differentia inter,
756 226 1248 274 hoc quod motus sit finitus, aut
750 273 1241 333 magnitudo. quoniam necesse est,
751 326 1255 378 si alterum fuerit infinitum, vt re
755 365 1259 426 liquum sit infinitum. omnis enim
757 413 1078 458 translatio est in loco.
797 468 1264 523 Cum declarauit, quod impossibile est,
754 516 1254 561 aliquod finitum moueri per spatium
754 548 1250 598 infinitum in tpere finito, aut aliquod
758 586 1253 634 infinitum in tempore finito, siue spa¬
754 623 1255 666 tium fuerit finitum aut non fuerit, de
753 668 1255 712 claratur impossibile esse vt motus
757 700 1247 749 infinitus sit in tempore finito. Qnam
753 736 1253 778 hoc aut erit per spatium, aut per rem
759 774 1249 823 motam. si autem per spatium, tunc ali¬
756 813 1244 862 quod infinitum mouebitur per spatium
757 849 1243 891 infinitum in tpere finito. si vero infi¬
759 893 1239 930 nitas in motu fuerit per rem motam
758 926 1242 977 tunc aliquid infinitum mouebitur in
756 965 1246 1015 tempore finito, aut per magnitudinem,
757 1001 1243 1039 finitam, aut infinitam: sed haec de¬
753 1038 1245 1082 structa sunt: eroo destructum est ali¬
756 1067 1242 1131 quem motum infinitum esse in tempore
753 1113 1242 1154 finito. & hoc intendebat declarare
755 1150 1251 1199 superius. & ipse vtetur hoc tamquae fun¬
760 1192 1244 1238 damento in Septimo. Et dicit: Et, cum
755 1228 1249 1266 sit impossibile, &c. i. &, cum sit decla
751 1266 1237 1306 ratum, quoniam impossibile est motum infi¬
755 1305 1245 1352 nitum pertransire spatium infinitum
754 1340 1243 1390 in tempore finito, aut motum infinitum
759 1377 1251 1426 spatium finitum, vel infinitum in ten¬
760 1414 1247 1458 pore finito, manifestum est ex hoc,
755 1453 1246 1498 quoniam impossibile est vt motus infinitus sit
754 1493 1250 1529 in tempore finito. D.declarauit con
755 1526 1251 1570 secutionem, & dixit: non enim est diia,
752 1565 1238 1616 &c. i. quoniam, cum sit impossibile vt mo¬
756 1605 1245 1643 tum finitum moueatur per spatium infini¬
754 1636 1247 1693 tum in tempore finito, aut motum infi
759 1679 1239 1722 nitum in tpere finito, manifestum est,
760 1725 1250 1768 quod impossibile est vt motus ifinitus
759 1754 1247 1794 ut in tpere finito. quoniam, si fuerit infini¬
759 1794 1253 1850 tus, aut erit per magnitudinem infini
