1416 2066
195 189 702 227 eius in vacuo. sed iam declarauimus
214 228 708 276 quod motus eius mediante vacuo, &
210 265 704 320 corpore subtiliori est aequalis, quia
211 305 695 346 est in eodem tempore. quod est in com¬
206 349 708 386 ueniens. motus enim in vacuo debet
206 381 709 426 esse velocior. Et Arist. induxit hanc
210 423 706 475 demronem secundam perper hoc, quod
214 461 694 515 sciuit de quodne accidente primae de¬
213 500 701 553 monstrationi, quoniam in propositioni¬
214 540 703 578 bus huius demonstrationis non est
206 581 706 619 dubitandum, nisi in propone dicen
206 621 705 670 te, quod possibile est imaginari corpus,
209 656 694 698 cuius proportio in subtilitate ad ae¬
206 701 703 746 rem sit sicut proportio temporis, in
213 733 700 788 quo est motus. v. g. in aere, aut in
216 773 698 827 vne, ad tpeos motus in vacuo. dicitur enim quod
210 811 701 865 ista propositio est falsa impossibi¬
208 853 701 903 lis, non falsa possibilis. impossibile
211 893 701 930 ni. est inueniri extra animam corpus
210 929 704 979 subtilius igne. ergo impossibile, quid
201 969 698 1022 existimabatur sequi, non sequitur.
209 1006 702 1058 quoniam tunc potest dici quod illud impos¬
211 1047 700 1090 sibile sequitur expositione falsa, non
204 1087 698 1131 exposito. Et videtual quod ita est de subtili¬
204 1132 703 1170 tate et spissitudine, sicut est de diuisio
205 1165 703 1211 ne linea, & superficiei, quoniam, quem¬
204 1213 701 1250 admodum linea, secundum quod est linea, po
213 1245 697 1290 test diuidi in infinitum, quid est im¬
214 1284 699 1336 possibile, secundum quod est linea terrestris,
206 1325 702 1377 aut ivnea, ita de subtilitate potest
212 1354 702 1416 ntelligi processus in infinitum ex
205 1404 699 1455 sua natura, scilicet secundum quod est subtiliras sim¬
216 1445 710 1498 pliciter, non secundum quod est subtilitas cor¬
214 1492 703 1537 poris mobilis. & secundum hoc haec propo
214 1524 702 1576 sitio posita est falsa possibilis, secundum quod
212 1564 702 1618 fuit posita. & ex falso possibili non
207 1604 705 1658 sequitur falsum impossibile. & hoc
210 1644 710 1682 modo declarationis naultotiens vti
206 1692 709 1723 tur Arist. & etiam Plato. & est vera
207 1725 707 1774 declaratio. quoniam non ponitur
206 1762 695 1812 falsum in eo, secundum quod est fal
213 1803 704 1855 sum impossibile, sed secundum quod
207 1842 497 1898 est falsum possibile.
772 179 1247 226 Manifestum est igitur quod, si erit li
732 225 1217 283 aliquid tempus, in quo per vacuun
735 268 1227 322 quoduis feretur, accidet hoc in¬
730 309 1235 362 possibile. in aequali enim accipietur
735 356 1235 402 aliquid & quod plenum est transi
735 396 1231 443 re, & vacuu. erit enim aliquod pro
733 446 1227 489 portionale corpus alterum ad al¬
736 484 1230 531 terum, vt tpers ad tpeos. vt autem in
735 525 1225 578 summa dicam, manifesta est eius,
733 565 1230 626 quod euenit, cam. quia motus quidem
737 613 1221 661 omnis ad motum est proportio: sin
730 653 1219 712 tempore enim est: 7temporis aute
738 700 1231 743 omnis est ad tempus, finitis vtrisque
735 741 1225 786 vacui autem ad plenum non est.
778 793 1231 860 Apparet igitur quod, si fuerit
736 845 1227 906 aliquod tempus, a quo aliquid expel¬
740 892 1219 954 latur ex vacus, erit impossibile.
734 941 1237 1002 quoniam inuenitur aliquid, quod
730 988 1232 1046 pertransit in tempore aequali, siue
735 1037 1227 1098 plenum, siue vacuum fuerit illud
737 1085 1227 1146 in comparatione corporis, sicut ten¬
739 1133 1227 1195 pus habebit proportionem ad tem
739 1177 1217 1242 pus. Et dico hoc, quod causa eius
733 1236 1229 1298 quod sequitur ex hoc, est manife¬
734 1283 1228 1346 sta. & est quod quilibet motus ha
736 1332 1231 1395 bet ad quemlibet motum aliqua
735 1381 1224 1442 proportionem: motus enim est in tem
735 1429 1231 1491 pore: & omne tempus habet pro¬
736 1477 1236 1538 portionem ad omne tempus, cum
743 1524 1238 1578 fuerint finita: sed vacuum, aut
736 1577 1226 1642 plenum non habent proportionem.
761 1644 1234 1695 Hic inducit summam eius, quod
738 1684 1229 1733 praedixit in hac demonstratione, &
735 1725 1239 1769 dixit: Manifestum est igitur ex hoc, quod
738 1765 1234 1802 si fuerit positum aliquod tempus, in
738 1803 1241 1849 quo aliquid mouetur in vacuo, con
735 1845 1241 1890 tingit impossibile. quod est aliquid
736 1878 1235 1930 pertrausire in aequali tempore spa¬
