1416 2066
195 172 693 218 paratio eadat inter illa duo in eadem
202 215 690 267 specie coloris: quoniam in istis potest esse
206 254 694 305 comparatio, & coniunctio, ver. g. in
202 292 685 344 duobus albis: quoniam possibile est dicere al
203 328 691 374 terum esse albius reliquo, aut similiter &
205 366 689 410 hoc intendebat cum dixit: non in¬
205 404 699 458 telligendo, &c. i. & illa, quae conueni
202 445 688 495 unt in colore, qui est genus, & diuer
206 480 694 523 santur secundum differentias, verbi
207 523 690 571 g. album, & nigrum, non comparantur
202 556 699 602 adinuicem, ita, quod dicatur quod hoc est
211 594 690 641 magis coloratum, quae hoc, sine eo, quod
207 632 705 674 comparatio cadat inter illa in eodem
208 677 701 719 colore, quoniam tunc comparatio erit ve
204 709 695 746 ra. nam idem color in specie est idem
204 745 696 786 in forma, & subiecto. D.d. sed in ca¬
210 782 693 832 pso coloris. i. & diximus, quod compa¬
211 819 703 871 ratio inter illa non est vera in gnere
206 861 699 902 coloris, non in specie. & ideo dixit: &
206 900 703 939 coniunguntur secundum albedinem. i. &
208 935 698 984 coniunguntur, quando accipiuntur, secundum quod
207 972 695 1020 sunt in eadem specie. v. g. in albedine.
205 1010 697 1058 Et, cum verificauit quae sunt communiun¬
201 1052 694 1095 gibilia, & quae sunt ea, quae conueniunt in
214 1083 692 1130 ratione, & subiecto, declarauit quod mo¬
210 1122 703 1163 tus, qui coniunguntur debent esse huiusmodi
210 1158 699 1209 & quod non dicitur eos esse aequales, nisi
207 1195 699 1243 conueniant in ratione motus, & in sub¬
205 1234 703 1276 iecto motus, quod est magnitudo,
195 1270 703 1309 deinde d. Et sic dicimus I motu, &c.
208 1309 704 1355 Et intendebat per hoc, quod impossibi
206 1345 695 1395 le est de quantitatibus esse aequales
202 1384 694 1426 nisi rectas tantum, aut circulares tam
207 1418 701 1468 tum, scilicet quae sunt eiusdem spe¬
204 1461 694 1498 ciei, cum istae sibi superponantur. & ide
204 1498 705 1538 dicimus quod quantitates curuae non
202 1540 698 1583 aequabuntur, nisi sint eiusdem circu
202 1572 699 1618 li. Quod autem dicunt Geometre,
202 1608 702 1655 quod linea recta est breuissima linea,
200 1645 698 1690 ducta inter duo puncta, dicitur lar¬
202 1684 692 1734 ge. & aequalitas dicitur de eis fere ae
210 1725 699 1771 quiuoce. & similiter hoc, quod di¬
201 1764 703 1802 cunt, quod circunferentia alicuius
199 1799 709 1851 circuli est aequalis figurae posygo¬
725 171 1243 218 niae, dixit: & Geometer decipitur in hoc I
722 213 1222 265 quia possibile est existimare lineam
719 255 1228 297 rectam, quae incuruetur, & fiat circu
722 290 1224 338 laris. &, quia hoc accidit in mente,
718 337 1185 387 attribuit hoc proprie Geometrae.
763 388 1221 434 Si autem aliud quidem altera¬
724 433 1226 474 tum est, aliud vero latum, aequa
722 477 1226 514 lisnem erit haec alteratio, & aeque
731 516 1221 554 velox lationius sed inconueniens
730 557 1229 601 est. causa autem, quia motus ha
730 597 1225 649 bet species, quare, si quae in aequa
727 636 1231 689 li tempore lata sunt per aequalem
727 678 1227 728 longitudinem, aeque velocia e¬
728 720 1223 762 runt aequalis recta, & circularis.
732 759 1221 802 vtrum ergo causa sit, quia latio
728 800 1227 850 genus sit, an quia linea genus:
726 845 1216 882 tempus enim semper idem, im¬
728 885 1231 930 partibile specie. An simtur illa spe
730 922 1224 963 cie differunt. etenim latio spes
730 965 1230 1003 habet, si illud, super quod moue
729 1004 1227 1056 tur species habeat. Amplius au¬
728 1045 1233 1098 tem, si per quod. vt si pedes, am
730 1084 1222 1130 bulatio, si animae, volatio. An non
734 1127 1228 1169 sed figuris latio est. Quare quae
729 1166 1231 1214 in aequali tempore mouentur per
732 1216 1230 1262 eandem magnitudinem, aeque
736 1257 1218 1291 velocia sunt. eandem autem in¬
733 1288 1223 1331 differentem specie, & motu in¬
733 1327 1023 1371 differentem specie.
778 1363 1229 1434 Si igitur aliquis dixerit quod,
726 1413 1227 1475 quando in ista congitudine demon
732 1460 1226 1523 strata, hoc alteratur, hoc vero tral
732 1509 1234 1568 fertur, ergo ipsa alteratio conuentt
725 1556 1237 1607 in velocitate cum transtatione, di¬
729 1602 1233 1666 cemus quod hoc est improbabile.
733 1655 1231 1699 et causa in hoc est, quia motus habet
735 1696 1237 1754 species. ergo necesse est, si illa, quae
730 1741 1235 1803 mutat in tepore aequali logitudies
730 1788 1234 1850 aquales, sint aequalis, velocitatis,
