1416 2066
189 172 696 235 Quod igitur aliorum motuum
194 224 690 267 continuum nullum contingit esse
203 262 687 306 ex his manifestum est. Omnes
201 304 695 353 enim ex oppositis ad opposita sunt,
199 347 682 401 & motus, & mutationes. vt ge
203 389 697 435 nerationi quidem, & corruptioni
198 429 694 474 ens, & non ens termini sunt. al¬
199 469 691 514 terationi autem contrariae passiones.
200 509 686 555 augmentationi vero, & diminu¬
200 549 684 594 tioni aut magitudo, et paruitas
200 589 696 642 aut perfectio magnitudinis, &
196 628 698 682 imperfectio. contrarij autem, qui in
201 673 691 722 contraria. id autem, quod non semper
204 712 694 754 mouetur hac motione, existit au¬
194 751 692 795 tem prius, necesse est prius quie¬
195 797 688 834 scere. manifestum est igitur quod que¬
195 834 691 874 scet in contrario id, quod mutatur.
203 874 684 914 Similiter autem & in mutationibus
201 916 693 962 opponuntur enim generatio, et
196 956 689 1009 corruptio simpliciter, & singu¬
198 995 687 1050 laris singulari. Quare, si im¬
200 1036 680 1090 possibile est simul mutari secundum op
204 1079 695 1129 positas, non erit continua muta
207 1124 691 1162 tio, sed inter ipsas medium erit tem
200 1162 688 1211 pus. nihil enim differt contrarias,
198 1205 690 1260 aut non contrarias esse, quae secundum com¬
201 1244 691 1293 tradictionem sunt, mutationes, si
204 1284 690 1341 modo impossibile sit simul eidem ad¬
204 1327 693 1370 esse. hoc enim rationi nihil vtile est.
203 1367 690 1410 Nec si non necesse est quescere in
201 1409 691 1462 contradictione, neque est mutatio
202 1454 686 1494 quieti contrarium: non enim fortas sis
204 1489 690 1536 quiescit, quid non est, corruptio
205 1533 680 1577 autem est in non ens. sed si solum me
204 1572 681 1619 dium sit tpeos: sic enim non est muta
207 1615 685 1668 tio continua. neque enim in priori¬
204 1656 688 1698 bus contrarietas vtilis erat, sed
202 1692 684 1738 non contingere simul esse. Non
206 1738 692 1786 oportet autem turbari quod idem pluri
202 1775 682 1818 bus erit contrarium, vt motus sta.
202 1822 691 1858 tui, & motui, qui est in contra¬
721 181 1231 234 rium: sed solum hoc accipere, quid
718 224 1216 278 opponitur quodammodo & mo¬
725 269 1212 311 tui, & quieti motus contrarius,
726 303 1216 346 vt aequale, & mediocre excedem¬
724 343 1219 401 ti, & ei, quid exceditur: & quod non
726 383 1208 426 contingit simuloppositos esse
718 429 1166 472 aut motus, aut mutationes.
772 466 1222 531 Dicamus igitur, quod apparet
721 514 1222 576 impossibile esse aliquem motum
724 558 1223 620 aliorum esse continuum ex hoc ser
725 620 1213 650 mone. Motus enim, & omnes mo
727 653 1217 714 di transmutationis sunt de opposi¬
720 701 1216 762 to in oppositu. v. g. quoniam duo ter¬
719 749 1230 808 mini generationis, & corruptiois.
723 794 1225 844 sunt esse, et non esse. & duo termi
720 841 1210 898 ni alterationis sunt duo contraria.
718 886 1214 947 & duo termini augmenti sunt ma
726 933 1211 994 gnitudo, et paruitas, aut perfectio,
721 982 1213 1042 & diminutio magnitudinis. & il
718 1029 1218 1090 la, quae sunt ad partes contrarias
725 1076 1211 1142 sunt contraria. & quod nunquam
720 1125 1215 1178 mouetur motu demostrato, et fuit
716 1169 1214 1229 ante necessario quiescens. manife¬
724 1213 1207 1276 stum est igitur quod transmuta¬
718 1260 1208 1323 tum quiescit, quando peruenerit
720 1309 1212 1354 in contrarium. Et secundum hunc
716 1356 1210 1410 modum est de modis trasmutatio¬
722 1405 1212 1462 num. corruptio enim et generatio sunt
718 1450 1217 1507 opposita simpliciter, & quae sunti
728 1493 1211 1555 vnoquoque, indiuiduo sunt opposita,
725 1540 1209 1602 eis, quae sunt in alio. Et ideo, si no
717 1589 1207 1650 fuerit possibile vt aliquid trans¬
716 1636 1207 1682 mutetur insimul duobus modis,
723 1682 1210 1739 transmutationis oppositis, impossi
721 1728 1213 1786 bile est vt transmutatio sit conti¬
714 1773 1212 1834 nua, sed necesse est vt inter ea sit
722 1820 1213 1882 tempus. non enim est differentia inter
