1416 2066
219 181 725 238 lignis non esset proprium superiori, &
220 221 717 267 tem aa inferiori. Et causa in hoc est.
236 268 717 313 quoniam a in dimensionibus abstractis,
234 310 709 346 & vacuo non sunt differentiae, quib
230 333 719 384 diuersantur, sed natura earum est com¬
232 380 714 426 similis: br fines autem corporum di
235 429 721 466 uersantur secundum diuersitatem natura¬
229 461 714 508 rum corporum: vnde in eis inuenitur
220 498 721 550 superius, & inferius: com ideo corpo¬
229 539 721 581 ra mouentur ad sua vltima propria,
234 575 711 634 vt perficiantur per illa, & vt tangant illa.
262 645 712 691 Si autem esset aliquod spatium
223 692 715 731 aptum natura, ac manens in eo
227 728 715 782 dem loco, infinita vtique essent lo¬
229 773 713 827 ca. translato enim aere, & aqua, idem
230 814 712 858 facient partes omnes in toto,
230 856 721 903 quod nunc tota aqua in vase. si¬
230 901 711 942 mul autem & locus erit muta¬.
230 942 698 987 tus: quare erit loci & alius locus
232 988 720 1034 & multa loca simulerunt. non
232 1029 719 1066 est autem alius locus partis, in
226 1068 721 1114 quo mouetur, cum totum vas trans
226 1109 716 1168 fertur, sed idem. in quo enim sunt,
230 1152 720 1202 vicissim transferuntur aer, &
229 1197 714 1250 aqua, aut partes aquae, sed non,
224 1237 719 1295 in quo sunt, loco, qui pars est eius
226 1278 681 1323 loci, qui est locus totius coeli.¬
272 1325 708 1387 Et, si esset aliqua dimensio no
232 1381 718 1419 ta permanens in eadem dispositio¬
224 1420 725 1491 ne, tunc loca essent infinita. aqua.
225 1473 720 1531 enim et aer, quado transferuntur par
224 1518 725 1586 tes, faciunt in toto, quod aqua tota
229 1567 718 1618 facit in vase. & cu hoc locus erit
226 1615 720 1674 translatum: & sic locus etiam ha
222 1664 722 1715 bebit alium locum, & erunt mul
221 1725 718 1763 ta loca insimul. & locus partis, in
220 1764 721 1822 quo mouetur, quando transfertur
226 1811 723 1866 totum vas, non est alius locus, sed
220 1860 713 1922 idem locus euim, in quo est aer, &
747 180 1256 243 aqua, & partes aquae, est ille, qui¬
748 244 1248 290 transsertur, quia non veniunt in
743 277 1242 331 illum locum, qui est pars inloco,
748 330 1133 394 quia est locus ex toto coelo.
789 380 1235 431 Istae sunt aliae rationes, ex quibus
752 418 1242 470 declarat quod impossibile est dimensio
746 460 1242 498 nes esse separatas per se extra mate
757 495 1242 538 tiam, & formam, & omnia accidentia, si¬
754 534 1238 578 cut existimant dicentes vacuum esse.
772 573 1240 627 Et dixit: Et, si esset hic dimensio a¬
748 613 1244 658 ta, i. existens per se extra subiectum, i. si
755 654 1245 708 tres dimensiones, quibus corpus defi¬
749 700 1241 738 nitur, existunt per se sine subiecto. D.d.
750 731 1240 781 permanens in eadem dispone, i. non trans
751 773 1238 823 mutabilis, neque translatabilis, secundum quod
745 816 1245 864 existimant opinantes hoc. D.d. tunc
751 851 1235 891 loca essent infinita, &c. i. quoniam, si locus
743 885 1239 931 essent dimensiones abstractae a mate
746 926 1236 979 ria, in quibus dimensiones corporis
744 967 1238 1010 subiicientur, contingeret loca esse infi
753 1005 1245 1056 nita. continget enim vt totum corpus lo¬
749 1044 1247 1096 catum, & partes eius sint in loco essen
749 1082 1237 1122 tialiter. quoniam, si locus sit tres dimensio
751 1121 1239 1171 nes, in quibus subilciuntur dimen¬
750 1161 1244 1203 siones corporis, & corpus, & quaelibet
750 1199 1239 1249 pars eius habet tres dimensiones,
745 1237 1240 1282 necesse est vt subiectio totius in loco
754 1277 1239 1322 sit ad modum subiectionis partis
753 1317 1245 1372 adeo, quod quando aer, aut aqua intrat in
756 1356 1241 1403 vas, subilcientur secundum tres dimensio¬
752 1397 1249 1442 nes in tribus dimensionibus vasis scilicet
746 1437 1243 1488 quae sunt inane. & similiter contingit vt
747 1474 1245 1525 medietas aquae secundum tres suas dimen¬
748 1513 1244 1556 siones subiiciatur in tribus dimensioni
759 1556 1241 1606 pus, quae sunt medietas dimensionum
751 1591 1237 1640 primi loci, & sic de medietate me¬
746 1633 1241 1681 dietatis, & sic proceditur in infinitum,
753 1670 1237 1714 ex quo contingit loca esse infinita
751 1710 1241 1765 cum hoc, quod contingit quod dimensio¬
752 1755 1246 1803 nes partis subilciuntur etiam in dimen¬
754 1789 1251 1835 sionibus, in quibus totum subilcitur,
753 1829 1243 1870 & sic erunt dimensiones in dimen¬
746 1868 1251 1914 sionibus in infinitum. pars enim indiget
