1416 2066
177 181 695 226 tium leuium in salute illius speciei
194 222 688 275 erit casu. licet hoc in pluribus rerum
194 262 691 306 naturalium videatur est conuerso. ani¬
193 304 695 346 malia enim testea, si natura non in
198 340 693 386 tendisset custodiam, deberet descen
192 381 502 432 disse in eis pars testea.
241 420 695 466 Attamen non sine his quidem
187 468 693 512 factus est, non tamen propter haec,
194 505 686 554 nisi vt propter materiam, sed cam
190 549 685 594 abscondendi quaedam, & saluam¬
197 593 689 634 di. Similiter vero & in aliis om¬
198 632 685 691 nibus, in quibuscunque ipsum, pr
197 676 689 730 pter aliquid est, non sunt quidem
197 716 699 762 sine ijns, quae necessariam hiabunt naturam,
186 767 690 810 non tamen sunt propter haec, nisi vt
197 801 689 851 materia sunt, sed propter aliquid
195 842 690 893 vt propter quid serra est talis es
200 881 692 936 vt hoc, & huius gratia sit. hoc ta
192 926 686 970 men cuius gratia, non potest fie
188 965 686 1015 ri, si non ferrea sit. necesse est igi
191 1007 694 1059 tur ferream esse, si serra erit, &
195 1054 693 1106 opus ipsius. ex suppositione igi
196 1092 696 1139 tur necessarium est, sed non vt
194 1137 689 1178 finis. nam in materia necessarium
191 1176 695 1227 est, id autem, cuius gra fit, in ratione.
238 1220 694 1283 Et verum est certe quod partes
189 1269 688 1331 non esset sine istis, sed esse eius non
200 1316 694 1383 fuit propter ista, nisi intelligas per
197 1364 692 1431 hanc praepositionem propter, ma¬
195 1412 685 1474 teriam, sed propter custodiam, &
185 1461 685 1522 salutem, & propter istas fuerunt
191 1509 697 1562 illa. Et eodem modo est de omnibus
194 1561 689 1621 quae sunt propter aliquid. no enim
187 1610 690 1672 sunt sine illis, quae habent aliquam
189 1658 697 1717 naturam necessariam, sed esse eo¬
191 1705 697 1766 rum non propter hoc existimatur
188 1756 690 1814 materia, sed propter aliquid, ver.
195 1805 689 1867 gr. serra quare est talis?& dice¬
192 1853 699 1915 tur, vt agat aliquid, aut propter
721 181 1242 234 aliquid, & quod agit hoc, & est I
722 229 1225 290 propter illud, no est aptu nisi sitex
722 278 1223 338 ferro. exquo sequitur necessario ut
722 329 1227 393 sit exferro, si fuerit serra, & sua
723 379 1222 434 actio fuerit eius actio, expositione,
720 426 1226 490 ligitur est necessitas, non ex sine in
725 476 1225 536 tenta. necessitas enim est in ma¬
725 524 1228 586 teria, & illud propter quid est in
726 573 890 634 definitione,
766 643 1210 698 Et verum est quod paries non pont es
722 685 1218 739 se sine illis grauibus, & leuibus, quae
722 724 1226 776 ita hiasunt se ad illum quasi materia, sed
722 767 1214 818 esse parietis non fuit perper hanc cam,
722 804 1225 852 qua est graue, & leue. nisi quis intelli¬
718 844 1220 893 gat per hanc praepositionem perper, causam
722 881 1219 928 finalem intentam per artem, & est
724 920 1223 962 custodia, & salus. tunc enim erit ve¬
718 957 1220 1010 rum dicere, respondendo ad quare
717 997 1225 1051 fuit paries, quod paries fuit prper suam cau¬
719 1037 1229 1082 sam. D.d. Et eodem modo, &c. i. &
725 1075 1219 1129 eodem modo est de omnibus, quae ge¬
725 1117 1214 1166 nerantur perper aliquem finem intentum.
731 1157 1223 1205 uoniam impossibile est vt sit aliquid si¬
725 1192 1221 1246 ne illis, quae habent naturam neces¬
724 1232 1223 1275 sariam in esse eius, sed esse eius a ta¬
722 1271 1226 1314 li materia scilicet necessaria generatione
723 1309 1225 1354 sua non facit existimare quod prper mate¬
722 1348 1217 1401 riam fuit tale, sed opinandum est quod
721 1390 1225 1435 ipsum esse tale est, propter aliquid, &
722 1429 1226 1474 intendebat hoc, cum dixit: sed esse
722 1469 1228 1519 eius, &c. i. sed ipsum esse huiusmodo scilicet quoda
731 1509 1231 1560 lla sunt necessaria in suo esse, propter
720 1549 1226 1586 hoc non debet quis existimare quod ma
724 1582 1220 1625 teria est causa esse eius, sed opinan¬
725 1627 1231 1674 dum est quod esse eius est propter ali¬
730 1662 1225 1714 quid. Et in libro Alex. dicitur sed
727 1703 1229 1755 non propter ista, sed propter mate¬
730 1743 1222 1785 tiam. i. & illa, quae sunt ante finem
726 1781 1223 1826 in re, non dicuntur esse causae finis,
726 1823 1229 1866 nisi secundum modum, secundum quem materia
729 1860 1235 1899 est causa finis, immo finis est causa
