1416 2066
199 189 718 247 mouetur. quoniam inter quantita¬
214 233 702 298 tes velocitatis non est comparatio.
218 301 719 356 Et contingit istis hoc, quoniam, cum di¬
215 349 708 385 xerint quod causa leuitatis est vacuum,
211 388 713 431 non possunt dicere quae sit causa gra
214 421 708 459 uitatis. quoniam, si dixerint ipsum esse ple¬
215 457 701 499 num, contingit vt non inueniatur
214 493 706 547 graue simpericitur neque leue simpliciter,
216 535 713 579 sed grauius, & leuius, vt dictum est in
226 575 694 611 quartoCoeli, & Mundi. illic enim contra¬
218 612 714 662 dictum est istis perfecte. D.induxit
216 652 708 690 etiam aliud inopinabile, & dixit: Et
219 688 709 742 manifestum est etiam, &c. i. quoniam, si ra¬
214 728 706 779 rum est illud, quod penetrat vacuum,
199 766 704 818 & vacuum est causa motus ad supe
221 813 707 858 rius: manifestum est, quod quanto cor¬
224 852 698 897 pus fuerit magis rarum, tanto ma
217 884 699 936 gis mouebitur velocius ad superius
221 932 707 971 quia erit maioris vacuitatis: contin
222 962 704 1012 git igitur necessalio, cum aliqua duo
218 1000 704 1042 mota ex istis fuerint diuersa in velo
215 1040 699 1082 citate, & tarditate, vt proportio mo¬
214 1077 708 1123 tus alterius ad motum reliqui sit, sicut
222 1118 703 1168 proportio raritatis ad raritatem. cum
211 1156 700 1203 ligitur imaginati fuerimus vacuum
215 1205 694 1249 moueri, tunc illic non erit propor
216 1235 702 1276 tio. vnde necesse est vt motus eius sit
214 1274 700 1327 indiuisibilis, & in tempore indiuisi¬
221 1312 703 1367 bili. Et ideo dixit: Dignius est igitu
207 1352 708 1400 vt sit impossibile vt moueatur, scilicet va
214 1396 705 1443 cuum: quia sequitur vt motus eius
213 1429 705 1474 sit non in tempore. &, si non fuerit
208 1472 704 1521 concessum nobis quod motus vacui est
208 1514 703 1563 non in tempore, probabimus quod pos
214 1548 700 1602 sibile est inueniri aliquod motum, cum
206 1596 698 1640 positum ex vacuo, & pleno, quid per¬
212 1628 700 1678 transit cum solo vacuo idem spatium
203 1666 700 1720 in eodem tempore. quod est valde
209 1706 701 1746 inopinabile. Et vniuersaliter im¬
210 1742 696 1798 possibile, quod contingit istis, est si¬
210 1782 701 1837 mile impossibili contingenti dicenti
208 1821 707 1866 bus vacuum esse causam motus sim
207 1867 711 1914 pliciter. & ideo dixit: & ratiocinatio
738 181 1237 234 est eadem, &c. i. & impossibile con¬
742 223 1231 275 tingens dicentibus vacuum esse cau¬
742 261 1231 316 sam translationis ad superius est siile
745 303 1233 357 impossibili, quod contingit dicenti
745 333 1235 378 bus vacuum esse causam motus in lo
738 379 1234 430 co. non est enim comparatio inter id, quod
742 418 1238 466 mouetur in vacuo solo, & illud, quid
741 462 1239 498 mouetur in pleno, apud dicentes va
741 493 1237 538 cuum esse causam translationis ad
737 533 1240 579 superius, ita, quod est vbi, nec inter illud,
747 572 1235 621 quod mouetur, cui admiscetur va¬
740 612 1243 661 cuum, & ipsum vacuum, apud dicem
747 649 1235 690 tes vacuum esse causam translatio¬
739 689 1231 742 nis ad superius, ita, quod est motor ple¬
737 727 1237 782 ni. &, cum contingit istis duobus ser¬
740 768 1233 810 monibus vt inter velocit. ites non sit
743 807 1239 858 proportio, & quod vacuum mouetur non
739 852 1229 897 in tempore, contingent hae duae de¬
739 885 1231 937 monstrationes similes, quae contin¬
734 924 1238 973 gunt illis scilicet demonstrationi inducem
735 961 1233 1002 ti ad hoc, quod motus sit non in ten¬
740 1003 1232 1050 pore, & demonstrationi inducenti
735 1038 1230 1083 ad hoc, quod idem motum moueatur in
740 1079 1234 1123 vacuo, & pleno, eodem spatio, & in
741 1116 1233 1162 eodem tempore. contingit enim istis quod
738 1155 1238 1195 plenum, & vacuum moueantur eodem
737 1192 1233 1248 spatio, in eodem tempore. Hae igitu
735 1235 1236 1274 duae rationes, sicut dixit, sunt eaedem
739 1277 1231 1313 secundum similitudiiem, & terminus me¬
737 1312 1159 1354 dius in eis est idem secundum genus.
751 1357 1227 1414 Quod non absque ratione dubitent po¬
775 1400 1193 1453 nentes Vacuum esse, earumque du¬
810 1440 1158 1490 bitationum solutio. Cap, 6.
870 1476 1238 1522 Voniam autem vacuum
861 1523 1235 1565 quidem non dicimus es¬
863 1564 1235 1621 se, alia vero dubita¬
741 1613 1227 1650 ta sunt vere, aut motus non erit.
734 1655 1239 1691 si non erit desitas, & raritas, aut
733 1693 1233 1743 fluctuabit coelum, aut semper¬
732 1741 1239 1787 aequalis aqua ex aere erit, & aer¬
731 1777 1235 1827 ex aqua. manifestum enim est quod
738 1821 1238 1870 plus aeris ex aqua fit. Necesse
739 1861 1233 1914 est igitur, si non est constrictio,
