1416 2066
214 181 719 226 Est autem & in mouente si¬
218 229 719 267 militer. Aliud enim secundum accidens
219 268 710 310 mouet, Aliud vero secundum partem,
223 311 714 346 ex eo, quia partium huius ali¬
224 344 710 387 qua, Aliud vero per seipsum
223 386 723 433 primum, vt medicus quidem
226 429 677 466 sanat, manus vero percutit.
277 465 718 522 Et ita est de motore. Quoniam
222 509 719 570 alius mouet per accidens, et Alius
226 565 713 611 mouet, quia pars eius mouet, &
222 602 727 650 Alius mouet per se primo, verbi
219 647 722 707 gratia medicum sanare, & ma¬
225 709 461 754 num percutere.
218 749 718 800 Cum declarauit quod motum diui¬
220 790 718 826 ditur in illos tres modos, declarat etiam
229 829 724 870 quod in motore inueniuntur illi tres
229 861 717 912 modi scilicet Motor per se. v. g. medicum
227 901 714 938 sanare alium ab infirmitate, & Mo
223 934 719 977 tor per accidens. v. g. musicus sanat
226 973 710 1022 se, quoniam accidit musico vt sit me¬
235 1009 717 1050 licus, aut medicus sanans se. medi¬
236 1047 711 1090 tus enim non sanat per se, nisi aliud,
228 1085 711 1136 cum res artificiales non agant in se,
230 1121 721 1170 nisi per accidens, econtrario ei, quod
238 1160 718 1202 lictum est in definitione naturae. Il
226 1196 720 1245 lud autem, quod dicitur mouere, quia
230 1236 713 1279 pars eius mouet, est, vt cum diximus
232 1269 719 1314 poc. mouet hoc pondus, licet non
214 1310 716 1346 moueat nisi manu tantum. D.d. &
227 1345 716 1396 manum percutere. hoc est exem¬
238 1384 717 1433 plum de illo, quod mouet secundum par¬
224 1428 707 1469 tem scilicet Soc. percutere, licet non percu
222 1459 713 1502 tiat, nisi manu: aut dicere manum per¬
225 1501 711 1538 cutere, licet non percutiat, nisi pers eius
259 1548 717 1603 Qam autem est quidem aliquid
226 1596 715 1634 mouens primum, est autem ali¬
226 1632 723 1675 quid, quod mouetur, ad haec in
230 1672 717 1722 quo tpens, & praeter haec ex quo,
226 1711 718 1755 & in quod. Omnis enim motus ex quo¬
228 1753 721 1803 dam, & in quiddam. alterum enim est
216 1794 716 1842 quod primum mouetur, & in quod
749 180 1256 234 mouetur, & ex quo, vt lignum, et
750 224 1243 266 calidum, & frigidum, horum au¬
746 261 1248 315 tem, aliud quidem quid, aliud ve
751 304 1238 359 ro in quid, aliud autem ex quod
752 341 1247 386 motus manifestum est quod in li¬
748 389 1247 434 gno est, non in forma. neque enim
742 428 1243 474 mouet, neque mouetur forma,
748 476 1247 520 aut locus, aut ipsum tantum.
796 506 1243 565 Et, quia est hic aliquis motor
753 549 1243 610 primo, & aliquid motum primo,
753 597 1235 658 & cum hoc aliquid, in quo est mo¬
746 644 1241 698 tus scilicet tempus, & praeter ista ali¬
747 689 1241 747 quid, ex quo est, et aliquid, ad quod
750 736 1256 794 est. omnis enim motus est ex aliquo, et,
749 781 1243 842 ad aliquid, & illud, quod primo
742 829 1238 890 mouetur, est aliud ab illo, ad quod
749 872 1241 930 mouetur, & ab illo, ex quo mo¬
748 917 1241 979 uetur. v.g. quonia lignum est aliud
743 974 1240 1026 a calido, & frigido. & primum
745 1012 1247 1074 istorum est motum, & secundum
749 1061 1245 1114 est illud, ad quod est motus. et ter¬
745 1109 1233 1154 tium est illud, ex quo est motus.
751 1153 1246 1214 manifestu est igitur ex hoc quod
749 1198 1241 1259 motus in ligno non est forma. for¬
747 1258 1243 1306 ma enim non mouetur, neque mouet.
748 1293 1219 1354 neque, locus, neque, talis quantitas.
782 1341 1237 1396 Cum distinxit illud, quid est per se,
745 1383 1239 1426 ab illo, quod est per accidens, in mo¬
749 1420 1245 1470 tore, & moto, incoepit numerare com
748 1458 1234 1500 sequentia motus ad declarandum,
750 1495 1245 1543 quae eorum sunt, quibus attribuitur,
747 1540 1242 1580 motus per se. vt ex hoc veniat ad nu
753 1573 1238 1612 merandum species motus, & dixita
747 1608 1239 1658 Et quia est hic, &c. i. &, quia in om¬
746 1647 1246 1693 ni motu inueniuntur quinque scilicet Mo
742 1685 1238 1735 tor per se, & Motum per se. Et hoc
743 1719 1247 1771 intendebat, cum dixit primo. pri¬
749 1757 1242 1805 mum enim est quandoque synonymum ei, quod
746 1796 1245 1850 est per se, & quandoque dicitur magis pro
