1416 2066
183 180 685 228 Ad haec autem adhuc & hoc ali¬
194 221 686 266 quis dubitauerit, nisi quis aliam
193 265 684 306 supposuerit contrarijs naturam
195 306 691 354 Iullius enim videmus eorum,
198 348 685 399 quae sunt, substantiam, contraria,
190 389 686 435 principium autem non de subiecto
195 428 688 480 oportet dici aliquo: erit enim
195 477 689 523 principium principii. subiectum
198 516 683 554 enim principium, & prius videt
190 551 692 594 esse praedicato. Amplius non esse
196 597 689 634 dicimus substantiam contrariam
194 637 687 691 substantiae. Quomodo igitur ex
194 676 686 726 non substantijs substantia vtique
202 721 684 762 erit caut quomodo prius non sub
194 757 590 811 stantia quae substantia erit¬
239 799 688 858 Et, cum hoc etiam ambigit homo
197 844 685 907 in hoc, narrabo, si non posuerit con¬
198 893 693 938 trarioru aliam natura. Non enim
203 941 689 1003 videmus contrariam esse substan¬
199 997 695 1035 tiam alicuius rei. & principiu non
193 1037 683 1096 oportet vt dicatur in subiecto ali¬
194 1082 686 1147 quo: debet enim esse principiu prir
194 1130 687 1191 cipu. subiectum enim est aliquod
198 1178 696 1239 principium, & existimatur quod
198 1221 691 1282 est prius praedicato de illo. Et etiam non
191 1269 689 1333 dicimus, quod substantia est con¬
183 1317 688 1378 traria substantiae. Quomodo icitur
197 1364 701 1426 potest esse substantia ex non substan
199 1411 693 1467 tias & quomodo potest esse no sub¬
194 1458 563 1522 stantia prior substantias
237 1516 696 1564 Quia ratio coegit principia esse
202 1562 698 1599 contraria, induxit secundum sermonem com
202 1597 693 1642 tradicentem illi, vt contradictio istorum
206 1637 699 1689 duorum sermonum cogat nos ad po¬
199 1676 701 1714 nendum aliquod tertium aliud a con
204 1708 694 1752 trarijs, vt est proprium sermonibus
201 1749 693 1794 disputatiuis dicentibus, scilicet quando illud,
198 1796 701 1838 quod accipitur simpirsitu, in vtroque ter
197 1826 691 1875 minatur secundum partem veram. & iste ser¬
716 180 1232 218 mo dispntatiuus est, quod contraria non l
720 221 1214 259 sunt substantia alicuius. contraria enim
717 254 1218 299 dicuntur in subiecto: substantia autem non
718 295 1220 337 dicitur in subiecto: ergo contraria non
719 333 1217 388 sunt substantiae: sed principia debent
716 374 1217 424 esse substantiae, quia principium substam
721 412 1210 463 tiae est substantia: ergo contraria non
717 452 1208 490 sunt principia. sed ista consecutio non
721 491 1203 531 est recta, cum apparuerit quod prima com.
714 527 1207 570 traria sunt priuatio, & forma. Dein
719 566 1209 617 de induxit secundam rationem istius ge¬
725 605 1217 651 neris, & est, quod contraria non sunt sub¬
721 645 1215 681 stantiae, cum substantia non sit contra¬
721 681 1217 723 ria substantiae: & principia sunt sub¬
720 721 1203 770 stantiae, quoniam principia subae sunt subae
742 758 1215 802 Et modus conuenientiae, inter has
720 797 1217 849 duas rationes est, quoniam, cum posuerimus
718 837 1210 886 subiectum istorum principiorum, quod est
724 876 1212 914 substantia, & quod alterum contrariorum
718 914 1210 954 est priuatio, & quod hoc est subiectum
717 950 1213 1003 illi, & formae, dissoluentur omnes quae¬
722 987 1208 1038 stiones, & verificabitur, quod principia
723 1026 1208 1066 omnia sunt contraria. & Tsimiliter
720 1068 1216 1106 etam nihil prohibet vt substantiae sint
720 1106 1209 1154 contrariae secundum formas. non contrariae
720 1144 1200 1186 secundum subiectum. & sic dicere, quod substan
721 1188 1211 1227 tia non est contraria substantiae, est ve
721 1221 1204 1258 rum secundum subiectum, & quod substan¬
726 1261 1209 1299 tia est contraria substantiae secundum formam
726 1298 1204 1338 est verum. Et hoc adiuuat Alexan¬
728 1334 1217 1384 drum, cum dicit, quod in substantijs sim
730 1372 1216 1418 plicibus pot esse contrarietas, non in
726 1413 1223 1462 compositis. Et Alexander intelligit
722 1448 1216 1498 hoc, quod Arist. dicit in pdicamen¬
724 1493 1214 1537 tis, quod proprium est substantiae non
726 1522 1221 1575 habere contrarium, de substantijs com
726 1562 1217 1610 positis, non de simplicibus. Aristo.
730 1604 1216 1650 enim dicit in lib. de Generatione, quod
731 1636 1199 1690 corpora simplicia sunt contraria.
769 1701 1221 1747 Quocirea, si quis & priorem
732 1746 1226 1792 veram putabit esse rationem, &
727 1787 1219 1826 hanc, necessarium est, si debet sal¬
727 1826 1224 1875 uare vtrasque rationes, subiscere
