1416 2066
161 180 663 231 quatenus est cella, in potentia ad ip¬
165 223 666 266 sius cellae formam. Ex his icitur, quoi
170 254 674 313 sint principia, duoque esse per se, & vnum
171 309 666 352 per accuns, aperte haberi potest, & eo¬
173 339 667 393 rum vnumquodque quid sit, & quabi
175 381 670 431 seinuicem habeant, alterumque con¬
171 415 671 466 trariorum in gneratione esse priuatio
169 456 675 498 nem, alterum vero formam, & ho¬
169 492 669 544 rum subiectum esse materiam primam
172 533 673 571 ostensum est satis. Nec nos latere de¬
171 572 675 623 cet potentiam, ac possisitatem non es
175 613 675 650 se de essentia materiae, sed vnum ex¬
170 649 669 701 consequentibus eius. Immo re vera
170 686 670 731 materia est subiectum potentiae, &
170 724 670 779 possisbitatis. &, si potentia esset de suip
166 764 665 810 sius essentia, tunc materia esset sibi
172 804 669 851 ipsi materia: cum potentia dicatur in
173 843 669 895 relatione ad aliud, recepta igitur for¬
175 882 663 922 ma remouetur ab ea ipsa potentia: qua
170 918 664 971 propter potius nomen subiecti, quae po¬
179 958 667 995 tentiae tunc sibi vendicare, seu vsur¬
178 1003 669 1048 pare debet. Differt quoque manifeste
172 1037 662 1082 ipsa priuatio a potentia. quoniam poten
171 1067 639 1127 tia aliquid est, Iseu est aliquod esse
173 1112 673 1164 priuatio vero negatio est absoluta
178 1149 672 1202 sseu simpritr. MMateria igitur prima
175 1189 667 1234 est quid vnum subiecto, plura poten¬
175 1228 667 1282 tia, & priuationibus in ea exntibus,
176 1269 664 1321 veluti caera, quae quidem est subie¬
177 1308 669 1346 cto. vna, aptitudine tamen, quam habet
161 1344 669 1396 ad figuras recipiet: das, plures. Quid
172 1387 664 1428 igitur interest inter subiectum, poten
172 1419 669 1466 tiam, & priuationem ex his haberi
172 1463 274 1514 potest.
303 1508 516 1552 Caput Quartum.
182 1541 668 1589 CAhis autem, quae de essentia
178 1562 654 1619 Dhuius naturae declarata fuere
178 1619 664 1669 dubium, quo Antiqui ipsam gneratio¬
173 1653 661 1706 nem tollebant, ensque esse vnum pu¬
180 1694 671 1749 tabant, & quod id, quod ex ipsa generatio
174 1741 671 1788 ne comprehendi potest, est aggrega
180 1772 670 1826 tio, & disgregatio, vel dissipatio, &
176 1815 664 1861 exitus, vt nonnulli opinati sunt, sol
171 1853 675 1898 uere quidem haud difficile est. Du
700 181 1211 232 bium autem ita format. Si aliquod
702 221 1205 275 ens generatur, vel ex ente, vel ex non
699 268 1196 306 ente gneratur. sed non ex non ente, cum.
698 297 1197 347 impossibile sit, aliquid ex nihilo gigni,
699 338 1191 390 cum priuatio nequaque possitus trans¬
702 375 1196 428 mutari. quoniam priuatio non recipitus trans
701 418 1195 465 mutationem. neque ex ente, quoniam
706 454 1195 506 pporteret genitum inueniri anteque
700 493 1194 531 sit. Incurrebant autem hanc ambi¬
694 540 1194 580 guitatem adeo, quod fuerunt coacti in
702 571 1199 622 re gnerationis sensum abnegare, pro¬
703 608 1201 661 pterea quia in Logica facultate pa¬
695 646 1198 692 rum exercitati erant. Nos autem du¬
700 686 1191 738 bium soluimus, cum dicimus quod , si
698 725 1190 782 dicitur aliquid generari, vel ex non ente, vel
700 770 1192 819 ex ente, & tadem quicquid agit ali¬
698 805 1186 854 quid, vel ab aliquo patitur, id quidem
694 845 1197 883 dupsciciter dici, vno modo per se. vt cum dici¬
700 892 1191 924 mus medicum mederi. alio vero per
701 926 1197 963 acciuns, vt cum dicimus medicum aedi¬
700 957 1196 1001 ficare, si accidat ipsum medicum aedi¬
701 997 1196 1050 ficare. His igitur sic stantibus, cum
699 1036 1198 1090 dicimus gnerationem ex non ente fic
702 1075 1198 1130 ri, dupiclicitur id intelligi pot. Primo scilicet per
698 1116 1198 1168 se, ita, vt priuatio sit gnerationis subie
701 1152 1196 1194 ctum: & hoc est illud impossibile, quod
698 1187 1195 1234 imaginati sunt Antiqui, videlicet.
698 1228 1189 1274 non dari quid aliud. Secundo vero,
704 1269 1193 1321 vt sit ex non ente per accus, hoc est,
700 1317 1191 1366 quia ipsa priuatio accidit naturae
700 1349 1199 1388 iubiecti onationis, quid diximus non
698 1375 1190 1438 esse in actu, sed in potentia: quanuis
699 1423 1197 1466 huiusmodi acciuns sit quid necessarium ad
695 1461 1199 1516 esse ipsius gnerationis. & sic non sequ¬
701 1508 1192 1546 tur in hoc loco inconueniens, cum
697 1541 1199 1593 dicimus genenationem fieri ex non en
698 1580 1191 1624 te per accuns, ea ratione, quam diximus,
698 1619 1197 1659 neque, si dicimus priuationem hic es
703 1655 1191 1708 se causam per acciuns, volumus id accidis¬
702 1697 1189 1749 se causae essentiali, & ea non indigea
696 1736 1193 1778 mus ad gunmationem, vt dicimus me
696 1775 1194 1830 dicum esse causam domus, cum accidit
701 1813 1191 1853 medico esse aedificatori, sed eo pa¬
690 1854 1191 1898 cto, quod diximus. Lodemque exemplo
