1416 2066
190 172 692 227 incoepit declarare etiam quod necesse est
203 217 691 258 quod tempus sit vnum numero, & dixit:
206 253 692 297 Et quando, &c. idest etiam necesse est vt tem
197 300 694 342 pus motus sit vnum numero sine de¬
203 331 701 371 fectu, i. quod inter ipsum non cadat quies,
203 368 703 410 sed erit continuus, quoniam tunc non es
205 404 701 453 set vnus motus, quia tempus eius non
203 443 703 482 esset vnum. a quoniam illud, in quo est mo
205 480 701 522 tus, licet sit vnum numero, similiter
203 518 699 568 res mota, si mouebitur in temporibus
203 556 683 593 diuersis, tunc motus eius non erit vn
201 591 697 634 in numero. Deinde induxit tertium
206 636 696 667 necessarium, & est quod res mota debet
205 672 682 706 esse vna numero, & hoc essentiali¬
194 703 701 746 ter, non accidentaliter, & dixit: Et mo
203 744 695 786 tum debet esse vnum, non per accidens,
198 781 698 818 &c. i. & in hoc, quod motus sit vnus in
203 822 697 858 numero, necesse est quod res mota sit
204 854 699 898 vna in numero, non per accides. quoniam,
209 893 698 930 i fuerit vna per accidensi, tunc erit
215 926 697 966 ossibile vt moueatur duobus mo¬
211 965 691 1015 libus insimul in eodem tempore. ver¬
206 1005 694 1054 bi gratia quoniam albus, & Socrates sunt
202 1040 699 1091 idem per accidens, quando accidit quod
206 1076 697 1127 Socra. sit albus. & ideo possibile est
211 1117 695 1153 oc vnum per accidens moueri duo¬
202 1151 695 1193 bus motibus insimul, vt niger fiat,
200 1189 693 1237 secundum quod est album, & ambulet, secundum quod
205 1228 695 1278 est Socra. Deinde dixit: Neque commune.
206 1269 687 1307 & intendit illud, in quo est motus,
208 1301 693 1352 quoniam, cum declarauit, quod necesse
198 1341 700 1386 est, vt illud, in quo est motus, & etiam
198 1388 700 1426 tempus, sunt vnum in numero, vult
207 1414 697 1468 declarare, quod tempus esse vnum nu¬
204 1461 683 1498 mero non sufficit in hoc, quod mot
200 1493 691 1543 sit vnus numero, cum illud in quo
206 1536 692 1570 est motus, fuerit commune, non vnum nume
198 1566 693 1610 ro. & quasi dicit, & impossibile est,
207 1604 695 1650 si illud, in quo est motus, fuerit com¬
202 1644 698 1690 mune, vt motus sit vnus numero, li¬
204 1681 691 1732 cet tempus sit vnum numero. quoniam pos
205 1717 696 1757 sibile est, vt duo homines in simul
199 1757 690 1794 sanentur ex vna infirmitate in specie
201 1797 691 1835 in vno tempore, tamen sanatio eorum non
735 173 1239 218 erit vna in numero, sed in specie, scilicet
730 220 1232 266 motus, quo mouentui, licet tempus
732 252 856 291 sit idem,
773 293 1227 341 Socratem autem secundum eandem qui¬
731 333 1237 377 dem alterationem alterari spe¬
728 372 1237 420 cie, in alio autem tempore, & ite¬
725 412 1229 454 rum in alio, si quidem contingit
735 453 1237 503 corruptum iterum vnum fieri
731 500 1233 538 numero, erit & hic vnus. si vero
722 541 1240 578 non, idem quidem erit, vnus au¬
731 581 887 618 tem non.
773 613 1241 659 Si autem Socra. alteratur eadem
733 659 1231 707 alteratione in specie, sed hoc in ali¬
733 704 1233 762 quo tempore, deinde iterum in alio
724 749 1233 811 tempore. sed, si possibile est vt il¬
730 797 1237 859 lud, quod iam corruptum est, reuer
730 845 1233 890 tatur, & fiat vnum in numero,
729 888 1231 946 tunc motus possibile est, vt sit etia
737 932 1231 994 vnus. &, si illud fuerit impossibi¬
729 981 1236 1027 le, motus erit ille idem, sed non
731 1037 797 1074 vnus
766 1066 1228 1122 Haec est quaestio, circa hoc, quod
731 1109 1227 1160 dictum est. quod in hoc, quod motus sit v¬
724 1148 1235 1200 nus numero, necesse est vt tempus sit
732 1187 1229 1226 vnum numero. quoniam poent aliquis dice
727 1229 1237 1266 re quod, cum idem motum mouetur eodem
724 1262 1229 1306 motu in spe vna vice post alteram. i.
726 1309 1226 1346 pluries, verbi gra. vt modo moueatur,
730 1340 1239 1379 deinde quiescat, & inde reuertatur ad
733 1375 1227 1427 illum motum, quo mouebatur prius
732 1412 1227 1467 quod ille motus secundus, & primus
724 1452 1237 1490 sunt vnus in numero, eodem modo
731 1492 1239 1540 in generatione quod, cum idem indiui¬
728 1527 1229 1577 duum corrumpitur, deinde reuertitur,
733 1565 1233 1602 sunt vnum in numero. Et ideo dixit:
725 1604 1240 1650 Si autem Soera. &c. i. sed, cum posue
728 1651 1238 1692 rimusquod Socra. mouetur in aliquo vno
726 1679 1228 1730 iterum post primam vicem. v. g al¬
735 1717 1231 1754 teratur iterum post, aliud autem tran¬
727 1755 1233 1794 Sfertur, tunc, si corruptum, quando reuer¬
728 1790 1242 1832 titur, est vnum in numero motus, So
