1416 2066
194 181 709 226 esseformae, & in corruptione non
211 220 707 264 esse eius & hoc intendebat, cum dixit,
211 261 602 298 sufficit alterum, idest forma,
256 317 710 362 Subiecta autem natura scibilis
213 358 704 402 est secundum analogiam. vt enim ad sta¬
213 397 717 442 tuam aes, aut ad lectum lignum, aut
214 442 709 497 ad aliud aliquid habentium for¬
206 484 705 522 mam materia, & informe se ha¬
208 525 717 569 bet, priusque accipiat formam, sic
203 565 705 613 haec ad substantiam, & hoc aliquid,
209 607 709 651 & quod est se habet. Vnum igitu
204 644 702 698 principium haec, non sic vnum exi¬
207 688 713 731 stens, neque sic ens, vt hoc aliquid:
214 732 709 771 vnum autem Ratio: amplius au¬
211 773 709 818 tem contrarium huic Priuatio.
259 813 707 875 Natura aut subiecta cognosci¬
210 860 706 906 tur per comparatione. sicut est com
210 906 709 971 paratio cupri ad idolum, aut li fgni
208 957 713 1010 ad scamnu, &, sicut comparatur
211 998 707 1051 ad aliud habentiu creationem mate
207 1048 707 1106 ria eius, & priuatio illius creatio¬
207 1097 707 1161 nis antequam ereatur, ita est com¬
206 1140 712 1202 paratio istius naturae ad istam sub
202 1192 704 1261 stantia, aut congregata ex vtroque,
210 1239 719 1298 aut forma, & demonstratum: sed
211 1290 704 1352 dispositio eius apud ens vniuersa,
211 1337 712 1402 liter. Ista igitur natura est vnum
206 1385 706 1442 principium, & non est vna, neque,
216 1433 706 1483 vnu, vt demonstratum: & est aliuo
209 1481 708 1539 principium, quod est Ratio: & con
206 1529 650 1578 trarium isti, & est priuatio.
253 1575 705 1620 Et ista natura, quae est subiecta sub¬
220 1613 712 1667 stantiae, non pot intelligi per se, cum
212 1653 712 1705 non sit aliquid in actu habens quidi
206 1693 707 1745 tatem, sed intelligitur secundum comparatio
209 1729 717 1785 nem perper latentiam suae substantiae. &
211 1772 714 1810 ideo, cum voluerimus dare substan
213 1811 709 1850 tiam eius, dicimus ipsam esse illud,
194 1850 709 1890 cuius proportio ad substantiam est si¬
737 180 1284 225 cut proportio cupri ad idolum, aut E
742 223 1241 274 ligni ad scamnum. D.d. &, sicut compa¬
741 261 1251 306 ratur i. & vniversaliter sicut comparatur ad
738 300 1247 339 aliud habens creationem, & formam
738 340 1249 386 materi eius, & priuatio creationis eius,
742 378 1247 429 ita ista natura comparatur ad substan
740 415 1250 460 tiam, i. secundum quod est subiecta substantiae,
749 461 1251 509 & recipiens illam. D.d, aut congrega¬
740 500 1245 538 tam ex vtroque. hic exposuit substan
743 533 1249 575 tiam, cui comparatur ista natura. sub¬
744 573 1252 622 stantia enim dicitur de cogregato ex hac
737 613 1247 650 matem, & forma, & dicitur de forma etiam.
742 648 1245 701 & dicit quod ista nam dicitur in respectu
740 691 1247 739 substantiae, aut substantiae aggregatae
743 728 1245 777 ex vtroque scilicet indiuidui demonstrati,
743 765 1233 814 aut formae, & est illud, per quod sub
743 805 1237 843 stantia est demonstrata in actu. D.d
738 844 1238 893 ista igitur nam est vnum principium, &c.
744 879 1240 922 idest & ista natura, quae est prima ma
747 917 1245 962 teria, est vnum principium commune omnibus
747 964 1241 1007 entibus transmutabilibus, quae alte¬
739 997 1247 1037 rantur in inuicem, sed non est vna in
738 1032 1242 1074 se, ita quod sit substantia simplex existens
739 1074 1237 1123 actu, neque ita quod sit aliquod composi
743 1113 1243 1154 tum ex materia, & forma. nam, si habe¬
749 1150 1243 1204 tet formam propriam, nullam aliam re¬
740 1196 1248 1240 ciperet ipsa permanente, sed statim
748 1229 1234 1281 corrumperetur quae cito alia forma ge
741 1275 1243 1318 neraretur & Tetiam quicquid recipit
740 1305 1242 1358 aliquid non recipit ipsum secundum quod est
746 1342 1238 1396 in actu, sed secundum quod est in potentia. si igi
746 1386 1243 1433 tur prima materia innata est recipere omnes
740 1420 1246 1471 formas, necesse est vt sit in potentia
746 1461 1237 1497 omnes formae, & vt non habeat in sua
738 1498 1247 1538 substantia formam propriam, qua est
738 1540 1241 1578 materia. & etiam, si esset aliquod existens
743 1577 1230 1628 in actu, i. habens formam, tunc gene
742 1615 1240 1651 ratio in substantia esset alteratio, &
738 1653 1242 1691 formae essent accidentia. D.d. & est
738 1693 1236 1744 aliud principium, i. & sentia hibunt aliud
742 1730 1242 1777 principium a subiecto, & est forma,
742 1774 1234 1822 sed primum principium in hoc gerere nen
738 1808 1243 1862 potuit sciri in hac sceia, sicut primum
741 1853 1249 1890 subm. D.d. etiam contrarium isti, i. formae.
