<?xml version="1.0" encoding="UTF-8" standalone="yes"?>
<PcGts xmlns="http://schema.primaresearch.org/PAGE/gts/pagecontent/2013-07-15" xmlns:xsi="http://www.w3.org/2001/XMLSchema-instance" xsi:schemaLocation="http://schema.primaresearch.org/PAGE/gts/pagecontent/2013-07-15 http://schema.primaresearch.org/PAGE/gts/pagecontent/2013-07-15/pagecontent.xsd">
    <Metadata>
        <Creator>prov=University of Rostock/Institute of Mathematics/CITlab|PLANET AI GmbH/Gundram Leifert/gundram.leifert@planet-ai.de:name=cod-dsKs3a-m1(htr_id=29297)::::v=2.6.7
prov=University of Rostock/Institute of Mathematics/CITlab|PLANET AI GmbH/Tobias Gruening/tobias.gruening@planet-ai.de:name=de.uros.citlab.module.baseline2polygon.B2PSeamMultiOriented:v=2.6.7
prov=University of Rostock/Institute of Mathematics/CITlab|PLANET AI GmbH/Tobias Gruening/tobias.gruening@planet-ai.de:name=/net_tf/LA73_249_0mod360.pb:de.uros.citlab.segmentation.CITlab_LA_ML:v=2.6.6
Transkribus</Creator>
        <Created>2021-01-11T16:37:51.585-05:00</Created>
        <LastChange>2021-02-13T08:47:43.172+01:00</LastChange>
        <TranskribusMetadata docId="570401" pageId="23568757" pageNr="789" tsid="52611461" status="IN_PROGRESS" userId="25065" imgUrl="https://files.transkribus.eu/Get?id=LPCVMMZGOKLUSKPHBAGCIQLU&amp;fileType=view" xmlUrl="https://files.transkribus.eu/Get?id=DTNHQCUOMDUJCLCAEXNOOFOH" imageId="18093644"/>
    </Metadata>
    <Page imageFilename="Averroes_Physica_JuntSecunda_04-0789.jpg" imageWidth="1416" imageHeight="2066">
        <ReadingOrder>
            <OrderedGroup id="ro_1613222904218" caption="Regions reading order">
                <RegionRefIndexed index="0" regionRef="TextRegion_1613079544619_443"/>
                <RegionRefIndexed index="1" regionRef="r5"/>
            </OrderedGroup>
        </ReadingOrder>
        <TextRegion orientation="0.0" id="TextRegion_1613079544619_443" custom="readingOrder {index:0;}">
            <Coords points="182,141 700,141 700,1866 182,1866"/>
            <TextLine id="line_1613079544710_446" custom="readingOrder {index:0;}">
                <Coords points="177,225 575,225 607,242 623,226 689,234 689,189 631,181 586,199 516,180 460,200 310,189 177,207"/>
                <Baseline points="182,222 208,221 235,221 261,220 288,220 314,219 340,219 367,218 393,218 420,218 446,218 472,218 499,218 525,218 552,218 578,218 604,218 631,219 657,219 684,220"/>
                <TextEquiv>
                    <Unicode>trimentum in animalibus quibul</Unicode>
                </TextEquiv>
            </TextLine>
            <TextLine id="r4l3" custom="readingOrder {index:1;}">
                <Coords points="193,282 468,273 532,294 558,275 684,274 684,245 662,229 635,248 543,245 527,229 415,254 193,245"/>
                <Baseline points="198,270 223,269 248,267 273,267 299,266 324,266 349,266 375,266 400,266 425,266 451,266 476,267 501,267 527,267 552,268 577,268 603,268 628,268 653,268 679,267"/>
                <TextEquiv>
                    <Unicode>dam. quoniam, cum digeritur, dor </Unicode>
                </TextEquiv>
            </TextLine>
            <TextLine id="r4l4" custom="readingOrder {index:2;}">
                <Coords points="187,330 425,322 441,338 466,327 488,339 511,321 562,321 637,338 685,314 685,294 635,284 533,297 470,277 408,294 187,292"/>
                <Baseline points="192,316 217,315 243,315 269,314 294,314 320,314 346,314 371,314 397,315 423,315 448,316 474,316 500,316 525,317 551,317 577,316 602,316 628,315 654,314 680,313"/>
                <TextEquiv>
                    <Unicode>miunt, &amp; cum disfiguitur, exper¬</Unicode>
                </TextEquiv>
            </TextLine>
            <TextLine id="r4l5" custom="readingOrder {index:3;}">
                <Coords points="194,386 356,367 462,370 488,391 518,369 561,392 590,370 686,369 686,339 525,340 508,325 484,344 269,340 241,325 194,340"/>
                <Baseline points="199,362 224,361 249,361 275,361 300,361 325,362 351,362 376,362 401,362 427,362 452,363 478,363 503,363 528,363 554,364 579,364 604,364 630,364 655,364 681,364"/>
                <TextEquiv>
                    <Unicode>gefiunt, &amp; mouent se. &amp; primum</Unicode>
                </TextEquiv>
            </TextLine>
            <TextLine id="r4l6" custom="readingOrder {index:4;}">
                <Coords points="198,428 690,418 690,389 662,373 638,390 572,393 527,374 502,391 423,389 407,373 366,391 198,385"/>
                <Baseline points="203,409 228,409 253,409 279,409 304,409 329,409 355,410 380,410 405,410 431,411 456,411 482,411 507,411 532,412 558,412 583,412 608,412 634,412 659,411 685,411"/>
                <TextEquiv>
                    <Unicode>principium est extrinsecu. &amp; ideo</Unicode>
                </TextEquiv>
            </TextLine>
            <TextLine id="r4l7" custom="readingOrder {index:5;}">
                <Coords points="194,467 388,465 414,482 431,465 461,483 479,466 682,466 683,436 608,438 579,420 552,437 455,437 434,420 385,438 195,432"/>
                <Baseline points="199,456 224,456 249,455 274,455 299,455 324,455 349,456 375,456 400,456 425,457 450,457 475,457 500,458 526,458 551,458 576,458 601,458 626,458 651,458 677,458"/>
                <TextEquiv>
                    <Unicode>non mouentur semper ex se conti¬</Unicode>
                </TextEquiv>
            </TextLine>
            <TextLine id="r4l8" custom="readingOrder {index:6;}">
                <Coords points="196,514 690,515 690,477 655,469 619,483 585,469 558,486 502,485 486,469 461,484 320,477 264,494 247,477 196,477"/>
                <Baseline points="201,504 226,504 251,504 277,504 302,504 328,505 353,505 379,505 404,505 430,505 455,505 481,505 506,505 532,506 557,506 583,506 608,506 634,507 659,507 685,508"/>
                <TextEquiv>
                    <Unicode>nue. motor enim illorum est aliud</Unicode>
                </TextEquiv>
            </TextLine>
            <TextLine id="r4l9" custom="readingOrder {index:7;}">
                <Coords points="197,563 676,566 677,533 560,534 512,517 488,533 414,532 392,516 345,517 328,534 275,536 224,516 198,529"/>
                <Baseline points="202,551 228,551 254,551 280,551 306,551 332,551 358,552 384,552 410,552 436,552 462,553 488,553 514,553 540,553 566,554 592,554 618,554 644,554 671,554"/>
                <TextEquiv>
                    <Unicode>ab eo, quod est, quando mouentur</Unicode>
                </TextEquiv>
            </TextLine>
            <TextLine id="r4l10" custom="readingOrder {index:8;}">
                <Coords points="203,610 324,603 391,618 536,602 689,623 689,578 666,565 648,581 503,579 483,564 439,582 405,565 203,574"/>
                <Baseline points="208,599 233,599 258,599 283,599 308,599 333,599 358,599 383,599 408,599 433,599 458,599 483,599 508,599 533,600 558,600 583,600 608,600 633,600 658,601 684,601"/>
                <TextEquiv>
                    <Unicode>&amp; Laborant secundum vnuquodque,</Unicode>
                </TextEquiv>
            </TextLine>
            <TextLine id="r4l11" custom="readingOrder {index:9;}">
                <Coords points="197,658 590,653 647,666 697,654 697,626 646,611 605,628 574,608 497,629 409,620 392,637 366,621 197,621"/>
                <Baseline points="202,646 227,646 253,646 279,646 305,646 330,646 356,646 382,647 408,647 434,647 459,647 485,647 511,647 537,647 563,648 588,648 614,647 640,647 666,647 692,647"/>
                <TextEquiv>
                    <Unicode>mouentium. Et in omnibus istis</Unicode>
                </TextEquiv>
            </TextLine>
            <TextLine id="r4l12" custom="readingOrder {index:10;}">
                <Coords points="199,701 320,714 400,698 509,697 549,713 583,698 604,712 693,706 693,669 630,661 199,669"/>
                <Baseline points="204,693 229,693 254,693 280,693 305,693 331,693 356,693 382,693 407,693 433,693 458,693 484,693 509,693 535,694 560,694 586,694 611,694 637,695 662,695 688,695"/>
                <TextEquiv>
                    <Unicode>mouetur primus motor, qui est cau</Unicode>
                </TextEquiv>
            </TextLine>
            <TextLine id="r4l13" custom="readingOrder {index:11;}">
                <Coords points="194,762 224,746 284,746 320,766 352,746 496,746 521,763 545,745 598,762 628,743 652,762 701,746 701,706 194,717"/>
                <Baseline points="199,742 225,742 251,742 277,742 303,741 329,741 355,741 382,741 408,741 434,741 460,741 486,741 512,741 539,741 565,741 591,741 617,741 643,741 669,742 696,742"/>
                <TextEquiv>
                    <Unicode>sa eius, quod moueant se ex se: sed </Unicode>
                </TextEquiv>
            </TextLine>
            <TextLine id="r4l14" custom="readingOrder {index:12;}">
                <Coords points="195,794 405,793 423,811 449,793 625,795 641,811 693,795 693,766 591,773 559,749 536,767 195,766"/>
                <Baseline points="200,788 225,788 251,787 277,787 302,786 328,786 354,786 379,786 405,787 431,787 456,787 482,787 508,787 533,787 559,787 585,787 610,787 636,787 662,786 688,786"/>
                <TextEquiv>
                    <Unicode>motus eius erit per accides. corpus</Unicode>
                </TextEquiv>
            </TextLine>
            <TextLine id="r4l15" custom="readingOrder {index:13;}">
                <Coords points="205,842 595,851 624,834 691,842 691,812 505,814 477,800 437,814 401,797 383,813 205,813"/>
                <Baseline points="210,834 235,834 260,834 285,833 310,833 335,833 360,833 385,833 410,834 435,834 460,834 485,834 510,834 535,835 560,835 585,835 610,835 635,835 660,835 686,835"/>
                <TextEquiv>
                    <Unicode>enim mutat suum locum: &amp; ideo</Unicode>
                </TextEquiv>
            </TextLine>
            <TextLine id="r4l16" custom="readingOrder {index:14;}">
                <Coords points="201,890 676,898 690,890 690,850 598,861 521,845 490,863 399,845 384,860 201,861"/>
                <Baseline points="206,881 231,881 256,882 281,882 306,882 332,882 357,882 382,881 407,881 432,881 458,881 483,881 508,881 533,881 558,881 584,881 609,882 634,882 659,882 685,882"/>
                <TextEquiv>
                    <Unicode>mutat etiam locum illud, quod est</Unicode>
                </TextEquiv>
            </TextLine>
            <TextLine id="r4l17" custom="readingOrder {index:15;}">
                <Coords points="207,938 264,938 280,954 326,936 417,955 437,939 499,947 526,930 673,947 693,938 694,893 640,911 539,909 523,893 492,905 473,893 457,909 207,909"/>
                <Baseline points="212,928 237,928 262,928 287,927 312,927 337,928 362,928 387,928 412,928 437,929 462,929 487,929 512,929 537,930 562,930 587,930 612,929 637,929 662,928 688,928"/>
                <TextEquiv>
                    <Unicode>in corpore: &amp; quod est in vniuerso</Unicode>
                </TextEquiv>
            </TextLine>
            <TextLine id="r4l18" custom="readingOrder {index:16;}">
                <Coords points="204,986 303,986 310,993 327,994 335,986 350,986 349,941 331,941 312,955 292,958 203,956"/>
                <Baseline points="209,977 236,976 263,975 290,975 317,974 345,975"/>
                <TextEquiv>
                    <Unicode>mouens se.</Unicode>
                </TextEquiv>
            </TextLine>
            <TextLine id="r4l19" custom="readingOrder {index:17;}">
                <Coords points="247,1027 560,1023 619,1036 688,1026 688,990 571,1001 510,981 488,995 404,998 383,981 340,998 247,991"/>
                <Baseline points="252,1015 277,1016 302,1016 328,1017 353,1017 378,1017 404,1017 429,1017 454,1017 480,1017 505,1017 530,1017 556,1017 581,1017 606,1017 632,1017 657,1017 683,1018"/>
                <TextEquiv>
                    <Unicode>Et non est opinandum, quod primi</Unicode>
                </TextEquiv>
            </TextLine>
            <TextLine id="r4l20" custom="readingOrder {index:18;}">
                <Coords points="204,1061 697,1066 697,1025 680,1037 574,1025 418,1038 359,1023 311,1039 204,1036"/>
                <Baseline points="209,1054 234,1054 259,1054 285,1054 310,1055 336,1055 361,1055 386,1055 412,1055 437,1055 463,1055 488,1056 514,1056 539,1056 564,1056 590,1056 615,1056 641,1055 666,1055 692,1055"/>
                <TextEquiv>
                    <Unicode>motor in istis mouet pluribus moti</Unicode>
                </TextEquiv>
            </TextLine>
            <TextLine id="r4l21" custom="readingOrder {index:19;}">
                <Coords points="206,1098 694,1101 694,1069 593,1060 457,1069 442,1084 407,1069 206,1062"/>
                <Baseline points="211,1092 236,1092 261,1092 286,1092 311,1092 336,1092 361,1092 387,1092 412,1092 437,1093 462,1093 487,1093 512,1093 538,1094 563,1094 588,1094 613,1094 638,1094 663,1093 689,1093"/>
                <TextEquiv>
                    <Unicode>bus ex se. vnus enim motor non mouet</Unicode>
                </TextEquiv>
            </TextLine>
            <TextLine id="r4l22" custom="readingOrder {index:20;}">
                <Coords points="211,1138 595,1134 680,1148 698,1137 698,1102 211,1107"/>
                <Baseline points="216,1128 241,1129 266,1129 291,1130 316,1130 341,1131 366,1131 391,1131 416,1131 441,1131 467,1132 492,1132 517,1132 542,1132 567,1132 592,1132 617,1132 642,1132 667,1132 693,1132"/>
                <TextEquiv>
                    <Unicode>essentialitur, nisi vno motu. &amp; hoc, quid</Unicode>
                </TextEquiv>
            </TextLine>
            <TextLine id="r4l23" custom="readingOrder {index:21;}">
                <Coords points="214,1178 689,1178 689,1153 669,1140 214,1150"/>
                <Baseline points="219,1168 244,1167 270,1167 296,1167 322,1167 348,1168 374,1168 399,1168 425,1168 451,1169 477,1169 503,1169 529,1169 554,1170 580,1170 606,1170 632,1170 658,1169 684,1169"/>
                <TextEquiv>
                    <Unicode>nuenitur in istis motis scilicet habentib</Unicode>
                </TextEquiv>
            </TextLine>
            <TextLine id="r4l24" custom="readingOrder {index:22;}">
                <Coords points="207,1218 693,1218 693,1189 629,1188 609,1173 565,1189 541,1176 526,1189 207,1181"/>
                <Baseline points="212,1207 237,1206 262,1206 287,1206 312,1206 337,1206 362,1206 387,1206 412,1206 437,1206 462,1207 487,1207 512,1208 537,1208 562,1208 587,1208 612,1208 637,1208 662,1207 688,1207"/>
                <TextEquiv>
                    <Unicode>animas, quod vnus motor in istis mo¬</Unicode>
                </TextEquiv>
            </TextLine>
            <TextLine id="r4l25" custom="readingOrder {index:23;}">
                <Coords points="208,1249 263,1263 286,1250 703,1258 703,1221 663,1214 208,1221"/>
                <Baseline points="213,1245 238,1245 264,1244 289,1244 315,1244 340,1244 366,1244 391,1244 417,1245 442,1245 468,1245 493,1246 519,1246 544,1246 570,1247 595,1247 621,1247 646,1247 672,1246 698,1246"/>
                <TextEquiv>
                    <Unicode>uet pluribus motibus, est per accuns.</Unicode>
                </TextEquiv>
            </TextLine>
            <TextLine id="r4l26" custom="readingOrder {index:24;}">
                <Coords points="203,1290 693,1297 693,1259 647,1253 577,1265 537,1253 203,1254"/>
                <Baseline points="208,1283 233,1283 258,1282 283,1282 309,1282 334,1282 359,1282 384,1282 410,1282 435,1283 460,1283 485,1283 511,1283 536,1284 561,1284 586,1284 612,1284 637,1284 662,1284 688,1284"/>
                <TextEquiv>
                    <Unicode>Et hoc intendebat cum dixit: &amp; hoc,</Unicode>
                </TextEquiv>
            </TextLine>
            <TextLine id="r4l27" custom="readingOrder {index:25;}">
                <Coords points="206,1333 663,1327 695,1340 702,1310 645,1293 537,1309 419,1292 207,1300"/>
                <Baseline points="211,1320 236,1320 262,1320 287,1320 313,1320 338,1320 364,1320 389,1321 415,1321 440,1321 466,1321 491,1321 517,1321 542,1322 568,1322 593,1322 619,1322 644,1322 670,1323 696,1323"/>
                <TextEquiv>
                    <Unicode>quod mouet isto motu, non est ita,</Unicode>
                </TextEquiv>
            </TextLine>
            <TextLine id="r4l28" custom="readingOrder {index:26;}">
                <Coords points="210,1375 621,1364 701,1377 701,1341 650,1327 632,1341 579,1341 565,1326 546,1342 491,1330 443,1345 430,1331 411,1345 326,1341 267,1326 210,1340"/>
                <Baseline points="215,1357 240,1358 265,1358 290,1358 316,1359 341,1359 366,1359 392,1359 417,1359 442,1360 468,1360 493,1360 518,1360 544,1360 569,1360 594,1360 620,1359 645,1359 670,1359 696,1359"/>
                <TextEquiv>
                    <Unicode>quod est primuni. i. opinandum est quod </Unicode>
                </TextEquiv>
            </TextLine>
            <TextLine id="r4l29" custom="readingOrder {index:27;}">
                <Coords points="206,1402 533,1403 545,1415 696,1403 696,1381 622,1368 570,1381 518,1366 502,1378 409,1364 206,1374"/>
                <Baseline points="211,1394 236,1395 261,1395 286,1396 312,1396 337,1396 362,1397 387,1397 413,1397 438,1398 463,1398 488,1398 514,1398 539,1398 564,1398 589,1398 615,1397 640,1397 665,1397 691,1396"/>
                <TextEquiv>
                    <Unicode>vnus motor istorum scilicet qui non mo¬</Unicode>
                </TextEquiv>
            </TextLine>
            <TextLine id="r4l30" custom="readingOrder {index:28;}">
                <Coords points="211,1443 644,1450 705,1442 705,1405 640,1421 620,1405 211,1412"/>
                <Baseline points="216,1436 241,1436 266,1436 292,1436 317,1436 343,1436 368,1436 394,1436 419,1436 445,1436 470,1436 496,1436 521,1436 547,1436 572,1436 598,1436 623,1436 649,1436 674,1436 700,1436"/>
                <TextEquiv>
                    <Unicode>uentur, non mouet essentialcitur, nisi</Unicode>
                </TextEquiv>
            </TextLine>
            <TextLine id="r4l31" custom="readingOrder {index:29;}">
                <Coords points="219,1482 697,1482 697,1449 219,1453"/>
                <Baseline points="224,1471 250,1472 276,1472 302,1472 328,1473 354,1473 380,1473 406,1473 432,1473 458,1474 484,1474 510,1474 536,1474 562,1474 588,1474 614,1474 640,1474 666,1473 692,1473"/>
                <TextEquiv>
                    <Unicode>vno motu. &amp; hoc, quod mouet istis</Unicode>
                </TextEquiv>
            </TextLine>
            <TextLine id="r4l32" custom="readingOrder {index:30;}">
                <Coords points="210,1528 700,1522 700,1484 561,1502 527,1485 429,1493 415,1480 375,1493 289,1479 251,1493 234,1480 210,1493"/>
                <Baseline points="215,1509 240,1510 265,1510 290,1510 316,1511 341,1511 366,1511 391,1512 417,1512 442,1512 467,1512 492,1512 518,1511 543,1511 568,1511 593,1511 619,1511 644,1511 669,1512 695,1512"/>
                <TextEquiv>
                    <Unicode>pluribus motibus in eis, quae sunt</Unicode>
                </TextEquiv>
            </TextLine>
            <TextLine id="r4l33" custom="readingOrder {index:31;}">
                <Coords points="216,1558 489,1554 615,1569 634,1554 701,1562 701,1524 557,1522 511,1542 450,1517 416,1531 216,1530"/>
                <Baseline points="221,1548 246,1548 271,1549 296,1549 321,1550 346,1550 371,1550 396,1550 421,1551 446,1551 471,1551 496,1551 521,1551 546,1551 571,1551 596,1550 621,1550 646,1550 671,1550 696,1549"/>
                <TextEquiv>
                    <Unicode>apud nos, non est ita, quod ipse prima</Unicode>
                </TextEquiv>
            </TextLine>
            <TextLine id="r4l34" custom="readingOrder {index:32;}">
                <Coords points="207,1594 414,1593 439,1607 459,1593 698,1594 698,1565 264,1556 207,1568"/>
                <Baseline points="212,1588 237,1588 262,1587 287,1587 313,1587 338,1587 363,1587 389,1587 414,1587 439,1587 465,1587 490,1588 515,1588 541,1588 566,1588 591,1588 617,1588 642,1588 667,1588 693,1587"/>
                <TextEquiv>
                    <Unicode>causa sit in istis pluribus motibus.</Unicode>
                </TextEquiv>
            </TextLine>
            <TextLine id="r4l35" custom="readingOrder {index:33;}">
                <Coords points="214,1634 274,1645 316,1631 698,1634 698,1604 613,1596 435,1609 311,1594 288,1613 272,1597 214,1597"/>
                <Baseline points="219,1623 245,1624 271,1624 298,1625 324,1625 350,1625 377,1626 403,1626 429,1626 456,1626 482,1626 508,1626 535,1626 561,1626 587,1626 614,1626 640,1626 666,1626 693,1626"/>
                <TextEquiv>
                    <Unicode>Quam, si esset causa prima istorum</Unicode>
                </TextEquiv>
            </TextLine>
            <TextLine id="r4l36" custom="readingOrder {index:34;}">
                <Coords points="212,1674 696,1675 705,1645 213,1641"/>
                <Baseline points="217,1662 242,1662 267,1662 293,1663 318,1663 343,1663 369,1664 394,1664 419,1664 445,1664 470,1664 496,1664 521,1664 546,1664 572,1664 597,1664 622,1664 648,1664 673,1664 699,1664"/>
                <TextEquiv>
                    <Unicode>motuum, tunc non moueret, nisi vno</Unicode>
                </TextEquiv>
            </TextLine>
            <TextLine id="r4l37" custom="readingOrder {index:35;}">
                <Coords points="217,1714 505,1705 648,1719 697,1706 686,1677 494,1682 482,1670 451,1689 392,1672 363,1684 217,1677"/>
                <Baseline points="222,1701 248,1702 274,1702 300,1702 326,1703 352,1703 378,1703 404,1703 430,1703 457,1703 483,1703 509,1703 535,1703 561,1703 587,1703 613,1702 639,1702 665,1702 692,1701"/>
                <TextEquiv>
                    <Unicode>motu necessario. Ab vno enim non pro¬</Unicode>
                </TextEquiv>
            </TextLine>
            <TextLine id="r4l38" custom="readingOrder {index:36;}">
                <Coords points="220,1745 703,1746 703,1711 220,1717"/>
                <Baseline points="225,1740 251,1740 277,1739 303,1739 330,1739 356,1739 382,1740 408,1740 435,1740 461,1740 487,1741 514,1741 540,1741 566,1741 592,1741 619,1741 645,1741 671,1740 698,1740"/>
                <TextEquiv>
                    <Unicode>uenir essentiamlitur, nisi vnum motum: sed</Unicode>
                </TextEquiv>
            </TextLine>
            <TextLine id="r4l39" custom="readingOrder {index:37;}">
                <Coords points="218,1786 702,1795 702,1757 623,1748 218,1758"/>
                <Baseline points="223,1778 249,1777 275,1777 302,1777 328,1777 354,1777 381,1777 407,1778 433,1778 460,1778 486,1778 512,1778 539,1779 565,1779 591,1779 618,1779 644,1778 670,1778 697,1777"/>
                <TextEquiv>
                    <Unicode>multa intrant ipsum per accuns, quae</Unicode>
                </TextEquiv>
            </TextLine>
            <TextLine id="r4l40" custom="readingOrder {index:38;}">
                <Coords points="216,1825 702,1835 702,1797 609,1786 498,1799 266,1784 216,1797"/>
                <Baseline points="221,1815 246,1815 271,1815 296,1815 321,1815 346,1815 371,1815 396,1816 421,1816 446,1816 471,1816 496,1817 521,1817 546,1817 571,1817 596,1817 621,1817 646,1817 671,1816 697,1816"/>
                <TextEquiv>
                    <Unicode>abscindunt motum eius, &amp; alia, quae</Unicode>
                </TextEquiv>
            </TextLine>
            <TextLine id="r4l41" custom="readingOrder {index:39;}">
                <Coords points="217,1865 427,1861 491,1874 702,1858 702,1837 679,1828 460,1836 413,1821 368,1839 349,1822 316,1833 217,1824"/>
                <Baseline points="222,1853 247,1854 272,1855 297,1855 322,1855 347,1855 372,1855 397,1855 422,1855 447,1855 472,1855 497,1855 522,1855 547,1855 572,1855 597,1855 622,1855 647,1855 672,1856 697,1856"/>
                <TextEquiv>
                    <Unicode>sunt causa in hoc, quae faciunt mo¬</Unicode>
                </TextEquiv>
            </TextLine>
            <TextEquiv>
                <Unicode>trimentum in animalibus quibul
dam. quoniam, cum digeritur, dor 
miunt, &amp; cum disfiguitur, exper¬
gefiunt, &amp; mouent se. &amp; primum
principium est extrinsecu. &amp; ideo
non mouentur semper ex se conti¬
nue. motor enim illorum est aliud
ab eo, quod est, quando mouentur
&amp; Laborant secundum vnuquodque,
mouentium. Et in omnibus istis
mouetur primus motor, qui est cau
sa eius, quod moueant se ex se: sed 
motus eius erit per accides. corpus
enim mutat suum locum: &amp; ideo
mutat etiam locum illud, quod est
in corpore: &amp; quod est in vniuerso
mouens se.
Et non est opinandum, quod primi
motor in istis mouet pluribus moti
bus ex se. vnus enim motor non mouet
essentialitur, nisi vno motu. &amp; hoc, quid
nuenitur in istis motis scilicet habentib
animas, quod vnus motor in istis mo¬
uet pluribus motibus, est per accuns.
Et hoc intendebat cum dixit: &amp; hoc,
quod mouet isto motu, non est ita,
quod est primuni. i. opinandum est quod 
vnus motor istorum scilicet qui non mo¬
uentur, non mouet essentialcitur, nisi
vno motu. &amp; hoc, quod mouet istis
pluribus motibus in eis, quae sunt
apud nos, non est ita, quod ipse prima
causa sit in istis pluribus motibus.
Quam, si esset causa prima istorum
motuum, tunc non moueret, nisi vno
motu necessario. Ab vno enim non pro¬
uenir essentiamlitur, nisi vnum motum: sed
multa intrant ipsum per accuns, quae
abscindunt motum eius, &amp; alia, quae
sunt causa in hoc, quae faciunt mo¬</Unicode>
            </TextEquiv>
        </TextRegion>
        <TextRegion orientation="0.0" id="r5" custom="readingOrder {index:1;}">
            <Coords points="722,136 722,1895 1222,1895 1222,136"/>
            <TextLine id="r5l3" custom="readingOrder {index:0;}">
                <Coords points="721,219 859,217 875,232 890,218 1170,221 1216,217 1216,182 721,189"/>
                <Baseline points="726,212 751,212 777,211 802,211 828,211 853,211 879,211 904,210 930,210 955,210 981,210 1006,210 1032,210 1057,210 1083,210 1108,210 1134,210 1159,210 1185,209 1211,209"/>
                <TextEquiv>
                    <Unicode>tum post quietem. Et hoc intende</Unicode>
                </TextEquiv>
            </TextLine>
            <TextLine id="r5l4" custom="readingOrder {index:1;}">
                <Coords points="723,259 1224,258 1224,228 1160,218 932,232 723,223"/>
                <Baseline points="728,252 753,252 779,251 805,251 831,251 857,251 883,251 908,251 934,251 960,251 986,251 1012,251 1038,251 1063,251 1089,251 1115,250 1141,250 1167,250 1193,250 1219,249"/>
                <TextEquiv>
                    <Unicode>bat, cum dixit: quoniam non est causa ex¬</Unicode>
                </TextEquiv>
            </TextLine>
            <TextLine id="r5l5" custom="readingOrder {index:2;}">
                <Coords points="725,298 1223,298 1223,268 1105,261 1032,278 970,258 725,260"/>
                <Baseline points="730,290 755,291 781,291 807,291 832,292 858,291 884,291 909,291 935,291 961,291 986,290 1012,290 1038,290 1063,290 1089,290 1115,290 1140,290 1166,290 1192,291 1218,291"/>
                <TextEquiv>
                    <Unicode>se, &amp;c. i. &amp; causa in hoc, quod prima cau</Unicode>
                </TextEquiv>
            </TextLine>
            <TextLine id="r5l6" custom="readingOrder {index:3;}">
                <Coords points="719,338 1044,348 1164,331 1223,346 1223,311 1196,300 1019,311 877,297 835,313 782,295 752,309 719,300"/>
                <Baseline points="724,328 750,328 776,328 802,328 828,328 854,328 880,328 906,328 932,328 958,328 984,328 1010,328 1036,328 1062,328 1088,328 1114,329 1140,329 1166,329 1192,330 1218,331"/>
                <TextEquiv>
                    <Unicode>sa in hoc, quod habntia animas, quae sunt hic,</Unicode>
                </TextEquiv>
            </TextLine>
            <TextLine id="r5l7" custom="readingOrder {index:4;}">
                <Coords points="722,378 1221,377 1221,351 1170,338 722,348"/>
                <Baseline points="727,366 752,366 778,367 804,367 829,367 855,367 881,367 907,367 932,367 958,366 984,366 1010,366 1035,366 1061,366 1087,366 1113,367 1138,367 1164,368 1190,369 1216,370"/>
                <TextEquiv>
                    <Unicode>mouentur quandoque, &amp; quiescunt quandoque,</Unicode>
                </TextEquiv>
            </TextLine>
            <TextLine id="r5l8" custom="readingOrder {index:5;}">
                <Coords points="720,411 905,411 919,424 939,410 1222,414 1222,381 720,381"/>
                <Baseline points="725,404 750,404 776,405 802,405 828,405 854,405 880,405 906,405 932,405 958,405 983,405 1009,404 1035,404 1061,404 1087,404 1113,404 1139,404 1165,405 1191,405 1217,406"/>
                <TextEquiv>
                    <Unicode>non est ex se. i. quod ista causa non est cau</Unicode>
                </TextEquiv>
            </TextLine>
            <TextLine id="r5l9" custom="readingOrder {index:6;}">
                <Coords points="718,450 1224,449 1214,412 1100,424 718,415"/>
                <Baseline points="723,443 749,443 775,443 801,443 827,443 853,443 879,443 905,443 931,443 957,442 984,442 1010,442 1036,442 1062,442 1088,442 1114,442 1140,442 1166,443 1192,444 1219,445"/>
                <TextEquiv>
                    <Unicode>sa, propter quam mouetur ex se, sed </Unicode>
                </TextEquiv>
            </TextLine>
            <TextLine id="r5l10" custom="readingOrder {index:7;}">
                <Coords points="722,491 1224,490 1223,452 1180,464 1163,452 862,462 847,449 721,460"/>
                <Baseline points="726,481 751,481 777,481 803,481 829,481 855,481 881,481 907,481 933,480 959,480 984,480 1010,480 1036,479 1062,479 1088,479 1114,479 1140,480 1166,480 1192,481 1218,481"/>
                <TextEquiv>
                    <Unicode>alia causa ex rebus continentibus, &amp; ad</Unicode>
                </TextEquiv>
            </TextLine>
            <TextLine id="r5l11" custom="readingOrder {index:8;}">
                <Coords points="724,530 1224,530 1224,501 1194,490 1177,502 1125,487 1106,502 1054,488 899,503 782,486 724,499"/>
                <Baseline points="729,519 754,519 780,519 806,519 832,519 857,519 883,519 909,519 935,518 961,518 986,518 1012,518 1038,518 1064,518 1090,518 1115,518 1141,518 1167,519 1193,519 1219,520"/>
                <TextEquiv>
                    <Unicode>uenientibus ex extrinseco facit in </Unicode>
                </TextEquiv>
            </TextLine>
            <TextLine id="r5l12" custom="readingOrder {index:9;}">
                <Coords points="725,563 1223,562 1222,535 1141,525 1083,537 1046,526 724,534"/>
                <Baseline points="729,557 754,557 780,557 806,557 831,557 857,557 883,557 908,557 934,557 960,557 985,557 1011,556 1037,556 1062,556 1088,556 1114,556 1139,556 1165,555 1191,555 1217,555"/>
                <TextEquiv>
                    <Unicode>animalibus motus naturales. &amp; illi mo</Unicode>
                </TextEquiv>
            </TextLine>
            <TextLine id="r5l13" custom="readingOrder {index:10;}">
                <Coords points="722,602 1227,602 1216,573 722,573"/>
                <Baseline points="727,595 753,594 779,594 805,594 831,594 857,594 883,593 909,593 935,593 961,593 987,593 1013,593 1039,593 1065,593 1091,593 1117,593 1143,593 1169,594 1195,594 1222,594"/>
                <TextEquiv>
                    <Unicode>tus erunt causae vt motor, per quem</Unicode>
                </TextEquiv>
            </TextLine>
            <TextLine id="r5l14" custom="readingOrder {index:11;}">
                <Coords points="725,641 1068,639 1087,651 1152,635 1223,647 1223,620 1157,599 1118,614 924,602 903,614 725,613"/>
                <Baseline points="730,631 755,631 781,632 807,632 832,632 858,632 884,632 909,632 935,632 961,631 986,631 1012,631 1038,631 1063,631 1089,631 1115,631 1140,631 1166,631 1192,631 1218,631"/>
                <TextEquiv>
                    <Unicode>mouentur ex se, moueat quandoque,</Unicode>
                </TextEquiv>
            </TextLine>
            <TextLine id="r5l15" custom="readingOrder {index:12;}">
                <Coords points="722,682 1215,682 1215,651 1176,645 1017,644 1004,657 870,638 822,653 722,645"/>
                <Baseline points="727,670 752,670 777,670 803,670 828,670 854,670 879,670 904,670 930,670 955,670 981,670 1006,670 1032,670 1057,670 1082,670 1108,670 1133,670 1159,670 1184,670 1210,671"/>
                <TextEquiv>
                    <Unicode>&amp; quandoque non moueat. D.dedit exem</Unicode>
                </TextEquiv>
            </TextLine>
            <TextLine id="r5l16" custom="readingOrder {index:13;}">
                <Coords points="722,726 747,713 1064,714 1080,728 1102,714 1223,715 1223,685 1190,677 722,685"/>
                <Baseline points="727,707 752,707 778,707 804,707 830,708 856,708 882,708 907,708 933,708 959,708 985,708 1011,707 1037,707 1062,707 1088,707 1114,707 1140,707 1166,707 1192,707 1218,707"/>
                <TextEquiv>
                    <Unicode>plum istorum motuum, &amp; quomodo </Unicode>
                </TextEquiv>
            </TextLine>
            <TextLine id="r5l17" custom="readingOrder {index:14;}">
                <Coords points="723,754 1060,754 1073,767 1136,743 1219,754 1219,725 1088,730 1022,714 972,728 723,726"/>
                <Baseline points="728,745 753,745 779,746 804,746 830,746 855,746 881,746 907,746 932,746 958,745 983,745 1009,745 1034,745 1060,745 1086,745 1111,745 1137,746 1162,746 1188,746 1214,747"/>
                <TextEquiv>
                    <Unicode>accidit ex eis hoc, &amp; d. v. g. auomen</Unicode>
                </TextEquiv>
            </TextLine>
            <TextLine id="r5l18" custom="readingOrder {index:15;}">
                <Coords points="722,795 1219,794 1219,755 1170,765 1135,744 1072,768 1059,755 947,766 927,753 858,770 812,757 722,765"/>
                <Baseline points="727,784 752,784 778,783 803,783 829,783 855,783 880,783 906,783 932,783 957,783 983,783 1008,783 1034,783 1060,783 1085,784 1111,784 1137,784 1162,784 1188,783 1214,783"/>
                <TextEquiv>
                    <Unicode>tum, &amp;c. i. v. g. hoc, quod accidit ani¬</Unicode>
                </TextEquiv>
            </TextLine>
            <TextLine id="r5l19" custom="readingOrder {index:16;}">
                <Coords points="727,835 930,826 947,842 1010,823 1135,834 1215,822 1215,804 1053,804 1035,791 1017,805 893,805 854,789 799,804 779,789 727,805"/>
                <Baseline points="732,824 757,823 782,822 807,821 832,821 857,821 882,821 908,821 933,821 958,821 983,822 1008,822 1033,822 1059,822 1084,822 1109,821 1134,821 1159,820 1184,819 1210,818"/>
                <TextEquiv>
                    <Unicode>mali in suo corpore de motu auo¬</Unicode>
                </TextEquiv>
            </TextLine>
            <TextLine id="r5l20" custom="readingOrder {index:17;}">
                <Coords points="726,865 1225,866 1225,832 1204,820 1175,837 1073,830 1025,844 815,828 726,837"/>
                <Baseline points="731,860 756,859 782,859 808,859 833,859 859,859 885,859 911,859 936,860 962,860 988,860 1014,860 1039,860 1065,860 1091,860 1117,860 1142,860 1168,860 1194,859 1220,859"/>
                <TextEquiv>
                    <Unicode>menti a nutrimento, &amp; de motu di¬</Unicode>
                </TextEquiv>
            </TextLine>
            <TextLine id="r5l21" custom="readingOrder {index:18;}">
                <Coords points="725,906 1224,906 1224,877 1205,869 725,876"/>
                <Baseline points="730,898 755,898 781,898 807,897 832,897 858,897 884,897 910,897 935,897 961,897 987,897 1013,897 1038,898 1064,898 1090,898 1116,898 1141,898 1167,898 1193,897 1219,897"/>
                <TextEquiv>
                    <Unicode>minutionis a rebus extrinsecis, &amp; a de</Unicode>
                </TextEquiv>
            </TextLine>
            <TextLine id="r5l22" custom="readingOrder {index:19;}">
                <Coords points="727,946 1053,941 1146,944 1159,957 1225,946 1214,905 1195,919 1082,905 1035,920 727,909"/>
                <Baseline points="732,935 757,935 783,935 809,935 834,935 860,935 886,935 911,935 937,935 963,935 988,935 1014,936 1040,936 1065,936 1091,936 1117,936 1142,936 1168,936 1194,935 1220,935"/>
                <TextEquiv>
                    <Unicode>fectu nutrimenti etiam. &amp; hoc, quod</Unicode>
                </TextEquiv>
            </TextLine>
            <TextLine id="r5l23" custom="readingOrder {index:20;}">
                <Coords points="722,986 1205,987 1212,950 951,957 934,942 865,964 794,944 722,958"/>
                <Baseline points="727,974 752,975 777,975 802,975 828,975 853,975 878,975 903,975 929,975 954,975 979,975 1004,975 1030,975 1055,975 1080,975 1105,975 1131,975 1156,975 1181,976 1207,976"/>
                <TextEquiv>
                    <Unicode>accidit ei, &amp; de motu in qualitate</Unicode>
                </TextEquiv>
            </TextLine>
            <TextLine id="r5l24" custom="readingOrder {index:21;}">
                <Coords points="728,1019 1210,1018 1210,988 728,989"/>
                <Baseline points="733,1013 759,1013 785,1013 811,1013 837,1013 864,1014 890,1014 916,1014 942,1014 969,1014 995,1014 1021,1014 1047,1014 1073,1014 1100,1013 1126,1013 1152,1013 1178,1013 1205,1013"/>
                <TextEquiv>
                    <Unicode>apud anhelitum. anhelitus enim est in anima</Unicode>
                </TextEquiv>
            </TextLine>
            <TextLine id="r5l25" custom="readingOrder {index:22;}">
                <Coords points="732,1058 879,1056 916,1072 933,1058 1215,1056 1215,1031 1136,1021 732,1030"/>
                <Baseline points="737,1052 763,1052 789,1052 815,1052 842,1052 868,1052 894,1052 920,1052 947,1052 973,1052 999,1052 1026,1052 1052,1051 1078,1051 1104,1051 1131,1051 1157,1050 1183,1050 1210,1050"/>
                <TextEquiv>
                    <Unicode>libus ad infrigidandum calorem natu¬</Unicode>
                </TextEquiv>
            </TextLine>
            <TextLine id="r5l26" custom="readingOrder {index:23;}">
                <Coords points="725,1098 1213,1101 1213,1068 1167,1060 725,1070"/>
                <Baseline points="730,1090 755,1090 780,1089 805,1089 830,1089 855,1089 880,1089 906,1089 931,1090 956,1090 981,1090 1006,1090 1031,1090 1057,1090 1082,1090 1107,1089 1132,1089 1157,1089 1182,1089 1208,1088"/>
                <TextEquiv>
                    <Unicode>ralem, &amp; temperandum ipsum. motus igi</Unicode>
                </TextEquiv>
            </TextLine>
            <TextLine id="r5l27" custom="readingOrder {index:24;}">
                <Coords points="726,1138 1139,1136 1152,1149 1219,1138 1211,1098 1168,1110 1086,1097 943,1109 928,1095 911,1109 726,1108"/>
                <Baseline points="731,1129 756,1129 781,1130 807,1130 832,1130 858,1130 883,1130 908,1129 934,1129 959,1129 985,1129 1010,1128 1036,1128 1061,1128 1086,1128 1112,1128 1137,1128 1163,1128 1188,1128 1214,1128"/>
                <TextEquiv>
                    <Unicode>tur anhelitus dat animalibus quali¬</Unicode>
                </TextEquiv>
            </TextLine>
            <TextLine id="r5l28" custom="readingOrder {index:25;}">
                <Coords points="722,1179 1215,1177 1215,1147 991,1149 961,1134 928,1150 833,1141 816,1158 783,1141 722,1148"/>
                <Baseline points="727,1167 752,1168 777,1168 803,1168 828,1168 854,1168 879,1168 904,1168 930,1168 955,1168 981,1167 1006,1167 1032,1167 1057,1167 1082,1167 1108,1167 1133,1167 1159,1168 1184,1168 1210,1168"/>
                <TextEquiv>
                    <Unicode>tatem. D.d. ex istis igitur motibus,</Unicode>
                </TextEquiv>
            </TextLine>
            <TextLine id="r5l29" custom="readingOrder {index:26;}">
                <Coords points="726,1219 1223,1218 1223,1181 1201,1174 1174,1189 859,1173 792,1193 726,1180"/>
                <Baseline points="731,1207 756,1207 782,1206 807,1206 833,1206 859,1206 884,1206 910,1205 936,1205 961,1205 987,1205 1012,1205 1038,1205 1064,1206 1089,1206 1115,1206 1141,1206 1166,1206 1192,1205 1218,1205"/>
                <TextEquiv>
                    <Unicode>&amp;c. i. in istis motibus scilicet augmento, di¬</Unicode>
                </TextEquiv>
            </TextLine>
            <TextLine id="r5l30" custom="readingOrder {index:27;}">
                <Coords points="729,1251 1225,1250 1225,1221 729,1220"/>
                <Baseline points="734,1245 759,1245 785,1244 810,1244 836,1244 861,1244 887,1244 913,1244 938,1244 964,1244 989,1244 1015,1244 1040,1244 1066,1245 1092,1245 1117,1245 1143,1245 1168,1245 1194,1245 1220,1244"/>
                <TextEquiv>
                    <Unicode>minutione, &amp; alteratione mouetur,</Unicode>
                </TextEquiv>
            </TextLine>
            <TextLine id="r5l31" custom="readingOrder {index:28;}">
                <Coords points="730,1292 1217,1295 1217,1264 1199,1252 730,1261"/>
                <Baseline points="735,1284 760,1283 785,1283 810,1282 835,1282 860,1282 885,1281 910,1281 935,1281 960,1281 986,1281 1011,1282 1036,1282 1061,1282 1086,1282 1111,1282 1136,1282 1161,1283 1186,1283 1212,1283"/>
                <TextEquiv>
                    <Unicode>animal, sine eo, quod moueatur ex se,</Unicode>
                </TextEquiv>
            </TextLine>
            <TextLine id="r5l32" custom="readingOrder {index:29;}">
                <Coords points="724,1327 1225,1330 1225,1292 1203,1289 1158,1302 1033,1293 1016,1310 949,1289 918,1303 724,1294"/>
                <Baseline points="729,1322 754,1321 780,1320 806,1320 832,1319 858,1319 884,1319 909,1319 935,1319 961,1320 987,1320 1013,1320 1039,1320 1064,1320 1090,1321 1116,1321 1142,1321 1168,1321 1194,1321 1220,1321"/>
                <TextEquiv>
                    <Unicode>sed etiam quiescens. D.d. Et causa</Unicode>
                </TextEquiv>
            </TextLine>
            <TextLine id="r5l33" custom="readingOrder {index:30;}">
                <Coords points="729,1370 1211,1370 1211,1340 1181,1326 1042,1332 1028,1346 942,1326 882,1341 729,1333"/>
                <Baseline points="734,1359 760,1359 786,1358 812,1358 838,1358 865,1357 891,1357 917,1357 943,1358 970,1358 996,1358 1022,1358 1048,1358 1074,1358 1101,1358 1127,1358 1153,1358 1179,1358 1206,1357"/>
                <TextEquiv>
                    <Unicode>istorum motuum, &amp;c. i. &amp; causa isto¬</Unicode>
                </TextEquiv>
            </TextLine>
            <TextLine id="r5l34" custom="readingOrder {index:31;}">
                <Coords points="733,1402 888,1402 919,1415 943,1401 1215,1403 1215,1374 1135,1377 1117,1364 1059,1376 1036,1364 733,1373"/>
                <Baseline points="738,1398 764,1397 790,1397 816,1397 842,1397 869,1397 895,1397 921,1397 947,1397 974,1397 1000,1398 1026,1398 1052,1398 1078,1398 1105,1398 1131,1397 1157,1397 1183,1397 1210,1396"/>
                <TextEquiv>
                    <Unicode>rum motuum, qui sunt in animali, non ex</Unicode>
                </TextEquiv>
            </TextLine>
            <TextLine id="r5l35" custom="readingOrder {index:32;}">
                <Coords points="724,1441 1214,1442 1214,1413 1190,1405 1124,1416 724,1404"/>
                <Baseline points="729,1436 754,1436 779,1436 804,1436 830,1436 855,1436 880,1436 905,1435 931,1435 956,1435 981,1435 1006,1435 1032,1435 1057,1435 1082,1435 1107,1435 1133,1436 1158,1436 1183,1436 1209,1436"/>
                <TextEquiv>
                    <Unicode>se, est corpus continens, &amp; illa, quae in</Unicode>
                </TextEquiv>
            </TextLine>
            <TextLine id="r5l36" custom="readingOrder {index:33;}">
                <Coords points="730,1482 1184,1482 1216,1494 1216,1453 1149,1444 730,1452"/>
                <Baseline points="735,1474 760,1474 785,1473 810,1473 835,1473 860,1473 885,1473 910,1473 935,1473 960,1473 985,1473 1010,1473 1035,1473 1060,1473 1085,1473 1110,1473 1135,1473 1160,1474 1185,1474 1211,1474"/>
                <TextEquiv>
                    <Unicode>trant suum corpus. Et intendebat quod</Unicode>
                </TextEquiv>
            </TextLine>
            <TextLine id="r5l37" custom="readingOrder {index:34;}">
                <Coords points="733,1518 1223,1522 1223,1493 1081,1480 1065,1492 866,1493 821,1479 807,1492 790,1480 733,1493"/>
                <Baseline points="738,1511 763,1511 788,1512 813,1512 839,1512 864,1512 889,1512 914,1512 940,1512 965,1511 990,1511 1015,1511 1041,1511 1066,1511 1091,1511 1116,1511 1142,1511 1167,1511 1192,1511 1218,1511"/>
                <TextEquiv>
                    <Unicode>causa istorum motuum sunt res di¬</Unicode>
                </TextEquiv>
            </TextLine>
            <TextLine id="r5l38" custom="readingOrder {index:35;}">
                <Coords points="731,1562 835,1551 1204,1561 1204,1525 1157,1519 731,1519"/>
                <Baseline points="736,1549 761,1550 787,1550 813,1550 838,1550 864,1549 890,1549 916,1549 941,1549 967,1549 993,1549 1018,1550 1044,1550 1070,1550 1096,1550 1121,1550 1147,1550 1173,1550 1199,1550"/>
                <TextEquiv>
                    <Unicode>stinctae ab animali, aut extrinsece</Unicode>
                </TextEquiv>
            </TextLine>
            <TextLine id="r5l39" custom="readingOrder {index:36;}">
                <Coords points="727,1594 1129,1593 1149,1606 1217,1594 1217,1563 727,1565"/>
                <Baseline points="732,1589 757,1588 782,1588 807,1587 833,1587 858,1587 883,1587 908,1587 934,1587 959,1587 984,1588 1009,1588 1035,1588 1060,1588 1085,1588 1110,1588 1136,1588 1161,1588 1186,1588 1212,1587"/>
                <TextEquiv>
                    <Unicode>aut intrinsece. D.dedit exemplum</Unicode>
                </TextEquiv>
            </TextLine>
            <TextLine id="r5l40" custom="readingOrder {index:37;}">
                <Coords points="730,1633 1221,1634 1221,1604 1190,1597 1079,1612 1013,1594 730,1605"/>
                <Baseline points="735,1625 760,1625 785,1625 810,1625 836,1625 861,1625 886,1625 912,1625 937,1625 962,1625 988,1625 1013,1625 1038,1625 1064,1625 1089,1625 1114,1626 1140,1626 1165,1626 1190,1626 1216,1626"/>
                <TextEquiv>
                    <Unicode>mouentium intrinsecus, cum sint</Unicode>
                </TextEquiv>
            </TextLine>
            <TextLine id="r5l41" custom="readingOrder {index:38;}">
                <Coords points="728,1674 922,1682 971,1665 1169,1682 1222,1671 1222,1644 1200,1635 871,1646 728,1634"/>
                <Baseline points="733,1664 758,1664 783,1664 809,1664 834,1664 860,1664 885,1664 911,1664 936,1664 962,1664 987,1664 1013,1664 1038,1664 1064,1664 1089,1663 1115,1663 1140,1663 1166,1663 1191,1663 1217,1664"/>
                <TextEquiv>
                    <Unicode>latentiora, &amp; quomodo erunt causae quie</Unicode>
                </TextEquiv>
            </TextLine>
            <TextLine id="r5l42" custom="readingOrder {index:39;}">
                <Coords points="732,1711 883,1720 1087,1705 1173,1724 1223,1711 1223,1676 732,1677"/>
                <Baseline points="737,1701 762,1702 787,1702 812,1702 838,1702 863,1702 888,1703 914,1703 939,1703 964,1703 990,1703 1015,1703 1040,1702 1066,1702 1091,1702 1116,1702 1142,1702 1167,1702 1192,1702 1218,1702"/>
                <TextEquiv>
                    <Unicode>tis eius quandoque ex se, &amp; motus eius quam,</Unicode>
                </TextEquiv>
            </TextLine>
            <TextLine id="r5l43" custom="readingOrder {index:40;}">
                <Coords points="732,1746 968,1746 985,1759 1021,1745 1218,1745 1218,1716 1181,1726 1081,1709 965,1724 926,1709 877,1725 855,1709 840,1722 732,1711"/>
                <Baseline points="737,1740 762,1740 787,1741 812,1741 837,1741 862,1741 887,1741 912,1741 937,1741 962,1741 987,1740 1012,1740 1037,1740 1062,1740 1087,1740 1112,1740 1137,1740 1162,1740 1187,1740 1213,1740"/>
                <TextEquiv>
                    <Unicode>doque ex se, &amp; d. v. g. nutrimentu in</Unicode>
                </TextEquiv>
            </TextLine>
            <TextLine id="r5l44" custom="readingOrder {index:41;}">
                <Coords points="731,1792 899,1782 1109,1794 1127,1782 1146,1797 1219,1778 1219,1758 1102,1749 1041,1749 1025,1765 971,1749 731,1757"/>
                <Baseline points="736,1777 761,1777 786,1777 811,1777 836,1777 861,1777 886,1777 912,1778 937,1778 962,1778 987,1778 1012,1778 1037,1778 1063,1778 1088,1778 1113,1777 1138,1777 1163,1776 1188,1775 1214,1774"/>
                <TextEquiv>
                    <Unicode>quibusdam animalibus, &amp;c. i. v. g. nu¬</Unicode>
                </TextEquiv>
            </TextLine>
            <TextLine id="r5l45" custom="readingOrder {index:42;}">
                <Coords points="733,1822 1204,1826 1217,1788 733,1793"/>
                <Baseline points="738,1816 764,1816 790,1815 817,1815 843,1815 869,1815 896,1815 922,1815 948,1815 975,1816 1001,1816 1027,1816 1054,1815 1080,1815 1106,1815 1133,1814 1159,1814 1185,1813 1212,1812"/>
                <TextEquiv>
                    <Unicode>trimentum adueniens corpori animalis</Unicode>
                </TextEquiv>
            </TextLine>
            <TextLine id="r5l46" custom="readingOrder {index:43;}">
                <Coords points="726,1864 784,1875 869,1859 1144,1858 1167,1874 1219,1858 1219,1826 1143,1820 946,1835 726,1825"/>
                <Baseline points="731,1855 756,1855 781,1855 807,1855 832,1854 858,1854 883,1854 908,1854 934,1853 959,1853 985,1853 1010,1853 1036,1852 1061,1852 1086,1852 1112,1851 1137,1851 1163,1851 1188,1850 1214,1850"/>
                <TextEquiv>
                    <Unicode>in quibusdam animalibus, scilicet quae </Unicode>
                </TextEquiv>
            </TextLine>
            <TextEquiv>
                <Unicode>tum post quietem. Et hoc intende
bat, cum dixit: quoniam non est causa ex¬
se, &amp;c. i. &amp; causa in hoc, quod prima cau
sa in hoc, quod habntia animas, quae sunt hic,
mouentur quandoque, &amp; quiescunt quandoque,
non est ex se. i. quod ista causa non est cau
sa, propter quam mouetur ex se, sed 
alia causa ex rebus continentibus, &amp; ad
uenientibus ex extrinseco facit in 
animalibus motus naturales. &amp; illi mo
tus erunt causae vt motor, per quem
mouentur ex se, moueat quandoque,
&amp; quandoque non moueat. D.dedit exem
plum istorum motuum, &amp; quomodo 
accidit ex eis hoc, &amp; d. v. g. auomen
tum, &amp;c. i. v. g. hoc, quod accidit ani¬
mali in suo corpore de motu auo¬
menti a nutrimento, &amp; de motu di¬
minutionis a rebus extrinsecis, &amp; a de
fectu nutrimenti etiam. &amp; hoc, quod
accidit ei, &amp; de motu in qualitate
apud anhelitum. anhelitus enim est in anima
libus ad infrigidandum calorem natu¬
ralem, &amp; temperandum ipsum. motus igi
tur anhelitus dat animalibus quali¬
tatem. D.d. ex istis igitur motibus,
&amp;c. i. in istis motibus scilicet augmento, di¬
minutione, &amp; alteratione mouetur,
animal, sine eo, quod moueatur ex se,
sed etiam quiescens. D.d. Et causa
istorum motuum, &amp;c. i. &amp; causa isto¬
rum motuum, qui sunt in animali, non ex
se, est corpus continens, &amp; illa, quae in
trant suum corpus. Et intendebat quod
causa istorum motuum sunt res di¬
stinctae ab animali, aut extrinsece
aut intrinsece. D.dedit exemplum
mouentium intrinsecus, cum sint
latentiora, &amp; quomodo erunt causae quie
tis eius quandoque ex se, &amp; motus eius quam,
doque ex se, &amp; d. v. g. nutrimentu in
quibusdam animalibus, &amp;c. i. v. g. nu¬
trimentum adueniens corpori animalis
in quibusdam animalibus, scilicet quae </Unicode>
            </TextEquiv>
        </TextRegion>
    </Page>
</PcGts>
