1416 2066
194 181 703 241 qua predictarum, Antiqui non subti¬
194 224 706 278 cuissent ipsum. Alia opinio est, quae te
194 269 706 306 net fortunam esse aliam causam praeter
213 314 706 346 illas quatuor praedictas, diuinam ta
214 342 706 386 men, cuius essentia est ignota, hae
215 384 699 429 igitur duae fuerunt Antiquorum opi¬
212 421 701 473 niones de fortuna, & eo, quod spon
194 460 700 511 te. Quod autem ipsa fortuna, & id, quod
214 499 702 543 sponte, sint aliud, qui pdictae quatuor
207 536 698 578 causae, est de se notum. dicimus. enim Soc
212 577 705 618 interfecisse Platonem ex electione, non
212 613 705 658 dicimus tamen eum interfecisse a fortu
215 653 699 698 na: dicimus tamen interfecisse sibi ob¬
211 692 705 731 uium a fortuna: & ideo dicimus
216 733 702 782 persecutum fuisse quempiam, quem
194 773 707 822 offendisse Deus voluit. Id igitur quid
210 809 692 851 casu fit, & id, quod per electioiiem, ma¬
215 848 707 890 nifeste sunt duae res distinctae. Iden
214 885 702 930 tidem quod a fortuna, & id, quid a natu¬
215 927 693 979 ra prouenst. nam sextus digitus di¬
214 965 705 1010 citur a. fortuna productus, non tamen a
211 1004 702 1058 natura. sunt igitur, & haec duo inter
216 1044 702 1082 se distincta, fortuna videlicet, & na
214 1087 694 1123 tura, cum id, quod ex eis prodiit, sit di¬
209 1123 697 1166 uersum. Ratio autem, quam afferunt,
210 1159 698 1214 quod Antiqui nihil de fortuna locuti
211 1198 697 1253 fuerunt, nulla est: quoniam tempus po¬
208 1236 697 1287 test veritatem ostendere, qui enim fue¬
212 1284 698 1314 aunt illis recentiores locuti sunt de
204 1316 698 1366 fortuna, ad eamque aliquid rerum ascri
204 1353 698 1405 pserunt: & ideo ei id adsciibunt, quia
205 1391 707 1441 nihil aliud cognoscunt, cui possunt
208 1431 704 1483 id attribuere, & prpea dicunt multa
209 1470 703 1513 homins membra esse a fortuna, quia
206 1509 697 1559 ignorant eorum causas, & propter
202 1549 697 1596 hoc nonnulli eorum coelum, eiusque
209 1589 695 1626 motum, & ordinem ad fortunam re¬
204 1629 700 1666 ferunt: latent enim eos huiusmodi rerum cau
207 1663 699 1714 sae, & hinc apparet quod nomen fortu¬
201 1702 695 1756 nae nihil praedictarum causarum po¬
194 1741 707 1796 test significare apud eos. Qui autem
194 1782 698 1829 putat multas harum rerum inferio
198 1821 705 1872 rum ad fortunam reserri, magis ex
205 1861 700 1914 cusatione dignus est, quad qui ordinem,
734 195 1222 234 ac rectitudinem apparentem a cor¬
738 228 1218 278 poribus coelestibus ci attribuit. nam
730 276 1225 319 nihil a fortuna in hoc genere rerum
734 308 1219 357 videtur innouari, sicut in generabi¬
730 343 1221 387 lium genere videtur, quae subilciun
736 389 1227 426 tur scilicet coelestibus corporibus. & prpea
743 425 1225 459 Arist. potius arguit contra Democri¬
732 457 1226 508 tum, & qui coelestia corpora ad for¬
737 498 1225 546 tunam refert, quae contra eum, qui mul¬
736 541 1214 579 ta inferiora illis ad fortunam referat.
735 574 1222 618 Habito igitur quod fortuna est aliquid in
734 612 1183 666 re, inuestigandum est quid sit.
767 652 1222 698 Licamus ergo neminemn latere quod
732 693 1222 744 eorum, quae fiunt, quaedam semper, vt
729 732 1216 770 solis ortus, atque occasus, quaedam vero
731 770 1217 810 vt frequenter fiunt, vt calor in aesta¬
732 807 1211 861 te, & frigus ihyemc, alia tamen vt raro
733 847 1227 890 sicut frigus in aestate, & calor in hye
733 886 1229 930 me. ea autem, quae a fortuna fiunt, nec
733 925 1220 969 in rebus necessarijs, neque, in his, quae
730 970 1223 1010 vt in pluribus sunt, fieri manifestum
737 1005 1227 1043 est, sed in his, quae vt in paucioribus
734 1041 1213 1094 sunt, quae a natura, & electione fiunt.
731 1081 1225 1130 Sed, cum ea, quae raro fiunt, duplici¬
734 1125 1221 1173 ter se habeant: nam quaedam pro¬
734 1164 1208 1207 pter aliquam causam, atque finem fiunt
730 1198 1217 1252 vt res, quae a natura, & electione sunt.
729 1237 1219 1282 quoniam ea, quae a natura, & electione oriun¬
731 1276 1219 1328 tur, prper aliquam causam certe fiunt, cum
734 1325 1221 1366 natura nihil frustra agat: quaedam
733 1356 1212 1394 vero alia a rebus, quae nullam cau¬
731 1393 1226 1443 sam intendunt, omnino fiunt, vt cum
730 1431 1227 1483 temere pilos est mento euellimus, nul
730 1470 1227 1520 loque proposito ad id habito. Constat
733 1508 1220 1558 autem ea, quae a fortuna fiunt, non
730 1548 1217 1600 cese huius generis, quid raro fit, sed eius,
726 1582 1223 1641 quod propter aliquam fit causam,
730 1626 1223 1678 & si raro et fiat: vt gratia exempli,
733 1664 1223 1712 siquis domum egreditur, id quidem
737 1701 1225 1753 pper aliquam agit causam, siue vt bal¬
730 1748 1221 1789 ueum, vel plateam, aliquoduem ora¬
731 1778 1218 1831 culum petat, aut aliqua alia causa
734 1821 1225 1865 proposita. Si autem in it: nere con¬
734 1860 1221 1899 tingat se aurcum inuenire, tunc di¬
