1416 2066
233 212 701 258 Quoniam ab hoc textu. 10.vsque ad XI
263 245 679 290 lectio Simplicum diuersa ab ea est,
288 281 654 333 quae communiter legitur, ideo,
300 317 632 364 ne quid liuic operi deesse vt
327 357 613 402 deretur, etiam Simplicu
343 393 601 435 lectionem hic anmota
369 433 573 478 re congruum esse
397 468 530 514 censuimus.
266 540 706 595 Omne itaque, quod fertur¬
221 585 711 635 aut a seipso mouetur, aut ab
224 628 715 690 alio. Quaecumque igitur a seipsis
223 680 713 722 mouentur, manifestum i his
226 716 719 771 quod simul sunt, id quod mo
215 762 719 818 uetur, & mouens, inest enim ip¬
220 813 717 850 sis primum mouens: quare ni
225 851 715 906 hil est intermedium. Quaecumque
223 893 719 936 vero ab alio mouentur, qua¬
231 941 715 982 drifariam necesse est fieri, qua¬
228 981 717 1033 tuor enim species lationis ab alio,
226 1029 715 1075 Tractio, Pulsio, Vectio, Ver
226 1069 719 1114 tigo. omnes enim secundum locum mo
228 1117 715 1170 tus in hos reducuntur. Impul
224 1157 718 1203 sio enim pulsio quaedam est, cum
230 1201 715 1258 mouens ab ipso insequens pel
229 1245 721 1298 lat. Expulsio vero, cum id,
230 1293 716 1346 quod mouerit, non insequatur,
235 1333 713 1387 Proiectio vero, quando ve¬
226 1378 726 1426 hementiorem fecerit, qui ab
222 1421 714 1467 ipso, motum secundum naturam la¬
232 1466 724 1522 tione, & vsque ad tantum ferat,
230 1511 724 1554 quoad motus vicerit. rursus
224 1554 720 1610 Depulsio, & Compulsio ex¬
225 1596 712 1656 pulsio, & tractio sunt. Depul
229 1644 715 1698 sio enim expulsio est. vel enim ab ip
229 1685 719 1730 so, vel ab alio est expulsio. Com¬
234 1729 717 1784 pulsio vero tractio, etenim
225 1773 725 1834 ad ipsum, & ad alium tractio.
747 180 1260 234 quare & quaecunque harum spe¬
748 224 1243 279 cies, vt Spathatio, & Radia¬
749 269 1240 314 tio: illa enim compulsio, haec ve
744 311 1244 366 ro depulsio: Similiter autem
742 357 1251 402 & aliae congregationes, & dif¬
746 413 1246 458 gregationes. omnes enim erunt
748 445 1250 498 depulsiones, aut compulsio¬
745 486 1249 546 nes: praeterquam quaecunque sunt,
743 532 1249 578 in generatione, ac corruptio¬
745 577 1250 626 ne. Simul autem manifestum
747 620 1249 674 quod neque est aliud quid genusmo¬
753 664 1243 722 tus quaed congregatio, & disgre¬
747 716 1250 763 gatio. omnes enim distribuuntur,
744 756 1243 810 in harum aliquas. Ampliusau¬
747 797 1243 842 tem Inspiratio quidem tra¬
752 840 1249 899 ctio, Expiratio vero pulsio
751 884 1248 931 sunt. Similiter autem & Sputatio¬
752 932 1247 978 & quicumque alii per corpus vel
750 980 1244 1018 excretiui, vel receptiui motus.
749 1020 1249 1066 hi enim tractiones, illi vero expul
746 1060 1247 1110 siones. Oportet autem & alios,
750 1105 1244 1162 qui secundum locum, reduce
748 1153 1250 1195 re. omnes enim cadunt in hos qua
753 1196 1239 1236 tuor. Horum autem rursus ve¬
746 1240 1244 1291 ctio, atque vertigo i tractionem,
755 1281 1239 1338 pulsionemque. Vectio enim secundum
748 1324 1234 1370 aliquem trium est modorum.
751 1370 1247 1415 quod enim vehitur per accidens
750 1413 1243 1461 mouetur. quoniam in eo est,
753 1461 1247 1514 quod mouetur, aut in eius,
757 1501 1247 1554 quod inouetur aliquo pellens
756 1550 1239 1599 vero vehit aut quod trahi¬
748 1589 1245 1646 tur, aut quod pellitur, aut quid
752 1645 1246 1690 vertigine ducitur, quare com
743 1680 1242 1723 munis est omnium vectio.
754 1724 1239 1779 Vertigo vero ex tractione,
752 1764 1236 1817 pulsioneque componitur. ne¬
