1416 2066
184 171 697 230 quendamodum non erat ante. ergo, si
198 226 701 266 posuerimus ipsum generari, erit an
205 255 680 296 te motus, &, si corrumpi, erit post.
199 292 692 344 D. incoepit declarare quomodo contingit
198 333 693 370 vt post corruptionem primi motus
195 368 701 410 sit alius motus, & dixit: quoniam cessare
197 413 695 456 aliquid, &c. i. quoniam, si primus motus,
198 453 696 499 quieuerit. quiete, in qua impossibile erit
196 480 693 529 vt illud, quid mouebat, moueatur post,
198 523 695 568 necesse est vt post quietem moti fiat in
202 556 699 606 eo aliqua dispo, quae faciat ipsum
194 592 695 643 non moueri post. & ista dispositio ne
202 630 695 679 cessario est motus, aut aliquid sequens
202 675 698 706 motum. & sic post primum motum
205 705 701 746 erit motus. quod est impossibile. Et
195 741 693 790 similite, si cessauerit primus motor a mo¬
203 781 688 830 uere, continget vt ante ipsum sit ali¬
206 820 688 866 motor, qui dedit ei disponem, per quam
200 855 689 906 fuit impossibile vt moueret, postque
205 893 393 947 erat possibile.
245 949 700 994 Et ipsum autem corruptibile
202 1004 690 1042 oportebit corruptum esse, cum
200 1037 693 1083 corrumpitur. & huius corruptiuum
206 1083 699 1130 rursus posterius. corruptio enim mu
203 1117 692 1166 tatio quaedam est. Si igitur haec
198 1156 690 1205 impossibilia sunt, manifestum est
205 1197 691 1246 quod est perpetuus motus, & non
207 1236 697 1277 aliquando quidem est, aliquan¬
204 1285 691 1321 do autem non. etenim sie dicere
196 1324 652 1363 figmento magis assimilatur.
246 1358 691 1418 Et etiam necesse est vt corrum
194 1413 687 1458 pens eorrupatur: quado corrupet.
205 1445 685 1512 & quod illud, quod corrupit istud
202 1492 690 1555 corrupatur etiam, postquam corrupit
202 1541 676 1599 illud, corruptio enim est aliqua trans
195 1597 687 1640 mutatio. Et, cum hoc fuerit impos
203 1632 697 1698 sibile, manifestu est quod motus est
202 1677 684 1743 aeternus, & quod no est quandoque.
201 1724 691 1782 & quadoque, no. & quod sermo dice
198 1770 660 1834 tis hoc magis assimilatur stulto.
767 180 1224 234 Cum declarauit quod primus, aut
733 217 1224 267 primi motus necesse est vt semper
724 253 1217 298 fuerint perper hoc, quod illud, quod moue
728 299 1218 341 tur illo motu, aut illa, quae mouentur
727 333 1219 371 illis motibus, si motus eorum fuerint
731 367 1219 418 uoui absque eo, quod pcederet eos mo¬
726 412 1218 450 tus, necesse est alterum duorum, aut
728 441 1222 483 illud, quod mouetur illo motu sit genera
727 479 1222 522 tum, aut aeternum. & manifestum est
727 516 1222 563 quod, si fuerit generatum, necesse est vt an¬
732 553 1214 596 te primum motum sit alius motus,
724 597 1216 641 & ante illum alius: & cum primus non
723 629 1220 675 erit, non erit vltimus. &, si illud, quid
722 665 1222 706 mouetur primo motu, fuerit aeter¬
729 709 1209 754 num, & postea generaretur suus motus,
728 746 1211 787 postque non fuit, necesse est vt antm pri¬
733 781 1217 826 mum motum sit motus, & aute pri
729 821 1223 866 mum motorem sit motor: quod est
722 852 1206 902 impossibile. Et, cum declarauit hoc
727 890 1219 938 vult declarare per istam viam, quod im¬
728 926 1216 977 possibile est vt motus vltimus sit, ita, quod
733 963 1219 1010 post illum non moueatur aliquid, per
726 1001 1210 1050 illam eandem viam, per quam decla¬
725 1045 1213 1082 rauit vt primus motus sit prior secundum
724 1077 1210 1126 tpens caeteris motibus. Illud enim quod mo
731 1113 1210 1155 uetur hoc motu vltimo, necesse est
730 1150 1211 1188 vt sit, aut aeternum, aut corruptibile.
722 1188 1207 1228 Si corruptibile habebit corrumpens,
730 1225 1201 1266 & reuertetur quod de isto corrumpente
727 1264 1211 1307 vtrum sit aeternum, aut habet cor¬
724 1308 1205 1346 rumpens. si igitur est corruptibile
724 1336 1209 1378 erit necesse vt sic procedat in infini
726 1373 1213 1425 tum. quod est impossibile. ergo necesse
731 1412 1209 1451 est vt illud, quod mouetur vltimo
723 1449 1210 1490 motu, sit aeternum. Si igitur fuerit
724 1486 1202 1523 aeternum, & motor illius sit aeternus
723 1530 1211 1573 reuertetur quaestio in eo, qua de causa
726 1564 1214 1602 motor aeternus, & motum aeternum
726 1598 1213 1642 semper fuerint in hac dispositione,
729 1637 1209 1685 ilicet hoc mouere, & hoc mouen, & po¬
726 1672 1210 1722 stea cessauerunt a motu, postque fue¬
724 1710 1212 1759 runt in motu tpre infinito. Ergo illic
723 1749 1211 1794 est necessarium vt ante primum mo¬
722 1789 1211 1835 tum, & primam rem motam, & primum moto
