1416 2066
185 173 693 242 quando utitur sua scientia perues
194 228 698 292 se. Sed non omnia, quae possunt age
197 285 692 322 re, aut pati, aut mouere, aut moue
197 332 703 383 ri, necessario possunt hoc, sed quan
197 367 693 431 do fuerint talis dispositionis, aut
194 412 700 474 quando fuerint uicinantia sibi ad
193 460 693 515 inuicem: ita, quod quando fuerini
198 509 691 555 uicinantia sibi, hoc mouebit, &
193 554 698 602 hoc mouebitur, & cum fuerint in
201 597 691 659 illa dispositione, in qua hoc inna¬
205 653 696 690 tum erit mouere. & hoc innatum
210 693 374 746 est moueri.
202 746 697 795 Cum posuit quod causa quietis est
204 784 696 826 alia a causa motus, & quod, cum fuerit
212 822 696 875 positum aliquod motum, postque non
211 866 698 898 mouebatur, quod necesse est vt auferat
210 898 698 939 causa quietis, & quod ablatio illius est
213 937 701 974 transmutatio, aut sequens transmu
210 973 693 1010 tationem, & est manifestum hic esse
210 1012 700 1051 aliqua, quae faciunt duo contraria insi
208 1049 698 1097 mul, & apparet in eis mouere absque
213 1085 701 1130 eo, quod praecedat ea alius motus, &
207 1124 698 1162 sunt entia rationalia, incoepit decla
205 1158 693 1211 rare hoc, & nititur dissoluere quae¬
209 1199 694 1234 stionem accidentem in eo, & dixit:
205 1237 696 1280 Et quaedam mouent. i. & apparet quod
210 1276 700 1323 quaedam mouent motu singulari tam
209 1307 696 1346 tum scilicet vno duorum motuum contra¬
204 1356 699 1399 riorum, & quaedam mouent duobus
208 1385 694 1423 motibus insimu, scilicet in horis diuersis,
207 1422 691 1466 TIlla enim quae mouent motu vno tan¬
201 1461 698 1506 tum, & non habent potentiam ad com¬
210 1501 703 1547 trarium sunt illa, quae mouent per vir
209 1540 695 1581 tutes naturales in eis. v. g. ignis, qui
211 1573 691 1610 ralefacit tamtum, & non infrigidat scilicet esen
207 1611 701 1660 tialiter: & nix, quae infrigidat, & non ca
209 1649 697 1694 lefacit. Illa autem, quae habent po¬
212 1685 691 1722 tentiam ad vtrunque contrarium, sunt vir
208 1724 693 1772 tutes scilicet comprehensiuae. Et hoc inten
211 1761 697 1812 debat, cum dixit: cognitio vero, &c.
213 1797 693 1835 i. virtutes autem rationales vident
726 178 1244 218 habere posse ad vtrunque contrarium.
726 221 1235 258 Et intendit hic per hanc dictionem
728 255 1239 298 existimatur, concedi ab omnibus aut
728 298 1230 341 a pluribus. Et, quia virtutes natura¬
734 333 1233 370 les agunt alterum contrariorum, &
739 366 1227 423 andoque reliquum per accidens, dixit:
732 405 1226 455 Sed apparet, &c. i. sed in virtutibus
724 445 1222 491 naturalibus est aliquod simile ei,
730 483 1228 528 quod inuenitur in virtutibus ratio¬
727 517 1227 569 nabilibus de hoc scilicet quod agunt vtrumque
730 555 1228 605 contrarium: quia altera actio est vir¬
726 597 1227 635 tutum naturalium per se, & reliqua
731 642 1229 679 per accidens: in virtutibus autem ra¬
734 669 1226 714 tionabilibus duae actiones contrariae
728 708 1227 746 sunt essentialiter. Et, cum notificauit
732 749 1212 795 quod virtutes naturales habent etiam
725 782 1219 834 hoc, dedit exemplum, & dixit: Tfri¬
724 821 1220 870 gus enim &c. & intendit per hoc, quod
725 861 1217 897 dixit reuertitur. hoc, quod calor exi¬
727 894 1215 938 stens in re reuertitur de extrinseco
732 937 1225 983 i intrinsecum per frigus: ex quo ac
728 973 1227 1010 cidit quod illud ens calefacit modo ac
731 1012 1221 1050 cidentali. & hoc intendebat, cum di
726 1046 1221 1096 xit, quoquo modo. Et quia iste mo
729 1084 1219 1136 dus transmutationis scilicet qui est per ac¬
726 1121 1219 1162 cidens, fit ex virtutibus rationali¬
727 1158 1225 1197 bus, sicut fit ex virtutibus naturali¬
730 1196 1223 1245 bus, notificauit hoc, quod dixit: sicut
727 1237 1221 1282 sciens, &c. i. quod frigidum calefacere per ac¬
731 1272 1223 1324 cus est simile peccato artificis, quando erra
729 1309 1211 1346 uerit circa contraria vero. & iste est
727 1348 1219 1397 ille, qui vtitur sua scientia peruerse.
730 1387 1208 1426 cilicet qui vtitur sua scientia econtrario
724 1423 1216 1466 ci, quo deberet vti. Et forte induxit
722 1461 1219 1509 hoc post illud, quod intendebat de¬
731 1500 1223 1546 clarare de improbabilitate, contiu¬
723 1533 1217 1586 vente ponentibus omnia fuisse qe¬
726 1563 1212 1621 scentia tempore infinito propter al
722 1614 1216 1651 terum duorum: aut ad declarandum
726 1650 1216 1698 quod, si fuerit positum quod omnia erant
731 1684 1218 1736 quiescentia, deinde incoeperunt mo
734 1725 1213 1771 ueri, quod non sequitur in omnibus hoc,
733 1765 1213 1812 ilicet vt causa motus sit alia a cam quie
725 1797 1221 1842 tis, & causa motus illius causae sit
