1416 2066
209 181 717 240 Et, cum genera causarum sunt qua
209 229 715 266 tuor, manifestum est quod causa infini
218 265 716 315 ti est materia, & quod, si infinitum pona
224 305 716 359 tur causa, erit cam secundum materiam. aquoniam
230 349 715 393 quiditas infiniti est priuatio finis,
218 385 720 430 & causa priuationis est materia, sed
227 427 725 466 subiectum istius priuationis non est
221 462 716 505 materia abstracta a forma. sed sub
223 501 716 546 iectum per se istius priuationis est
219 540 717 593 corpus continuum sensibile, compo¬
224 580 721 631 situm ex materia, & forma, secundum quod est
227 620 707 658 materiatum, non secundum quod est forma
223 667 713 699 tum. D.d. Et videmus omnes lo¬
223 698 715 742 quentes de infinito, &c. i. vt Plato¬
227 741 711 779 nem, qui ponit ipsum magnum, &
231 772 713 813 paruum, & illos, qui ponunt ipsum
227 821 721 862 numeros, & ponunt ipsum quasi ma
222 853 711 891 teriam, ideo necesse est vt sit con¬
220 889 580 931 rentum, non continens.
214 965 717 1018 Destruuntur. rationes, quae probare vi¬
267 1008 699 1050 lentur dari infinitu in actu. Cap. S.
330 1053 715 1117 Eliquum est autem aggre¬
279 1100 714 1146 di secundum quas rationes infi
330 1141 709 1194 nitum esse videtalr, non solum po¬
222 1181 725 1226 tentia, sed vt determinatum.
226 1225 723 1266 Alia enim ipsorum non necessaria
223 1268 715 1321 sunt, alia autem habent alias quas¬
227 1308 715 1355 dam veras obiectiones. Neque
227 1350 715 1402 enim vt generatio non deficiat, ne
227 1397 719 1441 cessarium est actu infinitum esse
228 1444 719 1482 corpus sensibile. contingit enim alte
220 1478 714 1530 rius corruptionem generationes
225 1519 713 1570 alterius esse, cum omne finitum sit.
274 1572 715 1621 Et oportet nunc narrare sermo
226 1613 713 1675 nes, ex quibus existimatur non
227 1661 709 1714 solum materiam esse in potentia.
227 1708 707 1771 sed est existens per se. Quidam enim
227 1756 717 1818 eorum sermonum non est necessa¬
221 1800 707 1862 rius, & in quibusdam sunt obie¬
218 1863 707 1914 ctiones verae. Quoniam. vt non ge¬
743 181 1255 247 ueratio deficiat, est in actu corpus:
747 236 1241 298 infinitum sensibile. quoniam pos¬
747 285 1249 346 sibile est vt corruptio alterius sit
748 333 1232 398 generatio reliqui, & totum, &
757 381 1047 442 vtrunque finitum.
795 451 1255 502 Cum numerauit quinque tationesi,
746 496 1241 541 probando infinitum esse, incoepit
751 528 1245 570 demonstrare deceptiones in eis, &
753 567 1239 619 dixit: Et oportet nunc, i. & postque
746 603 1245 650 diximus de modo infiniti possibili,
745 650 1245 698 & impossibili, oportet nos narrare
745 676 1244 738 sermones, ex quibus existimatur quod
749 724 1239 768 infinitum non est solum modo in
754 761 1228 814 potentia, sed in actu. quidam enim il¬
745 804 1237 850 lorum sermonum sunt veri, sed non
744 842 1239 894 sequitur ex eis illud, quod reputant
749 879 1253 924 sequi, & quidam sunt falsi, & habent.
751 917 1247 963 contradictiones veras. Deinde incoe¬
756 957 1240 1007 pit a ratiocinatione, quae est ex re¬
753 998 1235 1042 pus veris, sed non conclusit illud,
752 1037 1233 1089 uod existimant, & dixit: Quam vt ge¬
740 1077 1247 1125 neratio non deficiat, &c. i. quoniam, non
747 1113 1233 1161 quia generatio non deficit, est ne¬
744 1152 1240 1194 cesse corpus in actu esse infinitum
749 1191 1237 1244 sensibile. generatum enim quia oceu¬
746 1228 1234 1279 pat locum corrupti, non est necesse
748 1269 1237 1323 ex hoc, quod generatio est in infinitum,
745 1308 1239 1359 locum esse infinitum. quoniam, si locus pr¬
749 1350 1240 1402 cessit generatum, & generatum est fa
749 1386 1221 1440 ctum successiue in infinitum, & gene¬
747 1424 1237 1474 ratio generati non sit corruptio al¬
743 1464 1237 1514 terius, tunc necesse est locum esse in¬
749 1504 1235 1558 finitum, & vt totum addatur in po
744 1546 1234 1594 tentia in infinitum, & sic poterit exire
744 1582 1239 1626 in actum: sed quia hoc non est, im
741 1624 1236 1666 mo generatio alicuius est corruptio
743 1660 1237 1706 eius, ex quo generatur: ideo non sequi¬
746 1699 1234 1754 tur ex hoc illem, quid existimabant seque.
782 1772 1245 1830 Amplius tangere, & finitum
751 1821 1241 1866 esse alterum est. illud enim ad ali¬
746 1862 1247 1914 quid est, & alicuius Ctangit enim
