1416 2066
160 181 672 245 cus vnius glebae, & locus totius
173 233 677 291 ignis est locus vnius scintillae. Si
175 283 671 346 ligitur infinitum totu est vna spens,
175 329 663 379 erit immobile, aut compelletur se¬
172 377 672 442 per. Sed hoc est impossibile. descen
173 428 673 495 dere enim non est dignius, quam
178 473 667 541 ascendere, aut ire ad aliam partem.
174 524 671 594 & intelligo, vt si posuerint ipsam
174 572 667 640 gleba, quo igitur mouebitur ista,
171 625 665 691 & vbi quiescitem locus enim corporis,
181 674 671 739 qui est huius generis, est infinitus.
171 722 663 786 vtrum igitur occupat totum locus,
160 769 667 835 & quo erit hocus Et quo quiescet, et
177 820 669 875 mouebitur, & vbi eritus haec autest
170 869 646 938 n omni loco quiescens, & mota.
215 933 669 989 Cum contradixit proprie dicen¬
171 976 671 1018 tibus infinitum esse corpus simplex
175 1016 670 1064 extra elementa, & similiter dicentibus ip
174 1058 664 1098 sum esse vnum efntorum, incoepit com
181 1097 663 1145 tradicere eis communiter, vt pro¬
173 1133 667 1187 misit, & proposuit ad hoc proposi¬
177 1172 663 1225 tiones, quarum Prima est, quod omne corpus
176 1212 669 1258 sensibile habet vbi, Secunda autem est,
178 1255 671 1296 quod vniuscuiusque corporum sensibilium
172 1293 669 1343 locus partis naturalis, in quo quiescit,
182 1329 657 1370 & locus totius sunt idem numero.
160 1370 667 1420 Tertia vero est, quod omne corpus habet lo¬
177 1411 671 1450 cum naturalem, & locum non natura¬
175 1451 669 1498 lem, & quod in naturali quiescit, & ex¬
175 1486 667 1538 tra ipsum mouetur ad ipsum. & ta¬
172 1529 666 1570 cuit istam tertiam, quia sequitur ex se
172 1573 669 1620 cunda. D.iungit istis propositionem,
175 1603 670 1659 ict corpus simplex esse infinitum, & in¬
173 1644 673 1697 duxit ad impossibile. infinitum enim
173 1688 673 1737 habet vnum locum infinitum. quapro¬
180 1724 666 1773 pter, si innatum est quiescere in ille
182 1764 674 1816 vbi, necesse est vt non moueatur, quia
170 1811 655 1842 non habebit locum extra suum lo
170 1844 668 1890 cum naturalem, sicut hiasunt corpora
173 1881 669 1938 simplicia, quae mouentur motu, recto,
705 185 1192 242 aut mouebitur semper per fuas partes.
705 228 1201 277 quod est impossibile. iam enim posui¬
703 270 1194 318 mus, quod pars naturaliter mouetur secundum
700 312 1201 356 quod totum: sed torum non habet locum
700 348 1204 399 distictum naturaliter ab illo, quod
698 384 1192 439 est extra naturam: ergo non habet
697 426 1203 477 motum: ergo neque pars nabebit mo¬
701 464 1201 506 tum, quia tunc non mouebitur magis
700 504 1197 546 ad aliquam partem, qua ad oppositam.
707 543 1205 586 Et hoc intendebat, cum dixit: aut
697 582 1190 628 compelletur semper, i. mouebitur semper
702 627 1195 675 per suas partes naturaliter ad superius,
697 660 1200 706 aut ad inferius, sed descendere non
697 708 1198 750 est dignius, quam ascendere. sed causa in
705 738 1201 786 hoc est, quia non habet duo loca, scilicet
699 780 1199 825 locum naturalem, & inaturalem. v. g.
699 819 1205 871 quoniam, si terra esset infinita, tunc gleba
701 858 1196 910 non haberet duo loca, in quorum
707 896 1200 950 vno moueretur, & in reliquo quieste
702 936 1196 990 ret. locus enim terrae esset vnus, quia est
703 977 1201 1027 infinitus. & ideo dixit: vtrum igitur
698 1016 1198 1070 occupat totum locums i. vtrum igitur
702 1056 1204 1109 pars implet totum locum: &, si non
694 1101 1202 1146 implet, quomodo moueturs & quo
702 1140 1204 1187 modo quiescetus i. quomodo potest
707 1172 1195 1226 quis dare causam in motu partis il¬
704 1213 1189 1267 lius corporis quandoque, & in quiete illius
703 1261 1191 1302 quandoque, & vbi quiescit, & vbi moue¬
697 1293 1199 1339 tur. quod eni est tale habet duo lo¬
698 1332 1199 1370 ca, sed infinitum habet vnum locum.
719 1372 1197 1410 D.d, aut est in omni loco, &c. i. &
711 1410 1199 1449 ponens hoc, necessario debet conce
707 1447 1200 1491 dere hanc diuisionem, quoniam aut
700 1486 1196 1538 ponet quod locus quietis est alius a lo¬
707 1535 1207 1570 co motus, aut quod locus quietis, &
699 1565 1202 1613 motus est idem. ex quo fequitur quod
701 1605 1199 1658 in eodem loco quiescat, & mouea¬
704 1644 1203 1690 tur insimul, aut vt neque quiescat,
701 1684 1207 1736 neque moueatur. Et istae proposi¬
701 1724 1195 1776 tiones sunt necessariae in corporibus
703 1771 1195 1803 mobilibus motu recto, & in moti¬
706 1805 1184 1855 bus, quisunt corporis moti ex se
698 1853 1191 1888 non ab extrinseco. Tcorpus autem
706 1881 1195 1938 coeleste, quod non mouetur recte,
