1416 2066
165 173 681 218 &c. i. album vero, & vniuersaliter
181 213 680 264 qualitates sunt diuisibilia, quia sunt
179 252 679 290 in corpore, quod est diuisibile per se.
184 290 678 330 Et, cum narrauit quod diuisibilium ex¬
182 325 679 370 istis tribus quaedam sunt, quae sem¬
178 365 679 414 per diuiduntur per se scilicet tempus, &
186 402 681 453 transmutatum, & quaedam sunt, quo¬
182 447 679 482 rum quaedam diuiduntur per se. &
182 480 671 518 quaedam per accidens, & est illud
181 525 683 563 ad quod est transniutatio, narrauit
180 560 680 599 quod in illo, quod diuiditur per se in i¬
186 592 680 639 stis, non inuenitur primum per se,
182 627 675 674 & in illo, quod diuiditur per accuns,
184 668 675 713 inuenitur primum per se, & non per
176 705 668 745 accidens. & dixit: in illis autem om¬
183 741 675 793 nibus, &c. i. in transmutato, & tempo¬
178 778 675 829 re, & transmutatione, quae est in vbi,
180 817 671 858 & quanto: quoniam ista sunt diuisibilia
180 861 672 906 per se. Et, cum narrauit quod in istis non
184 894 672 935 inuenitur primum diuisibile, itera¬
181 937 681 979 uit suam demonstrationem super ista
182 970 673 1009 diuisibilia, cum in declarationibus
186 1007 672 1057 praedictis non distinguitur illud, quid
189 1044 677 1097 diuiditur per se, ab illo, quod diuiditur
182 1085 670 1129 per accidens, & dixit: Si igitur AEc,
187 1121 677 1170 &c. i. sit igitur spatium, per quod
186 1164 677 1208 motum mouetur primum sparium
183 1199 679 1242 ABC, & motus eius ex A ad per sit pri
180 1234 676 1274 mus motus. D.d. si igitur AB, &c. i.
190 1270 679 1321 si igitur Aui, quod est ex spatio pri¬
188 1316 671 1358 mum eius, per quod fit primus mo
187 1349 675 1399 tus, fuerir magnitudo indiuisibilis,
182 1389 681 1428 tunc motus per illud erit indiuisibi
184 1422 678 1467 lis: & sic iudiuisibile sequitur indiui¬
182 1461 671 1510 sibile: & sic magnitudo, & motus
182 1499 669 1550 erunt compositi ex indiuisibilibus:
185 1538 675 1579 quod est impossibile. D.d. &, si fuerit di
186 1572 666 1627 nisibile, &c. i. si igitur spatium ABfueril
180 1612 667 1650 diuisibile, tunc erit hoc spatium ante
182 1652 671 1691 spatium AB, in quod cecidit transmu¬
186 1688 672 1730 tatio, antequam caderet in sparium
191 1723 673 1775 AD. v. g. medietas spatil AE. & simi
181 1763 669 1802 liter sequitur vt ante transmutatio¬
187 1802 674 1850 nem, quae est in medietate istius spa¬
706 180 1203 217 til, sit minot transmutatio, & est il¬
714 214 1209 264 la, quae sit in medietate istius medie
712 251 1201 290 tatis: & sic proceditur in infinitum.
713 290 1207 338 D.d. ergo hic non est primum, &c.
712 325 1206 370 i. in motu locali. D.d. & similiter
708 365 1205 410 est de transmutatione quantitatis,
710 406 1203 443 i. in augmento, & diminutione. Et
708 445 1199 486 causa in hoc est, quod transmutatio in
711 476 1203 525 quanto est transmutatio in continuo
712 516 1198 565 per se, & declaratum est quod continuum
711 551 1207 594 emper diuiditur in diuisibile, econ
709 592 1199 630 uerso transmutationi in qualitate,
707 627 1207 665 scilicet quia non est in continuo. D.d. mani
708 665 1201 709 festum est igitur quod in motu, &c. i. quod
711 704 1195 751 possibile est vt in eo sit primum in¬
702 748 1174 780 diuisibile per se, & si sit diuisibile
710 776 1188 819 accidens. & hoc est ita, quia a mini¬
709 818 1179 859 mus color est terminatus per se
708 855 1193 899 quemadmodum minima forma est
707 892 1197 938 terminata scilicet quod minimum eius, quod
711 925 1191 970 potest esse coloratum in actu est ter
707 965 1187 1013 minatum: quemadmodum mini¬
709 1001 1191 1052 mum eius, quod potest esse aliquod
706 1038 1193 1083 demonstratum est terminatum. v.
702 1085 1188 1127 g. quoniam minima aqua est terminata.
700 1124 1188 1155 & similiter de aliis corporibus sim¬
708 1149 1028 1202 plicibus, & compositis.
743 1204 1176 1258 Ea quae sunt in motu, sese praecedere.
866 1253 1002 1291 Cap 1.
826 1293 1180 1338 Voniam autem omne
830 1341 1186 1382 quod mutatur, in tempo¬
800 1376 1187 1426 re mutatur: dicitur autem
704 1421 1178 1459 in tempore mutari & vt in pri
705 1460 1191 1511 mo, & vt secundum alterum, vt
704 1501 1187 1553 in anno, quia in diemutatur: in
704 1541 1190 1594 quo primo tempore mutatur id,
709 1584 1194 1632 quod mutatur, in quauis huius
701 1623 1189 1669 parte mutari necesse est. manife
703 1665 1195 1706 stum est igitur & ex definitione.
704 1704 1110 1754 primum enim sic dicebamus.
744 1745 1199 1803 Et, quia omne, quod transmuta.
695 1805 1195 1851 tur, transmutatur in tempore: &
