1416 2066
192 180 691 225 possibile est vt moueatur per medietatem
209 219 693 258 illius in medietate illius temporis: &
207 253 689 297 sic tempus diuidetur necessario. Et, cum
204 298 682 339 dixit: & illud, quod est aequalis velo
199 332 693 379 citatis, pertransii, &c. intendit conuer
202 369 687 417 sum scilicet quod illud, quod est aequalis ve¬
206 404 691 442 locitatis, pertransit spatium minus
205 443 689 493 in tempore minori. & propter hoc
204 478 686 530 verificabitur quod, cum magitudo di¬
204 516 685 554 uiditur. tempus diuiditur. Et forte
205 553 689 594 erat error in scriptura. quoniam in libro
210 591 692 627 Alexan. inuenimus loco istius, & in
210 627 686 666 minori aequalis motus perrramnsit mi
204 670 688 706 nus. i. & in minori magnitudine il¬
192 709 690 754 lud, quod est aequalis motus, ptran
204 741 692 779 sit per tempus minus. Et forte, cum
202 780 680 829 declarauit quod, cum magnitudo fue¬
200 815 687 866 rit diuisibilis, tempus erit diuisibile,
205 852 693 900 declarauit etiam conuersam, quod
202 892 693 941 intendebat scilicet quod, cum tempus fuerit
200 930 682 978 diuisibile, magnitudo erit diuisibi¬
202 964 685 1009 lis. & hoc manifestum est ex hoc, quoniam,
201 1001 689 1042 cum motum, quod est aequalis velo
200 1043 685 1087 citatis, mouetur per aliquam magni¬
202 1077 693 1122 tudinem, cum diuidit tempus, diui¬
202 1116 689 1166 dit magnitudinem. &, cum declara
200 1155 688 1199 uit quod, si tempus fuerit diuisibile, ma
202 1197 687 1238 gnitudo erit diuisibilis, fuit declara¬
206 1226 687 1266 tum quod, si magnitudo fuerit indiuisi
200 1263 688 1312 bilis, tempus erit indiuisibile. quoniam de¬
201 1299 687 1351 structo consequenti sequitur oppo
202 1337 689 1386 situm praecedentis. & in hoc capitu
194 1372 678 1410 lo intendebat declarare habitudi
198 1413 687 1463 nem, quae est inter spatium, & tem¬
202 1448 685 1498 pus, sicut est dispositio inter spatium,
198 1492 351 1523 & motum.
196 1540 693 1594 Md diuisionem magnitudinis sequi diuisio
280 1593 606 1634 nemtemporis, & econtra.
373 1628 503 1670 Cap. 1.
325 1661 686 1707 Voniam autem omnis magnitu¬
308 1706 690 1754 do in magnitudines di¬
232 1739 692 1794 Aaa uisibilis est: ostensum
718 188 1219 226 enim est quod impossibile est ex indiuiduis
719 221 1213 266 aliquod continuum esse: magni
714 262 1216 306 tudo autem omnis continua est: neces¬
720 303 1209 349 se est velocius in aequali tempo
720 341 1205 393 re maius, & in minori aequale,
720 381 1218 426 & in minori plus moueri: sicut
718 425 1216 466 definiunt quidam ipsum velocius.
714 461 1213 505 Sit enim ipsum, in quo A, eo, in quo
714 503 1218 555 ni, velocius. quoniam igitur velocius est
714 546 1214 599 id, quod prius mutatur, in quo
718 582 1219 634 tpere ipsum Amutatum est ab ipso
713 623 1213 675 Cin ipsum per, veluti in tpere TOl
721 666 1217 706 in hoc, ipsum eni nondum erit iux¬
722 707 1217 747 ta ipsum per, sed citra erit. quare
718 741 1227 794 in aequali tempore plus transit,
719 785 979 832 ipsum velocius.
769 866 1221 915 Et, cum omnis magnitudo est diuisi
719 909 1209 970 bilis in magnitudines: na declara¬
722 956 1215 1017 tu est quod impossibile est vt ma¬
714 1005 1210 1059 gnitudo componatur ex indiuisibili
715 1049 1211 1110 bus: & omnis magnitudo est cotinua:
716 1092 1218 1154 necesse est vt velocius in aequali sem
716 1141 1214 1195 pore cum motu tardiori per maius,
718 1196 1217 1242 & in minori tepore moueatur per
716 1237 1209 1294 maius, & etiam in minori tepore
716 1276 1220 1338 per aequale: vt quidam determinant
717 1325 1223 1387 uelocius. Sit igitur. A velocius, quam
723 1372 1221 1434 D. quoniam velocius est illud, quod
719 1428 1221 1475 citius mutatur, & tempus, in quo
716 1466 1218 1507 mutatur Ade Cin D,& sit A
714 1513 1218 1570 H, non potest in eo B peruenire ad
719 1557 1221 1619 D: ergo in aequali tepore velocius
710 1605 1156 1666 pertransit per maius spatium.
