1416 2066
198 180 712 243 quod augmentabile, & diminuibile ne
215 220 707 274 cesse est vt alteratio praecedat illa, de
219 261 707 314 clarauit hoc, & d. augmentum enim potes
217 300 708 355 dicere, &c. i. & necesse est vt augmen
223 341 704 390 tabile alteretur: & tunc augebitur
217 381 706 434 quodam modo a simili, & quodammodo a
221 420 707 468 contrario. i. quoniam nutrimentum, per
216 456 712 513 quod fit augmentum, quodam modo est
216 495 701 539 simile, & quodam modo contrarium
236 533 710 574 Et, cum dixit hoc de nutrimento,
217 573 703 610 dedit causam in hoc, & dixit: nutrmen¬
216 613 704 650 tum enim dicitur esse contrarium ad contra
217 647 711 690 rium, &c. i. est enim concessum quod nihil
217 684 707 737 agit in aliquod, nisi contrarium. &,
215 732 709 774 quia nutribile agit in nutrimentum,
219 760 709 802 nec esse est vt in nutrimento sit ali¬
216 804 704 844 qua pars contraria, &, quia nutrimen
211 835 708 887 tum copulatur in postremo cum
213 877 697 915 nutribili, necesse est vt in eo sit ali¬
210 909 712 962 qua pars similis. & hoc innuebat, cum
210 949 708 1001 dixit: & non copulatur in omni ge¬
214 988 702 1035 nerato, &c. Et, cum declarauit quod nu¬
213 1024 711 1076 trimentum est contrarium, & quod trans¬
210 1061 710 1103 fertur de contrarietate in similitudi
212 1106 704 1141 nem scilicet de contrario in contrarit in, &
212 1139 707 1178 transinutatio, quae est in contrarijs,
213 1174 711 1225 est alteratio, conclusit ex hoc quod nu¬
216 1216 712 1262 trimentum alteratur, & tunc auget, &
211 1250 708 1290 dixit: necesse est vt transmutatio de
207 1287 713 1322 contrario in contrarium sit altera¬
206 1333 709 1367 tio. D.d. Sed, cum fuerit alteratio,
198 1365 709 1409 necesse est vt sit aliquod alterans. &
214 1400 708 1452 hoc manifestum est per se. D.mani
217 1437 706 1478 festauit hoc, & di. quod extrahit illud,
212 1477 706 1515 quod est potentia, &c. i. & necesse est
216 1513 711 1554 vt alterans sit extra alteratum, & aliud
209 1548 706 1601 ab eo. quoniam alterans est illud,
212 1593 708 1638 quod extrahit rem de potentia in actum
206 1629 711 1666 in qualitate, secundum quod alterat. v.
207 1663 709 1716 gr. quoniam facit illud, quod est in
208 1701 712 1750 potentia calidu n, vel frigidum, cali¬
210 1749 706 1792 dum in actu, aut frigidum. & impos
213 1775 706 1829 sibile est vt illud, quod est in poten¬
210 1812 716 1858 tia calidum, au: frigidum, fiat calidum
743 181 1256 234 in actu, aut frigidum in actu, nisi l
745 220 1240 266 transmutans sit calidum in actu, vel
738 260 1243 313 frigidum in actu. D.d. Et manifestum
743 300 1239 352 emt quod dispositio motoris, &c. i. & quia
744 341 1240 388 primum alterans, quod non alteratur, non
738 379 1245 418 alterat semper, sed quandoque, necesse est
742 419 1247 457 vt non habeat se cum alterato a ea¬
742 456 1238 510 dem dispone, sed quandoque appropinquetur
741 495 1239 545 ei, & alteret, & quandoque remoueatur, &
742 533 1243 585 non alteret: & propinquitas, & distam
736 573 1243 619 tia non est, nisi per translationem: er¬
744 608 1237 660 go translatio praecedit naturaliter al
741 653 1239 698 terationem, scilicet quod, cum vtraque
733 684 1238 723 fuerit in actu: deinde alterans altera
741 723 1235 763 uit, postquam non alterabat: neces¬
741 762 1226 802 se est vt alterum moueatur in loco¬
737 800 1223 839 aut alterans, aut alteratum, aut vtrumque
738 836 1228 886 Si autem alterum fuerit generatum,
740 873 1239 915 aut vtrumque, & posuerimus hoc esse
736 917 1239 961 causam eius, quod quandoque alterat,
738 949 1234 994 & quandoque non, manifestabitur quod
740 987 1239 1037 translatio debet praecedere eodem mo
742 1024 1242 1074 do, cum alteratio etiam praecedat
740 1067 1234 1108 generationem. generatio enim aut
739 1100 1241 1146 est alteratio, aut sequitur alteratio¬
738 1135 1235 1184 nem. Et, cum declarauit quod transla
741 1174 1233 1221 tio praecedit istos duos motus, & di¬
734 1213 1238 1251 xit: Si igitur fuerit necessarium vt mo
743 1247 1233 1291 tus continuus sit, &c. idest, & hoc,
740 1292 1244 1333 quod dixit, bene sequitur. quoniam
740 1324 1228 1362 cum fuerit, necesse est vt sit hic mo
741 1362 1240 1407 tus aeternus: & motus aeternus est pri¬
738 1396 1238 1447 mus, & motus primus est translatio:
743 1445 1235 1474 necesse est, si fuerit hic motus aeter¬
740 1477 1238 1515 nus, vt sit hic translatio aeterna. Et,
743 1510 1241 1566 quia translatio quaedam est prior,
742 1549 1238 1594 v. circularis, & quaedam posterior, scilicet
742 1590 1243 1634 recta, d. &, si aliqua translatio est prior,
741 1628 1245 1666 &c. i. & apparet etiam ex hoc sermo
741 1664 1237 1706 ne in hoc loco, si translatio fuerit duo
752 1701 1239 1754 pus modis scilicet prior, & posterior, quod
742 1741 1236 1787 prior est aeterna. & ista prioritas, si¬
745 1776 1241 1817 cut diximus, declarabitur hic eo mo¬
737 1813 1242 1869 do, secundum quem sequitur vt trans¬
