1416 2066
180 181 693 232 i. aut dispon mouentium non erit ta¬
194 220 699 265 lis scilicet vt moueantur illo modo motus,
196 256 696 302 quo mouent: sed vnunquodo, mouen¬
198 301 690 347 tium mouet gmere motus alio a genere,
196 341 697 384 quo mouetur. v. g. vt transferens augea
198 380 699 421 tur, & augmentans alteretur, & alte
189 408 699 450 rans moueatur alio motu. D.d. sed,
191 452 697 496 si hoc fuerit, i. sed continget ex hoc
192 485 694 530 peruenire ad motorem, qui non mo¬
203 523 679 571 uetur. genera enim motuum, quib
201 557 693 594 mouentur motores, sunt finita. ver¬
198 596 695 646 bi gratia quod, si trans ferens transfert,
197 633 687 674 quando alteratur, & alterans alte¬
198 675 691 720 rat, quando augetur, sequitur neces
194 710 692 762 sario vt augmentans augmentetur,
198 745 690 786 non ita, quod transmutetur, cum nullum
198 785 697 832 hoc sit genus quartum motus: & se
195 828 685 859 cundum hoc non omnis motor mo
198 862 687 898 uetur, neque illo modo, quo mouet,
203 898 687 946 neque alio modo. Et, quia aliquis po
200 940 685 981 test dicere quod possibile est vt hoc re¬
203 973 689 1010 ciprocetur scilicet vt transferens transfe¬
198 1013 690 1050 rat, cum alteratur, & alterans, cum
200 1046 687 1096 augmentat, & augmentans, quando
202 1084 684 1134 transfertur, & sequitur ex hoc pri¬
206 1120 692 1162 mum impossibile, quod est vt idem
205 1165 693 1200 transferat, & transfenatur eodem mo¬
198 1197 685 1248 do, & sanetur, secundum quod sanat, dixit
197 1236 689 1275 Si autem dixerit aliquis, &c. i. ex ista
205 1272 689 1323 positione sequitur vt res moueatur eo
205 1317 695 1363 modo, quo mouet: sicut sequitur ex
200 1348 688 1399 prima positione, & in nihilo diffe¬
201 1396 682 1437 runt. sed in prima res alterat, quan
199 1433 693 1466 do alteratur sine medio, hoc autem
199 1460 693 1506 cum medio. & idem est impossibile, siue ali¬
200 1505 696 1552 quid moueat aliquid, secundum quod mouetur
194 1538 686 1578 illo modo motus cum medio, aut sine
204 1576 685 1618 medio. Et, quia consecutio ista non
200 1621 687 1665 apparet, nisi quando fuerit positum
204 1655 692 1694 quod mouentia, quae mouentur secundum
207 1688 686 1731 hunc modum, necesse est vt reducant
200 1730 691 1780 ad primum motorem, qui est causa in
204 1764 682 1812 inueniendo motum in eis, & sine ipso
202 1802 692 1842 non moueret, dixit: manifestum est
723 177 1239 219 enim quod omne motum, &c. i. & necesse est
726 215 1220 261 quod in istis sequatur ipossibile praedictum:
722 254 1222 304 & est aliquid moueri illo modo motus,
736 295 1226 339 quo mouet. quia manifestum est quod omne
725 333 1229 371 motum cuiuscumque generis sit generum mo
727 369 1231 415 tus, si mouet quando mouetur, non mo¬
725 405 1224 455 uetur nisi a motore, qui est ante ip¬
722 442 1221 489 sum. & hoc intendebat per motorem su¬.
727 484 1231 526 periorem. Et dixit: & maxime a pri¬
723 515 1221 565 mo mouentium. quoniam, cum mouentia mo¬
724 556 1227 595 uentur ex aliis, postremum eorum non
725 596 1221 640 mouet, nisi per motorem, qui est ante
723 628 1225 673 ipum scilicet qui mouet ipm: & similiter istud
723 668 1221 714 secundum non mouet, nisi per tertium, quid
722 704 1217 746 est ante ipsum: & omnia non mouet,
721 749 1228 787 nisi per primum motorem. Si igitur,
721 789 1213 838 posuerimus, v. g. quod generans gene¬
722 820 1221 858 rat, quando alteratur, & alterans alterat,
723 859 1223 906 quando transfertui, sequitur neces¬
723 892 1210 942 sario vt transferens sit principium isto
725 933 1217 971 rum motuum, & motor istius motus est
718 968 1216 1016 primus motor, & similiter illud, quod mo
722 1005 1220 1051 uetur ab eo. Et, cum ita sit, & posue
719 1046 1211 1089 rimus vt transferens, quod est primum,
727 1090 1222 1132 v. g. transferatur, quando venerat, &
718 1110 1216 1169 generatum non potest esse, nisi quam
722 1156 1219 1207 do transferens fuerit, quoniam ita fuit posi¬
718 1197 1215 1234 tum, sequitur necessario vt transfe¬
718 1236 1214 1274 rens non sit trans ferens, nisi transfe
720 1271 1202 1318 ratur. Sed, quia impossibile non ap
723 1309 1213 1357 paret in hoc loco bene in moto in lo
725 1345 1206 1395 co: existimatur enim quod motor in lo
719 1385 1207 1427 co mouet se, induxit modum motus,
721 1422 1209 1474 in quo apparet impossibile sequens hanc
726 1461 1213 1507 propositionem vniversaliter, & dixit: sequitur,
726 1496 1213 1549 enim vt sciens addiscat, &c. i. sequi¬
721 1540 1198 1587 tur enim ex hac positione vt prim
729 1580 1202 1625 motor, verbi gratia in alteratione,
722 1617 1206 1650 vt sciens doceat idem numero, & ad¬
718 1649 1209 1690 discat ipse insimul, ita, quod qui docet
718 1692 1205 1739 angulos trianguli esse aequales duo
721 1726 1207 1762 bus rectis, addiscat demonstrationem,
714 1764 1208 1817 eius, quando docet ipsam. sequitur,
715 1805 1213 1858 enim hoc vt idem sciatur, & igno¬
