1416 2066
190 181 679 234 ius, quod excedet esse ipsorum,
199 220 682 266 & id, quod mensurat substan¬
195 266 683 314 tiam. Eorum autem, quae non
203 308 689 358 sunt, quaecunque quidem continet
202 349 690 393 tempus, alia quidem erant, vt
202 389 684 434 Homerus aliquando erat, alia
204 441 679 482 vero erunt, vt futurorum aliquid,
200 477 689 524 quae ad vtrauis continet. & si
205 517 680 572 ad ambo, vtraque & erant, et erunt.
199 558 684 603 Quae autem haudquaquam com
194 612 685 658 tinet, neque erant, neque sunt, neque
200 645 685 683 erunt. sunt autem huiusmodi eo¬
197 692 679 736 rum, quae non sunt, quorum op
198 726 677 776 posita sunt semper. vt incom¬
190 769 682 811 mensurabilem esse diametrum
202 813 680 866 semper est: & non erit hoc in
200 856 680 898 tempore: neque ergo commensu
203 895 675 938 rabilem esse. quapropter sem
196 942 678 986 per non est, quoniam contrarium
202 981 685 1036 est ei, quod semper est. Quorum
200 1021 685 1074 autem contrarium non semper
205 1062 685 1107 est, haec possunt & esse, & non
199 1107 679 1158 esse, & est generatio, & corru¬
196 1148 437 1202 ptio ipsorum.
248 1236 684 1303 Et manifestum est quod, quod
193 1285 688 1347 non est, non omne etiam est in tem
206 1332 688 1403 pore, v.g. illud, quod ipossibile est
212 1384 680 1443 vt sit aliter, vt diametru esse asi¬
201 1436 683 1490 metrum costae. quoniam, si vni¬
203 1477 689 1530 uersaliter tempus est mensura mo
199 1529 679 1587 tus per se, & mensurat alia per
202 1581 682 1635 accidens, manifestum est quod om
195 1628 687 1682 ne, cuius mensurat essentiam, es¬
713 172 1221 241 sentia omnis illius erit in hoc, quod,
708 226 1208 283 mouetur, aut quod motus sit in eo
708 274 1215 336 possibilis. Omne igitur corruptibi
711 321 1213 385 le, aut generabile, & vniuersa¬
711 370 1201 435 liter omne, quod est in aliqua ho¬
711 420 1209 482 ra, et non est in alia, necesse est vt
711 468 1207 530 sit in tempore. est enim aliquod
709 517 1211 578 tempus, quod excedit essentiam
711 567 1209 627 istarum rerum & quantitatem
719 613 1206 674 substantiarum, quae sunt in ea.
711 660 1215 722 Non ens vero illud, quod ex eo a
711 709 1213 771 tempore terminatur, aliud iam
718 757 1221 819 cuit, vt Homerus, qui iam fuit ,
710 805 1209 866 in aliqua hora, & aliud erit, vt
715 858 1203 915 quaedam futura. & tempus con¬
717 901 1205 963 tinet vtrunque modum, si ex vtra¬
709 949 1209 1011 libet parte inspexeris. Et quod ex
712 1005 1209 1045 non ente non determinatur a tem
712 1051 1210 1107 pore nunquam fuit, neque est, ne¬
709 1093 1197 1154 que erit, & illa, quae sunt talia,
714 1144 1208 1206 sunt illa, quorum opposita sunt
713 1202 1199 1251 semper necessario, verbi gratia,
723 1237 1209 1298 vt diametrum esse assimetrum co
717 1293 1204 1350 stae semper est hoc igitur non erit
714 1341 1221 1395 in tempore, neque simetrum. et
714 1386 1212 1443 ideo est non ens semper, quia est
713 1437 1209 1491 contrarium ei, quod est semper
719 1485 1209 1541 ens. Illa vero, quoris contraria non
716 1532 1216 1594 sunt semper, possunt esse, et non
723 1583 1215 1650 sse, & generatio, & corruptio
720 1629 1026 1691 semper est istorum.
