1416 2066
165 181 669 234 aut aliud simile, secundum autem
183 233 673 298 comparationem diuersatur. sicut
177 283 660 346 Sopnistae dicunt, quod Socrates di¬
172 332 663 387 uersatur, cum fuerit in domo, &
178 381 675 442 cum fuerit in foro: quoniam ipsum
176 429 676 492 esse in locis diuersis facit diuersita
173 476 669 538 tem. Et instas sequitur translatu,
182 533 667 586 sicut tempus sequitur motum. quo
178 567 675 640 niam per translatum cognoscimus
174 624 669 692 prius, & posterius in motu, & fe¬
180 673 669 723 cundum quod prius, & posterius
181 724 675 784 sunt numeratum, est instans. Et si¬
175 769 674 827 militer etiam, secundum quod in¬
179 817 673 879 stans est in aliqua hora, est idem.
179 869 667 931 quoniam prius, & posterius sunt
172 916 660 979 in motu. in esse vero diuersantur,
176 964 677 1027 quoniam, secundum quod prius, et
173 1012 669 1074 posterius est numeratum, est in¬
175 1060 668 1123 stans. & hoc proprie est magis co
170 1110 674 1173 gnitum. motus. enim cognoscitur per
171 1144 671 1211 rem motam, et transtatio per tral
174 1205 674 1269 latum. quoniam transtatum est
173 1252 667 1307 aliquod demonstratum, & motus
173 1305 673 1370 non est ita. instas igitur quodam¬
165 1356 657 1418 modo est quasi idem semper &
174 1405 662 1467 quodam modo non est quasi idem.
178 1453 608 1515 quoniam transtatum est tale.
214 1516 675 1569 Vult hic dissoluere questionem
175 1560 671 1610 dictam de instanui, dicentem quo¬
179 1596 665 1643 modo dicitur instans esse vnum, aut
174 1635 666 1689 plura, & d. Et Instans mensurat tem
178 1676 667 1722 pus, &c. i. & instans est causa in men
178 1722 676 1766 suratione temporis: quoniam diuidit mo
176 1752 668 1807 tum in prius, & posterius. & haec est
174 1792 671 1834 diuisio ipsius temporis, scilicet quoniam, cum
180 1830 661 1884 diuiserimus tempus per instantia,
174 1877 679 1914 accidet in eo prius, & posterius. Cau
700 178 1195 234 sa igitur in mensuratione temporis
698 220 1190 271 est instans: quemadmodum causa
699 261 1198 313 in mensuratione lineae sunt puncta.
715 301 1203 339 D.d. Et potes dicere, &c. i. & instans
703 339 1199 391 quodammodo est idem, & quodam¬
703 376 1203 418 modo diuersum. & ideo dissoluitur,
705 418 1207 472 quaestio praedicta. quoniam illa quaestio ac
699 459 1199 507 cidit ex hoc, quod instans accipitur vnum,
701 501 1207 549 aut plura simpliciter. cum igitur ac
708 536 1197 589 cipitur vnum quodam modo, & plu
702 574 1199 619 ra alio modo, dissoluetur quaestio. D.
706 611 1197 668 exposuit istos duos modos, & dixit:
704 654 1197 706 secundum enim quod est in alio, & alio est diuer¬
698 692 1205 745 sum, &c. i. quoniam instans, secundum quod accidit
703 732 1195 771 ei vt sit idem, inuenitur in rebus di¬
703 773 1191 821 uersis, vt vnum indiuiduum, quod
705 813 1195 850 inuenitur in pluribus locis est diuei¬
701 847 1197 890 sum, vt Socratem esse in foro, aliud
703 889 1191 934 est ab ipso esse in domo. D.d. & haec
698 928 1198 970 est ratio instantis, i, & natura instan
703 968 1185 1021 tis est in diuersitate. quoniam secundum nume
701 1007 1195 1050 ratum, in quo est, ratione est nume
700 1046 1189 1083 ratum, & secundum subiectum est idem
702 1083 1195 1136 D.d. secundum vero quod instans est in eodem
705 1124 1197 1163 subiecto est idem, i. secundum subiectum.
705 1165 1201 1210 & dixit in aliqua hora, in loco eius,
710 1201 1201 1250 quod est in subiecto, sicut fecit in
706 1244 1202 1290 priori, & posteriori, quia subiectum
702 1280 1201 1325 est in aliqua hora. & quasi dicat,
704 1321 1199 1371 secundum autem quod est in aliquo vno, est
706 1357 1196 1402 vnum, quia est in aliquo, & est in vna
699 1397 1202 1450 hora, & translatum est idem. & expo¬
704 1436 1203 1483 sitio debet esse talis, quia instans non
706 1477 1199 1530 est in aliqua hora. Et sermo compo
702 1516 1206 1569 nitur sic. Instans est in aliquo exi¬
698 1556 1209 1607 stente in dispositionibus diuersis: &
704 1600 1202 1642 quod est tale, est vnum secundum subiectum,
702 1637 1207 1686 & duo secundum rationem: ergo instans est
706 1676 1197 1715 vnum in subiecto, & duo ratione.
716 1717 1205 1754 D.d. quantitatem enim &c. i. & causa
702 1753 1202 1802 in hoc, quod instans est tale, est hoc, quod
703 1792 1206 1834 dicam. iam enim praediximus quod motus
702 1830 1206 1875 sequitur quantitatem in hoc, quod sit
702 1871 1204 1914 continuus, & ens, scilicet quoniam continuatio,
