1416 2066
205 181 698 221 clarare debilitatem sermonis Ana¬
214 217 704 258 xa. & dixit: Sed nihil omnino, &c. & in
221 254 693 297 tendit per ordinem, vt cursus eius sit vin
210 293 699 331 modi, aut modorum diuersorum in tem
210 331 706 379 poribus deter minatis, & quod illud, quid
219 365 697 407 est vnius modi sit per vnam causam
222 405 699 443 & illud, quid est modis diuersis in tem
219 444 703 484 poribus diuersis, sit per diuersas cau¬
217 484 701 526 sas, quae reuertuntur etiam in se circula¬
214 517 708 554 riter. D.d. & natura est cam ordinis. &
216 554 703 604 ista est raotiocinatio, quod res naturales non
222 587 713 634 sunt extra ordine. illud enim quod est cam
221 626 701 676 ordinis, est dignius ordine, nisi raro
220 666 713 707 sit extra ordinem casualiter. D.d. &
223 700 711 750 non est de actioe naturae, &c. i. quod in
221 737 701 778 his duobus sermonibus sunt duo com¬
219 774 705 819 traria communiuncta fundamentis natu¬
218 820 706 863 ralibus, quorum vnum est vt aliquid sit
222 850 705 897 possibile tpre infinito in pterito, & post
221 884 697 936 extrahatur in esse. Res enim quiescen¬
215 932 705 963 tes tpre infinito, aut sibunt naturam vt
215 961 707 1012 moueantur, aut non. Si igitur hiabunt na
219 998 711 1042 turam vt moueantur, quando quiescunt, vio¬
221 1036 701 1075 sente quiescunt. si vero habent natu¬
218 1084 706 1116 ram vt quiescant, quando mouentur, motus
220 1112 702 1154 est violentus. & motus violentus, & tem
218 1149 701 1194 pus motus violenti impossibile est vt sit
218 1184 703 1227 maius qua tpens naturale, nedum quod sit tem
226 1220 707 1274 pore infinito. potentia enim illius, in
227 1259 700 1307 quoodo est potentia, exit in tempore infi
205 1296 678 1338 nito vicibus infinitis necessario,
216 1334 710 1378 Aliud autem, quid est etiam extra naturam, in
221 1373 705 1410 hac opinione, est ponere motum, &
217 1413 697 1450 motorem existentia tpre infinito, & mo
217 1452 703 1482 torem non mouere, & motum non mo
214 1485 701 1523 ueri, & post incipere in motu in ali¬
217 1521 701 1571 qua hora absque eo, quod illic fuit cau¬
214 1557 700 1606 sa, per quam moueret in illa hora, &
220 1598 702 1645 non prius. Et ista positio est similis
220 1633 701 1683 positioni, quam ponunt Loquentes no
217 1674 702 1720 strae legis. Sed quia ponunt motorem
219 1717 707 1758 mouere voluntarie, ideo vinit magis
221 1746 706 1786 sustentari qui qui ponit ipsum moue
220 1782 711 1822 re naturaliter. Naturalia enim vinsilit ha¬
738 181 1227 218 bere ordinem terminatum scilicet currere eo
741 217 1226 267 dem modo, aut semper, aut frequentius.
738 253 1218 301 Illa autem, quorum principium est volun¬
736 294 1216 339 tas, vrsalitr diuersificari, & non sequi eum
742 330 1213 376 dem modum actus. Sed, sicut dixim
740 372 1219 416 quod volens mouetur, postque non moueba
737 413 1217 443 tur, aut mouet, postue non mouebat:
740 440 1218 490 necesse est tunc aliquam proportionem
739 476 1225 526 fieri inter ipsum & motum, quae ante
743 517 1225 554 non eiat. &, si non, non magis moue
738 553 1227 595 ret in hoc tpere posito quam in alio. &, si
738 589 1224 627 non, non esset aliud, sicut dicimus, ni
741 629 1230 667 si praesentia temporis. imaginari enim tem
741 664 1223 712 pus est transinutatio sequens trans¬
734 701 1228 752 mutationem scilicet imaginari prsentiam il¬
734 741 1220 786 lius. Et nos dicimus quod voluntas, quia
739 776 1227 822 quaerit actionem voluntariam, quaeren¬
741 812 1226 863 dum est, quemadmodum impossibile est, vt
739 860 1223 892 voluntas noua dependeat de actio¬
737 888 1231 938 ne antiqua, & voluntas antiqua de¬
732 925 1228 975 pendeat de actione noua. Et nos di¬
739 973 1215 1011 cimus quod apparet, & apparebit im¬
740 998 1224 1049 pose esse, vt actio noua fiat per vo¬
731 1037 1227 1082 luntatem antiquam, nisi sit actio anti¬
745 1072 1221 1123 qua inedia Voluntas enim non post¬
743 1109 1229 1161 ponit facere quod intendit, nisi, propter
738 1147 1226 1186 existentiam alicuius intentionis in re
732 1186 1220 1226 intenta, quae non erat in tempore volum
734 1221 1221 1259 tatis. &, si non esset, necesse est vt il¬
737 1260 1219 1298 lud, quid est volitum, esset cum voluntate.
732 1297 1224 1338 Cum igitur posuerimus voluntatem
730 1333 1216 1383 esse, in qua 7possibile postponi vo¬
731 1373 1223 1421 litum, hoc erit perper existentiam a licuius,
735 1408 1223 1456 quod nondum erat, scilicet peper defectum alicu
735 1453 1217 1485 ius causae, aut alicuius disponis, ne¬
732 1492 1212 1526 que erit tpeos, neque aliud, cum iam po¬
734 1519 1218 1562 suimus, quod ista voluntas est primus
732 1565 1226 1609 motuum, manifestum est quod tunc vo¬
736 1597 1216 1646 litum debet esse cum ea. Si igitur po¬
731 1631 1217 1674 suerimus ipsam esse antiquam, volum¬
736 1668 1217 1721 tatum erit antiquum. In quo igitur isto¬
735 1711 1213 1754 rum duorum fundamentorum possunt ali¬
738 1748 1214 1793 quid negare Loquentes? Tundamen¬
734 1789 1227 1826 tum autem dicens quod voluntatum non
