1416 2066
197 164 703 202 bene tamen consyderat motum in ratione ma¬
194 205 697 234 teriae, non in ratione formae. consyderat enim
197 229 703 267 motus corporum coelestium secundum sui quanti
196 263 697 298 tatem, & secundum velocitatem & tarditatem, & secundum
196 300 700 333 proportionalitatem. quam habent adinuicem,
198 327 695 370 & patet quod omnes isti modi sunt mathematici
197 353 700 394 formale igitur in Astrologia est mathema¬
194 392 701 426 ticum, sed materiale est naturale. & ideo re
194 422 691 458 cte dixit Com. i. meta. com. 19. &. 2. coeli. com. 37
196 452 693 488 &. i2. meta. com. 44. quod Astrologus consyde
192 485 692 514 rat corpora coelestia, quae sunt substantia eius
199 522 707 554 non tamen consyderat ea, secundum quod sunt mota. &
197 544 623 579 sic se datur contradictio, sicut vides.
229 576 706 612 Decima contradi. est in tex. 13. Arist. con
197 609 698 650 tra ponentes ideas inquit quod ipsi ea, quae non
193 644 706 675 sunt separata secundum rationem a materia, faciunt
203 677 703 707 esse separata secundum rationem. & latet eos hoc
194 703 693 738 contingens, quia ipsi formas materiales po
190 733 701 770 nunt esse separatas secundum esse a materia. sed
197 765 705 802 vt dicit Com. in com, quae sunt separata secundum es
196 797 693 827 se, possunt separari & ratione, & non con¬
194 828 701 867 uertitur. Them. etiam. 2. phy. 3. 6. dicit quod for
193 857 697 891 mae materiales possunt quandoque a materia co¬
195 890 691 929 gitatione, atque animo eximi, sed non actu
189 925 693 954 aut subsistentia. Sed obuiabam per dictum
196 955 697 986 Arist. in. 2. phy. tex. com. 12. vbi definiens na
191 985 692 1018 turam, quae est forma, dixit eam secundum
194 1016 694 1049 rem non esse separabiliem, sed secundum ra¬
195 1046 690 1082 tionem. & Themistius ibi exponens inquit
190 1078 691 1114 formam porro dicimus non re ipsa, sed ra¬
198 1108 700 1146 tione abiungi. & ita Aristo. patitur easdem
198 1140 691 1178 angustias, quas patitur plato. Nisi esset quod, vt
193 1172 693 1210 dicit Alex. Naturalis in abstrahendo formas
195 1204 698 1236 materiales a materia vtitur mathematica ab¬
195 1235 699 1272 stractione, & non naturali, sed apud Plato¬
196 1267 691 1306 nem sequitur quod etiam Naturalis posset defi¬
200 1300 697 1331 nire sine materia, quia quicquid est separa¬
195 1331 697 1363 tum in esse potest etiam desiniri sine eo. hoc
195 1361 695 1404 autem est impossibile, quia Naturalis definit
202 1393 694 1426 per materiam. I. de anima. 16. &. 2. phy. vlti
194 1425 692 1462 Definitiones naturales, vt naturales, omnes com
198 1458 703 1491 cernunt materiam, aut aperte. aut consecutiue.
231 1487 691 1520 Vndecima contradi. est in tex. 23. Arist
194 1518 694 1555 & Commen. videntur velle quod in artibus artifi¬
197 1550 695 1586 ces, qui solam habent cognitionem, sunt
198 1583 703 1619 praestantiores artibus operantibus. vnde Com.
188 1620 697 1651 in com. dicit, quod Geometria operationum non
197 1645 703 1682 facit materiam, neque formam: licet vtrunque
188 1678 698 1714 cognoscat, & praecipiat aliis vtentibus, seu
197 1715 694 1747 operantibus. Ex aduerso autem est authoritas
195 1741 701 1774 Philosophi in 2e. ethi. cap. 4. vbi habet quod in
194 1774 700 1810 virtutibus ipsum scire parum est, aut nihil
199 1805 695 1837 Et confirmatur, quia tales sunt propter opus
192 1841 694 1874 tanquam propter hnem, & per consequens al
198 1868 701 1900 tes, quae operantur, sunt nobiliores & hono
195 1901 699 1938 rabiliores artibus solam cognitionem ha¬
732 164 1254 210 bentibus. Soluitur secundum Peripatericos cogno,
732 199 1243 234 scere simpliciter & absolute honorabilius,
735 231 1237 266 & praeciosius est ipsa praxi seu operatione.
739 261 1245 298 Cuius ratio est. quia praxis ad aliud & non
727 296 1245 335 sui gratia expetitur, sicut cognitio. cuius ar¬
730 325 1244 364 gumento est, vt notat Alex. in principio pri
737 356 1241 388 mae philosophiae quod actus maxime expetibi¬
738 386 1244 418 es & praxes a nobis sunt, quaecunque sunt a
732 419 1246 453 virtutibus, & tamen tales non propter se, sed ad
732 450 1236 494 aliud relationem habent, puta ad passiones
737 482 1241 522 & affectus ordinatae. Cuius argumento est,
731 522 1239 556 quod in animalibus diuinis non sunt huiusmo¬
731 549 1241 579 di virtutes morales. non indigent enim cum sint
734 575 1245 611 impassibiles, vt testatur etiam Aristo. in. 10.
727 612 1242 643 aethi. cap. i0 sed nos, qui natura sumus affe¬
731 638 1243 673 ctibus, & passionibus obnoxil, indigemus
736 668 1243 711 illis. vnde etiam in factiuis cognitio praefer¬
727 708 1243 738 tur operationi. nam artes architectonicae sunt
731 732 1241 767 honorabiliores artibus operatiuis. Et ista est
728 767 1241 802 sententia Philosophi etiam, in procemio pri
726 796 1238 830 mae philosophiae, quicquid senserit Scotus,
733 828 1240 862 & sequaces eius in hoc. Ad saluandam autem
734 861 1241 893 contradictionem scire debes, vt notat Phi¬
733 893 1243 930 losophus in 2. aethic. in illomet cap. quod dicitria
728 925 1237 953 est inter artes & virtutes. Nam quae ab arte
734 951 1241 994 procedunt in se laudem habent, quare suffi¬
735 985 1243 1027 it illa ita existere. sed quae a virtute ita pro¬
726 1015 1236 1050 ficiscuntur, non satis est si ipsa iuste quodam
733 1048 1241 1082 modo se habent, & modeste agantur, sed si
731 1081 1243 1114 agens ita egerit, primo fi sciens, secundo si
733 1109 1239 1146 eligens, & eligens propter ipsa, tertio si cer¬
726 1148 1242 1178 to immobili iudicio agat. ad caeteras vero at¬
727 1180 1241 1213 tes habendas nihil horum requiritur prae¬
727 1201 1239 1242 ter quam scientia. & ipsa est ratio diuersitatis,
731 1235 1234 1274 sicut vides. Amplius autem scire debes quod diffe¬
733 1271 1239 1307 rentia est inter vtile & honorabile, vt colli¬
726 1307 1238 1337 gitur ex procemio meta. & ideo sententia
733 1333 1239 1372 Philosophi & Alex. fuit, artes cognoscentes
733 1365 1239 1396 esse principaliores secundum dignitatem & hono
732 1392 1241 1426 rem, licet secundum vtilitatem forte oppositum con
726 1425 1233 1466 tingat. vnde Philosophus etiam de scientia
735 1457 1236 1490 Diuina scribit, quod necessariores quidem hac
727 1488 1055 1529 omnes, dignior vero nulla.
765 1516 1235 1557 Duodecima contradi est in com. 3. 6. vbi di
733 1550 1239 1588 cit consyderationem quiditatiuam esse vsque
728 1583 1235 1619 ad formam hominis vltimam, quae est men¬
731 1614 1237 1650 dia inter formas materiales & abstractas.
739 1646 1243 1689 x quo patet dari aliqua naturam mediam
730 1677 1232 1710 inter naturam abstractam & materialem.
728 1710 1234 1746 Huius tamen oppositum scribit ipse. I. meta. com.
730 1739 1235 1778 39. vbi dicit quod notum est per se quod nulla na¬
733 1772 1241 1810 tura est media inter abstractum & mate¬
736 1804 1241 1842 tiale. Ad hoc dicimus medium duplex esse,.
739 1839 1239 1874 videlicet per abnegationem extremorum.
728 1868 1194 1906 & sic dicit Com. i. mera. nullam esse na
732 1898 1195 1938 ram in effectu, quae nec sit materialis,
