1416 2066
186 189 692 226 vt Empedocles, in parte moue¬
199 222 697 276 ri, & rursus quiescere. moueri qui
200 267 693 307 dem, cum amicitia ex multis fa
199 311 695 346 cit vnum, aut lis multa ex vno:
194 349 687 394 quiescere vero in intermedius te¬
198 384 691 434 poribus, sic dicens. Quatenus
199 436 697 479 vnum quidem ex pluribus consueuit
201 469 686 518 nasci, Et rursus vno generato
194 514 691 559 plura perficiuntur, Eatenus qui¬
196 548 689 602 dem & fiunt, & non est ipsis fit
186 590 693 634 mum aeuum. Quatenus vero per
186 630 688 674 mutantur omnino, neque simul dest
186 676 694 714 nunt, Eatenus semper sunt immo
192 714 698 762 bilem secundum circulum. Hoc enim qua
200 765 699 802 tenus permutantur, hinc illuc
194 796 673 842 dicere ipsum opinandum est.
251 836 696 899 Si igitur possibile est in aliqua
194 883 690 946 bora nihil moueri, necesse est hoc
198 930 699 987 accidere duobus modis. Aut sicut
196 974 692 1034 dixit Anaxagoras, qui d. quod
195 1024 691 1083 dia fuerunt insimul, & quiescen¬
198 1069 697 1131 tia tempore infinito, et quod intel
200 1117 689 1182 ligentia fecit in eis motum, et di¬
195 1164 695 1226 stinxit ea. Aut sicut dixit Empe¬
202 1213 698 1276 docles, quod quandoque, mouentur, et
196 1261 697 1316 quandoque quiescunt. mouentur enim
196 1307 693 1357 quando amicitia facit de pluribus
200 1356 697 1402 unum, aut quando lis facit de uno
202 1400 689 1461 plura, & quiescut in temporibus,
204 1447 692 1506 quae sunt interim, cum dixit. Secum
186 1493 696 1551 dum autem quod unum innatum
186 1541 701 1603 est oriri ex pluribus, Et quod com
186 1589 698 1642 pletum est unum, rarificantur ex
194 1635 697 1695 eo plura, Secundum hunc modis ge¬
199 1685 689 1730 nerantur, & sic non erit secudum
199 1733 699 1790 eos aeternum. Secudum uero quod
196 1778 694 1834 haec duo mutantur, et non finiun¬
186 1822 699 1882 tur cum hoc, Secundum hunc mo¬
719 177 1231 227 dum semper mouentur circulari¬
724 216 1215 288 ter. intelligendum enim est ex hoc,
726 273 1225 340 quod dixit, secundum uero quod
724 316 1224 378 haec duo, idest secundum uero quod
721 365 1091 418 haec duo transmutantur.
765 413 1224 450 Quia natura diuisionis facit duos
721 452 1223 501 modos in hoc, quod posuit quod mo¬
719 493 1217 530 tum secundum totum deficit ab entibus, quos
722 524 1219 574 modos Antiqui dicebant, scilicet aut quod
721 572 1225 602 mundus fuit ex rebus quiescentibus
720 599 1219 650 tempore infinito, scilicet non transmuta
720 638 1223 682 bilibus, & quod post corrumpetur tali¬
726 677 1220 726 modo, quod omnia erunt quiescentia
722 713 1211 766 tempore infinito, vt Anaxa. opina¬
723 750 1217 793 batur, aut quod entia quiescant in ali¬
722 797 1207 835 qua hora, & in aliqua mouentur,
726 827 1211 878 vt videbat Empe docles, induxit se
727 864 1211 920 monem vtriusque istorum, & tacuit opi¬
724 902 1208 951 nionem Platonis de mundo, qui d
723 946 1214 986 cit mundum esse generatum, sed non
725 979 1209 1030 corruptibilem: quia non dixit quod om
727 1026 1211 1058 nia erant quiescentia ante genera¬
720 1060 1208 1096 tionem mundi. sed quod mouebantur mo
720 1093 1213 1141 tu inordinato, & quod Deus induxit ip
721 1128 1221 1169 sa ad ordinem, sicut ipse dixit. Et
728 1168 1217 1210 hoc, quod narrauit de Anaxag. qui
727 1204 1221 1256 dicebat quod omnia erant insimul, in¬
727 1244 1219 1290 tendit per omnia corpora consimi¬
722 1281 1220 1331 lia, quae opinabatur esse elementa
730 1317 1224 1368 mundi. & intendit per hoc, quod di¬
730 1356 1223 1406 xit erant insil, quod erant latentia in mixto
725 1397 1215 1434 infinito. opinabatur enim contraria exi¬
725 1432 1221 1480 stere insimulin illo mixto tempo¬
728 1470 1222 1514 re infinito, & quod post incoepit intelle
723 1508 1217 1558 ctus, qui est Deus apud ipsum, di¬
727 1547 1216 1597 stinguere ea ex mixto, & extrahere
723 1591 1211 1627 ea de latitatione in actum. & iam com¬
729 1621 1213 1666 tradixit ei in Primo istius lib. TEm
732 1668 1213 1706 pedo. vero generat mundum ex qua¬
725 1708 1210 1749 tuor elementis, quae habet pro rebus ma¬
722 1735 1217 1788 terialibus. res autem agentes sunt
723 1780 1215 1826 apud ipsum duae, ad congregandum
724 1813 1218 1851 haec elementa & facere ea vnum ami¬
