<?xml version="1.0" encoding="UTF-8" standalone="yes"?>
<PcGts xmlns="http://schema.primaresearch.org/PAGE/gts/pagecontent/2013-07-15" xmlns:xsi="http://www.w3.org/2001/XMLSchema-instance" xsi:schemaLocation="http://schema.primaresearch.org/PAGE/gts/pagecontent/2013-07-15 http://schema.primaresearch.org/PAGE/gts/pagecontent/2013-07-15/pagecontent.xsd">
    <Metadata>
        <Creator>prov=University of Rostock/Institute of Mathematics/CITlab|PLANET AI GmbH/Gundram Leifert/gundram.leifert@planet-ai.de:name=cod-dsKs3a-m1(htr_id=29297)::::v=2.6.7
prov=University of Rostock/Institute of Mathematics/CITlab|PLANET AI GmbH/Tobias Gruening/tobias.gruening@planet-ai.de:name=de.uros.citlab.module.baseline2polygon.B2PSeamMultiOriented:v=2.6.7
prov=University of Rostock/Institute of Mathematics/CITlab|PLANET AI GmbH/Tobias Gruening/tobias.gruening@planet-ai.de:name=/net_tf/LA73_249_0mod360.pb:de.uros.citlab.segmentation.CITlab_LA_ML:v=2.6.6
Transkribus</Creator>
        <Created>2021-01-11T16:37:34.151-05:00</Created>
        <LastChange>2021-02-13T07:23:51.815+01:00</LastChange>
        <TranskribusMetadata docId="570401" pageId="23568417" pageNr="545" tsid="52611097" status="IN_PROGRESS" userId="25065" imgUrl="https://files.transkribus.eu/Get?id=ACWMYFXYAUQWDWEFXWHTNNXQ&amp;fileType=view" xmlUrl="https://files.transkribus.eu/Get?id=BIHFWJPQASBPIJLXKLNZZHSU" imageId="18093304"/>
    </Metadata>
    <Page imageFilename="Averroes_Physica_JuntSecunda_04-0545.jpg" imageWidth="1416" imageHeight="2066">
        <ReadingOrder>
            <OrderedGroup id="ro_1613222844651" caption="Regions reading order">
                <RegionRefIndexed index="0" regionRef="TextRegion_1612542903043_4895"/>
                <RegionRefIndexed index="1" regionRef="TextRegion_1612542899949_4891"/>
            </OrderedGroup>
        </ReadingOrder>
        <TextRegion orientation="0.0" id="TextRegion_1612542903043_4895" custom="readingOrder {index:0;}">
            <Coords points="166,134 682,134 682,1866 166,1866"/>
            <TextLine id="r1l4" custom="readingOrder {index:0;}">
                <Coords points="206,219 658,219 658,184 637,173 543,190 517,173 486,189 449,177 429,188 414,173 383,189 359,176 348,187 290,173 272,188 206,181"/>
                <Baseline points="211,210 237,209 263,209 289,208 315,208 341,208 367,208 393,207 419,207 445,207 471,207 497,208 523,208 549,208 575,208 601,208 627,208 653,208"/>
                <TextEquiv>
                    <Unicode>Ista est tertia declaratio, &amp; dicit:</Unicode>
                </TextEquiv>
            </TextLine>
            <TextLine id="line_1612542903141_4898" custom="readingOrder {index:1;}">
                <Coords points="161,247 662,258 662,217 649,215 308,230 263,215 245,233 230,219 161,221"/>
                <Baseline points="166,247 186,247 212,247 238,247 264,247 290,247 317,246 343,246 369,246 395,246 421,246 447,246 473,246 500,246 526,246 552,246 578,246 604,246 630,246 657,246"/>
                <TextEquiv>
                    <Unicode>Et etiam si motus totius magnitudinis</Unicode>
                </TextEquiv>
            </TextLine>
            <TextLine id="r1l9" custom="readingOrder {index:2;}">
                <Coords points="171,295 563,289 576,302 657,290 657,260 628,253 538,266 439,253 171,258"/>
                <Baseline points="176,285 201,284 226,284 251,283 276,283 301,283 326,283 351,283 376,283 401,283 426,284 451,284 476,284 501,284 526,285 551,285 576,285 601,284 626,284 652,284"/>
                <TextEquiv>
                    <Unicode>fuerit alius, i. alius a motu composito</Unicode>
                </TextEquiv>
            </TextLine>
            <TextLine id="r1l10" custom="readingOrder {index:3;}">
                <Coords points="174,330 465,340 581,329 608,343 661,322 661,293 174,301"/>
                <Baseline points="179,323 204,323 229,322 254,322 279,322 304,321 329,321 354,321 379,321 404,321 430,321 455,321 480,321 505,321 530,321 555,321 580,322 605,322 630,322 656,322"/>
                <TextEquiv>
                    <Unicode>ex duobus motibus partium magni¬</Unicode>
                </TextEquiv>
            </TextLine>
            <TextLine id="r1l12" custom="readingOrder {index:4;}">
                <Coords points="170,370 651,370 663,369 663,330 609,344 486,332 170,341"/>
                <Baseline points="175,359 200,359 225,359 251,359 276,358 302,358 327,358 352,358 378,358 403,359 429,359 454,359 480,359 505,359 530,359 556,359 581,360 607,360 632,360 658,360"/>
                <TextEquiv>
                    <Unicode>tudinis pHa. v. g. motus TrE. D.d. di</Unicode>
                </TextEquiv>
            </TextLine>
            <TextLine id="r1l15" custom="readingOrder {index:5;}">
                <Coords points="179,409 665,410 665,381 635,367 614,381 472,367 426,386 365,371 179,379"/>
                <Baseline points="184,398 209,397 234,397 259,397 284,397 309,397 334,397 359,397 384,397 409,397 434,397 459,398 484,398 509,398 534,398 559,398 584,398 609,398 634,398 660,398"/>
                <TextEquiv>
                    <Unicode>uideturex eo, &amp;c. i. quoniam magnitudo,</Unicode>
                </TextEquiv>
            </TextLine>
            <TextLine id="r1l17" custom="readingOrder {index:6;}">
                <Coords points="178,445 615,452 664,438 655,413 178,413"/>
                <Baseline points="183,434 208,434 233,434 258,434 283,434 308,434 333,434 358,434 383,434 408,434 433,434 458,434 483,434 508,434 533,434 558,434 583,434 608,434 633,434 659,434"/>
                <TextEquiv>
                    <Unicode>quam diuidimus in duas ptes aequa¬</Unicode>
                </TextEquiv>
            </TextLine>
            <TextLine id="r1l18" custom="readingOrder {index:7;}">
                <Coords points="174,482 638,483 656,481 657,454 175,445"/>
                <Baseline points="179,472 205,472 231,472 257,472 283,471 310,471 336,471 362,471 388,471 415,471 441,471 467,472 493,472 519,472 546,472 572,472 598,472 624,472 651,472"/>
                <TextEquiv>
                    <Unicode>les scilicet A p, &amp; pr c, &amp; posuimus per n mo</Unicode>
                </TextEquiv>
            </TextLine>
            <TextLine id="r1l21" custom="readingOrder {index:8;}">
                <Coords points="180,522 481,515 547,529 659,514 659,492 593,479 529,479 509,497 442,480 180,490"/>
                <Baseline points="185,511 211,510 237,510 263,510 289,510 315,510 341,510 367,510 393,510 419,510 445,510 471,510 497,511 523,511 549,511 575,511 601,511 627,510 654,510"/>
                <TextEquiv>
                    <Unicode>tum AE,&amp; Ha motum Ec, si posueri¬</Unicode>
                </TextEquiv>
            </TextLine>
            <TextLine id="r1l22" custom="readingOrder {index:9;}">
                <Coords points="176,554 260,568 275,553 547,551 618,568 665,554 665,522 551,534 412,517 176,524"/>
                <Baseline points="181,549 206,548 231,547 256,547 281,547 307,546 332,546 357,546 382,547 407,547 433,547 458,547 483,548 508,548 533,548 559,548 584,548 609,548 634,547 660,547"/>
                <TextEquiv>
                    <Unicode>mus quod motus istius totius magni¬</Unicode>
                </TextEquiv>
            </TextLine>
            <TextLine id="r1l24" custom="readingOrder {index:10;}">
                <Coords points="170,594 657,595 657,557 605,568 406,553 384,572 297,554 261,569 223,554 170,564"/>
                <Baseline points="175,584 200,584 225,584 250,584 275,584 300,584 325,584 350,585 375,585 400,585 426,585 451,585 476,585 501,585 526,585 551,585 576,584 601,584 626,584 652,584"/>
                <TextEquiv>
                    <Unicode>tudinis scilicet ABC, sit alius a moto com.</Unicode>
                </TextEquiv>
            </TextLine>
            <TextLine id="r1l27" custom="readingOrder {index:11;}">
                <Coords points="176,641 353,624 456,640 502,628 662,634 662,596 176,597"/>
                <Baseline points="181,620 206,621 231,621 256,621 281,621 306,622 331,622 356,622 381,622 406,622 431,621 456,621 481,621 506,621 531,622 556,622 581,622 606,622 631,623 657,623"/>
                <TextEquiv>
                    <Unicode>gregato ex pr HHa, qui sunt motus</Unicode>
                </TextEquiv>
            </TextLine>
            <TextLine id="r1l28" custom="readingOrder {index:12;}">
                <Coords points="178,677 198,665 420,662 518,680 539,663 658,666 647,637 534,645 285,628 178,640"/>
                <Baseline points="183,659 209,659 235,659 261,659 287,659 313,659 339,659 365,659 391,659 418,659 444,659 470,659 496,659 522,660 548,660 574,660 600,660 626,659 653,659"/>
                <TextEquiv>
                    <Unicode>partium illius scilicet ABBC, v. g. motus i</Unicode>
                </TextEquiv>
            </TextLine>
            <TextLine id="r1l31" custom="readingOrder {index:13;}">
                <Coords points="171,706 657,706 663,670 171,677"/>
                <Baseline points="176,698 201,698 226,697 252,697 277,697 302,697 328,697 353,697 378,697 404,697 429,697 455,697 480,697 505,697 531,697 556,697 581,697 607,697 632,697 658,696"/>
                <TextEquiv>
                    <Unicode>E necesse est vt iste motus TTdiui¬</Unicode>
                </TextEquiv>
            </TextLine>
            <TextLine id="line_1612542903142_4900" custom="readingOrder {index:14;}">
                <Coords points="161,738 667,743 667,718 616,709 547,720 499,703 477,722 439,709 336,718 315,705 292,721 161,710"/>
                <Baseline points="166,734 176,734 202,734 227,734 253,734 278,734 304,734 329,734 355,735 380,735 406,735 432,735 457,735 483,736 508,736 534,736 559,736 585,735 610,735 636,735 662,734"/>
                <TextEquiv>
                    <Unicode>datur in duos motus scilicet in motum</Unicode>
                </TextEquiv>
            </TextLine>
            <TextLine id="r1l35" custom="readingOrder {index:15;}">
                <Coords points="179,778 237,777 255,794 381,776 440,792 462,778 600,786 667,778 667,748 179,749"/>
                <Baseline points="184,772 209,772 234,771 259,771 284,771 309,771 334,771 360,772 385,772 410,772 435,772 460,772 485,773 511,773 536,773 561,773 586,773 611,773 636,773 662,773"/>
                <TextEquiv>
                    <Unicode>vtriusque partium magnitudinis scilicet A B</Unicode>
                </TextEquiv>
            </TextLine>
            <TextLine id="r1l37" custom="readingOrder {index:16;}">
                <Coords points="172,818 478,815 522,827 657,817 657,788 172,789"/>
                <Baseline points="177,809 202,809 227,809 252,809 277,809 302,809 327,809 352,809 377,809 402,809 427,809 452,810 477,810 502,810 527,810 552,810 577,809 602,809 627,809 652,809"/>
                <TextEquiv>
                    <Unicode>Bc, quoniam, cum totum mouetur, partes mo¬</Unicode>
                </TextEquiv>
            </TextLine>
            <TextLine id="r1l38" custom="readingOrder {index:17;}">
                <Coords points="171,858 663,854 664,819 579,831 472,816 380,831 336,814 320,829 230,828 216,815 172,828"/>
                <Baseline points="177,846 202,846 227,846 253,846 278,846 303,847 329,847 354,847 379,847 405,847 430,847 456,847 481,847 506,847 532,847 557,847 582,848 608,848 633,848 659,848"/>
                <TextEquiv>
                    <Unicode>uebuntur D.d. &amp; erunt isti duo, &amp;c. i.</Unicode>
                </TextEquiv>
            </TextLine>
            <TextLine id="r1l41" custom="readingOrder {index:18;}">
                <Coords points="177,889 517,890 531,904 552,890 661,890 661,863 646,855 485,856 469,869 279,852 178,861"/>
                <Baseline points="182,884 208,883 234,883 261,883 287,883 313,883 340,883 366,883 392,883 419,883 445,883 471,884 498,884 524,884 550,884 577,884 603,884 629,883 656,883"/>
                <TextEquiv>
                    <Unicode>erunt isti duo motus, in quos diui¬</Unicode>
                </TextEquiv>
            </TextLine>
            <TextLine id="line_1612542912493_4909" custom="readingOrder {index:19;}">
                <Coords points="173,930 660,930 666,892 173,897"/>
                <Baseline points="178,920 203,920 229,920 254,920 280,920 306,920 331,920 357,920 383,920 408,920 434,920 460,920 485,920 511,920 537,920 562,920 588,921 614,921 631,919 661,919"/>
                <TextEquiv>
                    <Unicode>ditur motus TE, quem posuimus esse</Unicode>
                </TextEquiv>
            </TextLine>
            <TextLine id="r1l45" custom="readingOrder {index:20;}">
                <Coords points="170,963 655,970 656,936 239,939 194,927 170,939"/>
                <Baseline points="175,957 200,957 225,957 250,957 275,957 300,957 325,958 350,958 375,958 400,958 425,958 450,958 475,958 500,958 525,958 550,958 575,958 600,958 625,958 651,958"/>
                <TextEquiv>
                    <Unicode>alium motum a motu prae, aequales duo</Unicode>
                </TextEquiv>
            </TextLine>
            <TextLine id="r1l47" custom="readingOrder {index:21;}">
                <Coords points="168,1001 390,1001 413,1013 437,1001 656,1002 656,972 168,965"/>
                <Baseline points="173,994 198,994 223,994 248,994 273,994 298,994 323,994 349,994 374,994 399,994 424,994 449,995 474,995 500,995 525,995 550,995 575,996 600,996 625,996 651,996"/>
                <TextEquiv>
                    <Unicode>bus motibus, in quos diuiditur mo</Unicode>
                </TextEquiv>
            </TextLine>
            <TextLine id="r1l50" custom="readingOrder {index:22;}">
                <Coords points="173,1042 665,1042 665,1012 622,1004 489,1004 475,1016 173,1005"/>
                <Baseline points="178,1032 203,1032 228,1031 254,1031 279,1031 304,1031 330,1032 355,1032 380,1032 406,1032 431,1033 457,1033 482,1033 507,1033 533,1033 558,1033 583,1033 609,1033 634,1033 660,1033"/>
                <TextEquiv>
                    <Unicode>tus per ae scilicet motus pHa. &amp; cum isti duo</Unicode>
                </TextEquiv>
            </TextLine>
            <TextLine id="r1l52" custom="readingOrder {index:23;}">
                <Coords points="173,1078 640,1082 661,1076 661,1044 173,1046"/>
                <Baseline points="178,1070 203,1070 228,1069 253,1069 278,1069 303,1070 328,1070 354,1070 379,1070 404,1070 429,1070 454,1071 479,1071 505,1071 530,1071 555,1071 580,1071 605,1071 630,1070 656,1070"/>
                <TextEquiv>
                    <Unicode>motus fuerunt aequales eis scilicet motibus</Unicode>
                </TextEquiv>
            </TextLine>
            <TextLine id="r1l54" custom="readingOrder {index:24;}">
                <Coords points="174,1114 301,1114 318,1130 340,1115 487,1114 512,1130 529,1114 654,1113 654,1081 275,1089 174,1077"/>
                <Baseline points="179,1106 205,1106 231,1106 257,1106 283,1106 309,1106 335,1107 361,1107 387,1107 414,1107 440,1107 466,1107 492,1107 518,1108 544,1108 570,1108 596,1108 622,1108 649,1108"/>
                <TextEquiv>
                    <Unicode>duarum magnitudinum. ergo sunt vnus</Unicode>
                </TextEquiv>
            </TextLine>
            <TextLine id="r1l55" custom="readingOrder {index:25;}">
                <Coords points="174,1151 367,1162 513,1145 543,1162 646,1154 659,1124 174,1125"/>
                <Baseline points="179,1143 204,1143 229,1144 254,1144 279,1144 304,1144 329,1144 354,1145 379,1145 404,1145 429,1145 454,1145 479,1146 504,1146 529,1146 554,1146 579,1146 604,1145 629,1145 654,1145"/>
                <TextEquiv>
                    <Unicode>motus idem, scilicet quod motus rqu erit mo¬</Unicode>
                </TextEquiv>
            </TextLine>
            <TextLine id="r1l58" custom="readingOrder {index:26;}">
                <Coords points="177,1186 663,1194 663,1156 177,1157"/>
                <Baseline points="182,1182 207,1182 232,1182 257,1182 282,1182 307,1182 332,1182 357,1182 382,1182 407,1182 432,1182 457,1182 482,1182 507,1182 532,1182 557,1182 582,1182 607,1182 632,1182 658,1182"/>
                <TextEquiv>
                    <Unicode>tus DH,&amp; motus q0 E, erit motus ni</Unicode>
                </TextEquiv>
            </TextLine>
            <TextLine id="r1l60" custom="readingOrder {index:27;}">
                <Coords points="176,1222 208,1235 463,1223 508,1239 532,1224 663,1227 663,1196 633,1189 176,1197"/>
                <Baseline points="181,1220 206,1219 231,1219 256,1219 281,1218 306,1218 331,1218 356,1218 381,1218 406,1219 432,1219 457,1219 482,1219 507,1219 532,1219 557,1219 582,1220 607,1220 632,1220 658,1219"/>
                <TextEquiv>
                    <Unicode>ax. quoniam inpossibile est vt vna magnitudo ha</Unicode>
                </TextEquiv>
            </TextLine>
            <TextLine id="r1l62" custom="readingOrder {index:28;}">
                <Coords points="177,1266 661,1267 661,1238 614,1228 515,1239 469,1225 415,1238 177,1228"/>
                <Baseline points="182,1256 208,1256 234,1255 261,1255 287,1255 313,1255 340,1256 366,1256 392,1256 419,1256 445,1256 471,1257 498,1257 524,1257 550,1257 577,1257 603,1257 629,1256 656,1256"/>
                <TextEquiv>
                    <Unicode>beat, nisi vnum motum scilicet magnitudo A</Unicode>
                </TextEquiv>
            </TextLine>
            <TextLine id="line_1612542903143_4902" custom="readingOrder {index:29;}">
                <Coords points="161,1306 653,1304 639,1269 161,1269"/>
                <Baseline points="166,1295 190,1295 216,1294 241,1294 267,1294 292,1294 317,1294 343,1294 368,1294 394,1294 419,1294 444,1294 470,1295 495,1295 521,1295 546,1295 571,1295 597,1294 622,1294 648,1294"/>
                <TextEquiv>
                    <Unicode>s, &amp; magnitudo &amp;c, quae sunt pertes to¬</Unicode>
                </TextEquiv>
            </TextLine>
            <TextLine id="r1l66" custom="readingOrder {index:30;}">
                <Coords points="172,1338 269,1336 292,1355 309,1338 654,1338 654,1308 633,1301 540,1316 492,1301 470,1313 172,1308"/>
                <Baseline points="177,1331 203,1331 229,1331 255,1331 281,1331 308,1331 334,1331 360,1331 386,1331 413,1332 439,1332 465,1332 491,1332 517,1332 544,1332 570,1332 596,1332 622,1331 649,1330"/>
                <TextEquiv>
                    <Unicode>tius magnitudinis. Et hoc intende</Unicode>
                </TextEquiv>
            </TextLine>
            <TextLine id="r1l68" custom="readingOrder {index:31;}">
                <Coords points="170,1377 663,1378 663,1341 308,1339 290,1355 170,1337"/>
                <Baseline points="175,1369 200,1369 225,1369 251,1369 276,1369 302,1369 327,1368 352,1368 378,1368 403,1368 429,1368 454,1368 480,1368 505,1368 530,1368 556,1368 581,1368 607,1369 632,1369 658,1370"/>
                <TextEquiv>
                    <Unicode>bat, cum dixit: quondoam vnum habet vnum</Unicode>
                </TextEquiv>
            </TextLine>
            <TextLine id="r1l70" custom="readingOrder {index:32;}">
                <Coords points="174,1414 658,1418 658,1389 620,1381 174,1381"/>
                <Baseline points="179,1403 205,1404 231,1405 258,1406 284,1406 310,1406 337,1406 363,1406 389,1406 416,1406 442,1406 468,1406 495,1405 521,1406 547,1406 574,1406 600,1407 626,1408 653,1410"/>
                <TextEquiv>
                    <Unicode>motum, i. cum fuerit vnus motus TQo</Unicode>
                </TextEquiv>
            </TextLine>
            <TextLine id="r1l72" custom="readingOrder {index:33;}">
                <Coords points="176,1450 217,1461 320,1450 333,1462 352,1448 496,1442 583,1462 657,1450 657,1419 176,1421"/>
                <Baseline points="181,1444 207,1443 233,1443 259,1442 285,1442 311,1442 338,1442 364,1442 390,1442 416,1442 442,1442 468,1442 495,1442 521,1442 547,1443 573,1443 599,1443 625,1443 652,1443"/>
                <TextEquiv>
                    <Unicode>tur, quae sunt partes motus TT aequales</Unicode>
                </TextEquiv>
            </TextLine>
            <TextLine id="r1l74" custom="readingOrder {index:34;}">
                <Coords points="175,1490 665,1490 665,1461 619,1452 523,1464 175,1455"/>
                <Baseline points="180,1480 205,1480 230,1479 255,1479 281,1479 306,1479 331,1479 356,1479 382,1479 407,1479 432,1480 457,1480 483,1480 508,1480 533,1480 558,1481 584,1481 609,1481 634,1481 660,1481"/>
                <TextEquiv>
                    <Unicode>duobus motibus pHHa, quae sunt</Unicode>
                </TextEquiv>
            </TextLine>
            <TextLine id="r1l75" custom="readingOrder {index:35;}">
                <Coords points="175,1534 259,1518 571,1523 592,1539 614,1523 665,1523 664,1493 174,1493"/>
                <Baseline points="180,1518 205,1518 230,1518 255,1518 280,1518 306,1518 331,1518 356,1518 381,1518 406,1518 432,1518 457,1518 482,1518 507,1518 532,1518 558,1518 583,1518 608,1518 633,1518 659,1517"/>
                <TextEquiv>
                    <Unicode>partes duorum motuum pra, &amp; ptes r</Unicode>
                </TextEquiv>
            </TextLine>
            <TextLine id="r1l78" custom="readingOrder {index:36;}">
                <Coords points="178,1561 653,1570 653,1533 630,1525 591,1539 405,1525 178,1535"/>
                <Baseline points="183,1556 208,1556 234,1555 260,1555 286,1555 312,1555 338,1555 363,1555 389,1555 415,1555 441,1555 467,1555 493,1555 518,1555 544,1555 570,1556 596,1556 622,1556 648,1556"/>
                <TextEquiv>
                    <Unicode>quoi, &amp; pHsunt vnius magnitudinis,</Unicode>
                </TextEquiv>
            </TextLine>
            <TextLine id="r1l80" custom="readingOrder {index:37;}">
                <Coords points="176,1597 252,1613 459,1596 563,1614 657,1602 657,1573 632,1565 420,1577 176,1564"/>
                <Baseline points="181,1593 207,1592 233,1592 259,1592 285,1592 311,1592 338,1592 364,1592 390,1592 416,1592 442,1593 468,1593 495,1593 521,1593 547,1593 573,1593 599,1593 625,1593 652,1593"/>
                <TextEquiv>
                    <Unicode>licet magnitudinis AE, &amp; sunt aequales,</Unicode>
                </TextEquiv>
            </TextLine>
            <TextLine id="r1l82" custom="readingOrder {index:38;}">
                <Coords points="174,1635 656,1638 648,1605 563,1614 458,1597 444,1611 328,1615 174,1602"/>
                <Baseline points="179,1629 205,1629 231,1629 257,1629 283,1629 310,1629 336,1629 362,1629 388,1629 415,1630 441,1630 467,1630 493,1630 519,1630 546,1630 572,1630 598,1631 624,1631 651,1631"/>
                <TextEquiv>
                    <Unicode>&amp; motus quil te, &amp; Ha sunt vnius ma¬</Unicode>
                </TextEquiv>
            </TextLine>
            <TextLine id="r1l83" custom="readingOrder {index:39;}">
                <Coords points="168,1669 194,1683 656,1674 656,1647 557,1637 452,1639 432,1653 377,1637 168,1646"/>
                <Baseline points="173,1664 198,1665 223,1666 248,1667 273,1667 298,1667 323,1667 349,1667 374,1667 399,1667 424,1667 449,1667 474,1667 500,1667 525,1667 550,1667 575,1667 600,1667 625,1667 651,1668"/>
                <TextEquiv>
                    <Unicode>gnitudinis est scilicet i c, &amp; sunt etiam equa¬</Unicode>
                </TextEquiv>
            </TextLine>
            <TextLine id="r1l85" custom="readingOrder {index:40;}">
                <Coords points="171,1714 316,1710 381,1724 661,1712 661,1676 269,1687 171,1674"/>
                <Baseline points="176,1703 201,1703 226,1703 251,1704 277,1704 302,1704 327,1704 352,1704 378,1704 403,1704 428,1704 453,1704 479,1704 504,1704 529,1704 554,1704 580,1704 605,1705 630,1705 656,1705"/>
                <TextEquiv>
                    <Unicode>les: &amp; vna magnitudo non habet nisi</Unicode>
                </TextEquiv>
            </TextLine>
            <TextLine id="r1l87" custom="readingOrder {index:41;}">
                <Coords points="176,1747 375,1760 404,1747 660,1750 660,1717 645,1711 600,1711 569,1731 470,1716 176,1717"/>
                <Baseline points="181,1741 207,1741 233,1741 260,1741 286,1741 312,1741 339,1741 365,1741 391,1741 418,1741 444,1741 470,1741 497,1742 523,1742 549,1742 576,1743 602,1743 628,1743 655,1744"/>
                <TextEquiv>
                    <Unicode>vnum motum: ergo motus ro est idem</Unicode>
                </TextEquiv>
            </TextLine>
            <TextLine id="r1l89" custom="readingOrder {index:42;}">
                <Coords points="168,1786 550,1795 665,1786 665,1752 168,1757"/>
                <Baseline points="173,1779 198,1778 224,1778 249,1778 275,1778 301,1778 326,1778 352,1778 378,1778 403,1779 429,1779 454,1779 480,1779 506,1779 531,1779 557,1779 583,1779 608,1779 634,1779 660,1779"/>
                <TextEquiv>
                    <Unicode>cum motu pRi, &amp; motus &amp; E est idem</Unicode>
                </TextEquiv>
            </TextLine>
            <TextLine id="r1l92" custom="readingOrder {index:43;}">
                <Coords points="175,1827 667,1834 667,1805 603,1785 590,1797 175,1796"/>
                <Baseline points="180,1815 205,1816 230,1816 256,1817 281,1817 306,1818 332,1818 357,1818 382,1818 408,1818 433,1818 459,1817 484,1817 509,1817 535,1817 560,1817 585,1818 611,1818 636,1819 662,1819"/>
                <TextEquiv>
                    <Unicode>cum motu n a. Et, cum declarauit hoc,</Unicode>
                </TextEquiv>
            </TextLine>
            <TextEquiv>
                <Unicode>Ista est tertia declaratio, &amp; dicit:
Et etiam si motus totius magnitudinis
fuerit alius, i. alius a motu composito
ex duobus motibus partium magni¬
tudinis pHa. v. g. motus TrE. D.d. di
uideturex eo, &amp;c. i. quoniam magnitudo,
quam diuidimus in duas ptes aequa¬
les scilicet A p, &amp; pr c, &amp; posuimus per n mo
tum AE,&amp; Ha motum Ec, si posueri¬
mus quod motus istius totius magni¬
tudinis scilicet ABC, sit alius a moto com.
gregato ex pr HHa, qui sunt motus
partium illius scilicet ABBC, v. g. motus i
E necesse est vt iste motus TTdiui¬
datur in duos motus scilicet in motum
vtriusque partium magnitudinis scilicet A B
Bc, quoniam, cum totum mouetur, partes mo¬
uebuntur D.d. &amp; erunt isti duo, &amp;c. i.
erunt isti duo motus, in quos diui¬
ditur motus TE, quem posuimus esse
alium motum a motu prae, aequales duo
bus motibus, in quos diuiditur mo
tus per ae scilicet motus pHa. &amp; cum isti duo
motus fuerunt aequales eis scilicet motibus
duarum magnitudinum. ergo sunt vnus
motus idem, scilicet quod motus rqu erit mo¬
tus DH,&amp; motus q0 E, erit motus ni
ax. quoniam inpossibile est vt vna magnitudo ha
beat, nisi vnum motum scilicet magnitudo A
s, &amp; magnitudo &amp;c, quae sunt pertes to¬
tius magnitudinis. Et hoc intende
bat, cum dixit: quondoam vnum habet vnum
motum, i. cum fuerit vnus motus TQo
tur, quae sunt partes motus TT aequales
duobus motibus pHHa, quae sunt
partes duorum motuum pra, &amp; ptes r
quoi, &amp; pHsunt vnius magnitudinis,
licet magnitudinis AE, &amp; sunt aequales,
&amp; motus quil te, &amp; Ha sunt vnius ma¬
gnitudinis est scilicet i c, &amp; sunt etiam equa¬
les: &amp; vna magnitudo non habet nisi
vnum motum: ergo motus ro est idem
cum motu pRi, &amp; motus &amp; E est idem
cum motu n a. Et, cum declarauit hoc,</Unicode>
            </TextEquiv>
        </TextRegion>
        <TextRegion orientation="0.0" id="TextRegion_1612542899949_4891" custom="readingOrder {index:1;}">
            <Coords points="682,134 1197,134 1197,1866 682,1866"/>
            <TextLine id="r1l3" custom="readingOrder {index:0;}">
                <Coords points="688,216 1190,218 1190,180 865,173 764,189 688,175"/>
                <Baseline points="693,206 718,206 744,206 770,207 796,207 822,207 848,207 874,207 900,207 926,207 951,207 977,207 1003,207 1029,207 1055,207 1081,207 1107,208 1133,208 1159,209 1185,209"/>
                <TextEquiv>
                    <Unicode>d. ergo necesse est, si motus rr, &amp;c. i. &amp; </Unicode>
                </TextEquiv>
            </TextLine>
            <TextLine id="r1l6" custom="readingOrder {index:1;}">
                <Coords points="694,250 927,264 1040,242 1089,258 1188,250 1188,221 1135,229 1121,216 694,221"/>
                <Baseline points="699,245 724,245 749,246 775,246 800,247 826,247 851,247 877,246 902,246 928,246 953,246 979,245 1004,245 1030,245 1055,245 1081,245 1106,246 1132,246 1157,247 1183,248"/>
                <TextEquiv>
                    <Unicode>cum motus rt, quem posuimus alium a mo</Unicode>
                </TextEquiv>
            </TextLine>
            <TextLine id="r1l8" custom="readingOrder {index:2;}">
                <Coords points="694,289 755,287 778,305 803,290 823,305 842,289 964,285 993,301 1082,284 1148,303 1192,290 1192,252 694,261"/>
                <Baseline points="699,283 724,283 750,284 776,284 801,284 827,284 853,284 878,284 904,284 930,284 955,284 981,284 1007,284 1032,284 1058,284 1084,284 1109,283 1135,283 1161,283 1187,284"/>
                <TextEquiv>
                    <Unicode>tu per ae, &amp; posuerimus quod motus magni</Unicode>
                </TextEquiv>
            </TextLine>
            <TextLine id="r1l11" custom="readingOrder {index:3;}">
                <Coords points="692,330 1186,330 1186,301 692,300"/>
                <Baseline points="697,320 722,320 747,321 773,321 798,322 824,322 849,322 875,322 900,322 926,322 951,321 977,321 1002,321 1028,321 1053,321 1079,321 1104,321 1130,322 1155,322 1181,323"/>
                <TextEquiv>
                    <Unicode>tudinis diuiditur in duas pertes motus</Unicode>
                </TextEquiv>
            </TextLine>
            <TextLine id="r1l13" custom="readingOrder {index:4;}">
                <Coords points="697,367 1172,371 1185,330 1093,344 987,333 971,346 825,328 798,342 697,334"/>
                <Baseline points="702,359 727,359 752,359 777,359 802,359 827,359 852,359 878,359 903,359 928,359 953,359 978,359 1003,359 1029,359 1054,359 1079,359 1104,359 1129,359 1154,359 1180,358"/>
                <TextEquiv>
                    <Unicode>per a, quae sunt partes ABBC: heces¬</Unicode>
                </TextEquiv>
            </TextLine>
            <TextLine id="r1l14" custom="readingOrder {index:5;}">
                <Coords points="690,402 762,406 775,393 803,411 888,394 921,410 1182,410 1182,366 991,380 964,366 767,378 690,365"/>
                <Baseline points="695,396 720,397 745,397 771,397 796,397 821,398 847,398 872,398 897,397 923,397 948,397 974,397 999,397 1024,397 1050,397 1075,397 1100,397 1126,397 1151,398 1177,398"/>
                <TextEquiv>
                    <Unicode>se est vt motus rE sit aequalis motui</Unicode>
                </TextEquiv>
            </TextLine>
            <TextLine id="r1l16" custom="readingOrder {index:6;}">
                <Coords points="696,443 1174,442 1188,440 1188,413 696,414"/>
                <Baseline points="701,433 726,434 751,434 777,434 802,435 827,435 853,435 878,435 903,435 929,435 954,435 980,435 1005,435 1030,435 1056,434 1081,434 1106,434 1132,434 1157,434 1183,433"/>
                <TextEquiv>
                    <Unicode>pa: &amp;, cum sint aequales, &amp; sunt in vna</Unicode>
                </TextEquiv>
            </TextLine>
            <TextLine id="r1l19" custom="readingOrder {index:7;}">
                <Coords points="694,483 1185,483 1191,445 694,451"/>
                <Baseline points="699,470 724,471 750,471 775,471 801,471 827,471 852,471 878,471 904,471 929,471 955,471 980,471 1006,471 1032,471 1057,471 1083,471 1109,472 1134,472 1160,472 1186,472"/>
                <TextEquiv>
                    <Unicode>magnitudine, ergo sunt idem: cum vnum</Unicode>
                </TextEquiv>
            </TextLine>
            <TextLine id="r1l20" custom="readingOrder {index:8;}">
                <Coords points="698,515 1173,522 1197,513 1197,485 698,486"/>
                <Baseline points="703,509 728,509 754,509 780,509 805,509 831,510 857,510 883,510 908,510 934,510 960,510 986,510 1011,510 1037,510 1063,510 1089,510 1114,510 1140,509 1166,509 1192,509"/>
                <TextEquiv>
                    <Unicode>motum non habeat, nisi vnum motum. Et</Unicode>
                </TextEquiv>
            </TextLine>
            <TextLine id="r1l23" custom="readingOrder {index:9;}">
                <Coords points="693,554 1185,562 1185,530 1142,517 693,524"/>
                <Baseline points="698,545 723,546 748,547 774,547 799,548 824,548 850,548 875,548 900,547 926,547 951,547 977,547 1002,547 1027,547 1053,547 1078,547 1103,547 1129,548 1154,548 1180,549"/>
                <TextEquiv>
                    <Unicode>cum voluit confirmare eos esse aequales,</Unicode>
                </TextEquiv>
            </TextLine>
            <TextLine id="r1l25" custom="readingOrder {index:10;}">
                <Coords points="699,594 1184,594 1184,565 1161,562 699,554"/>
                <Baseline points="704,583 729,584 754,584 779,584 804,584 829,584 854,584 879,584 904,584 929,584 954,584 979,584 1004,584 1029,583 1054,584 1079,584 1104,584 1129,584 1154,585 1179,585"/>
                <TextEquiv>
                    <Unicode>d. Si igitur diminuit, &amp;c. i. &amp; totus mo</Unicode>
                </TextEquiv>
            </TextLine>
            <TextLine id="r1l26" custom="readingOrder {index:11;}">
                <Coords points="701,627 1183,634 1175,597 701,598"/>
                <Baseline points="706,621 732,621 758,621 784,621 810,621 837,621 863,621 889,622 915,622 942,622 968,622 994,622 1020,622 1046,622 1073,622 1099,622 1125,622 1151,622 1178,621"/>
                <TextEquiv>
                    <Unicode>tus rt, si diminuitur a toto moto paer,</Unicode>
                </TextEquiv>
            </TextLine>
            <TextLine id="r1l29" custom="readingOrder {index:12;}">
                <Coords points="695,666 1182,667 1182,637 1168,630 695,636"/>
                <Baseline points="700,660 725,660 750,659 775,659 800,659 825,659 850,659 875,659 900,659 925,659 951,659 976,659 1001,659 1026,659 1051,659 1076,659 1101,659 1126,659 1151,659 1177,658"/>
                <TextEquiv>
                    <Unicode>tunc nihil inuenitur, cui atttibuatur iste</Unicode>
                </TextEquiv>
            </TextLine>
            <TextLine id="r1l30" custom="readingOrder {index:13;}">
                <Coords points="693,705 965,699 1018,714 1038,698 1150,715 1193,703 1193,677 1088,669 1032,684 832,678 810,664 790,678 693,675"/>
                <Baseline points="698,696 723,695 749,695 775,695 801,695 826,696 852,696 878,696 904,696 930,696 955,696 981,696 1007,696 1033,696 1059,696 1084,696 1110,696 1136,696 1162,696 1188,696"/>
                <TextEquiv>
                    <Unicode>motus diminutus, neque, toti, neque</Unicode>
                </TextEquiv>
            </TextLine>
            <TextLine id="r1l33" custom="readingOrder {index:14;}">
                <Coords points="700,739 1184,746 1184,708 700,709"/>
                <Baseline points="705,734 731,734 757,734 784,734 810,734 836,734 863,734 889,734 915,734 942,734 968,734 994,734 1021,734 1047,734 1073,734 1100,734 1126,734 1152,734 1179,734"/>
                <TextEquiv>
                    <Unicode>parti. toti vero, quia illdm, quid diminuitur</Unicode>
                </TextEquiv>
            </TextLine>
            <TextLine id="line_1612542896253_4889" custom="readingOrder {index:15;}">
                <Coords points="690,778 888,786 1035,772 1125,786 1202,773 1191,749 1118,741 1029,754 690,750"/>
                <Baseline points="695,770 721,771 747,771 773,771 799,772 826,772 852,772 878,772 904,772 930,772 957,772 983,772 1009,771 1035,771 1061,771 1088,771 1114,771 1140,771 1166,771 1192,771 1197,771"/>
                <TextEquiv>
                    <Unicode>ab hoc motu, est motus partium, aut,</Unicode>
                </TextEquiv>
            </TextLine>
            <TextLine id="r1l36" custom="readingOrder {index:16;}">
                <Coords points="696,825 995,813 1111,829 1183,813 1183,789 1157,779 1069,796 1035,772 990,789 855,778 836,792 695,789"/>
                <Baseline points="700,808 725,809 750,809 775,809 800,809 825,809 850,809 876,809 901,809 926,809 951,809 976,808 1001,808 1027,808 1052,808 1077,808 1102,808 1127,808 1152,809 1178,809"/>
                <TextEquiv>
                    <Unicode>quia motus diminutus est ille, qui di¬</Unicode>
                </TextEquiv>
            </TextLine>
            <TextLine id="r1l39" custom="readingOrder {index:17;}">
                <Coords points="698,850 1158,858 1188,850 1188,812 1115,832 977,814 698,824"/>
                <Baseline points="703,846 728,846 753,846 778,846 804,846 829,846 854,846 879,846 905,846 930,846 955,846 980,846 1006,846 1031,846 1056,846 1081,846 1107,846 1132,846 1157,846 1183,847"/>
                <TextEquiv>
                    <Unicode>uiditur in omnes pertes scilicet ptes moti. &amp; ideo</Unicode>
                </TextEquiv>
            </TextLine>
            <TextLine id="r1l40" custom="readingOrder {index:18;}">
                <Coords points="692,890 771,903 791,889 1135,898 1187,890 1187,857 968,856 952,869 927,856 692,859"/>
                <Baseline points="697,882 722,882 748,883 773,883 799,883 824,883 850,883 875,883 901,883 926,883 952,883 977,883 1003,883 1028,883 1054,883 1079,883 1105,883 1130,883 1156,883 1182,883"/>
                <TextEquiv>
                    <Unicode>d. Si igitur diminuit, &amp;c. i. &amp; ista pers di</Unicode>
                </TextEquiv>
            </TextLine>
            <TextLine id="r1l44" custom="readingOrder {index:19;}">
                <Coords points="693,930 1051,925 1143,939 1184,929 1184,890 1145,902 766,903 729,890 693,901"/>
                <Baseline points="698,919 723,920 748,920 773,920 799,920 824,920 849,920 875,920 900,920 925,920 951,920 976,920 1001,920 1027,920 1052,920 1077,920 1103,921 1128,921 1153,922 1179,922"/>
                <TextEquiv>
                    <Unicode>minuta a motu non inuenitur aliquid</Unicode>
                </TextEquiv>
            </TextLine>
            <TextLine id="r1l46" custom="readingOrder {index:20;}">
                <Coords points="690,963 783,977 808,962 1121,971 1186,964 1186,927 1132,944 1047,928 979,946 874,928 851,940 830,926 758,941 690,932"/>
                <Baseline points="695,957 720,957 746,957 771,957 797,957 822,957 848,958 874,958 899,958 925,958 950,958 976,958 1001,958 1027,958 1053,958 1078,959 1104,959 1129,959 1155,959 1181,960"/>
                <TextEquiv>
                    <Unicode>de magnitudine, cui attribuatur, nisi</Unicode>
                </TextEquiv>
            </TextLine>
            <TextLine id="r1l48" custom="readingOrder {index:21;}">
                <Coords points="693,1001 964,1002 989,1018 1007,1002 1191,994 1191,979 1143,965 693,973"/>
                <Baseline points="698,994 723,994 749,995 775,995 800,995 826,995 852,995 877,995 903,995 929,995 954,995 980,995 1006,995 1031,995 1057,995 1083,994 1108,994 1134,994 1160,993 1186,993"/>
                <TextEquiv>
                    <Unicode>esset possibile vt vna magnitudo habe¬</Unicode>
                </TextEquiv>
            </TextLine>
            <TextLine id="r1l49" custom="readingOrder {index:22;}">
                <Coords points="692,1037 805,1052 868,1036 1132,1047 1182,1040 1182,1004 986,1020 970,1004 692,1012"/>
                <Baseline points="697,1030 722,1031 747,1032 772,1032 798,1032 823,1032 848,1033 873,1033 899,1033 924,1033 949,1032 974,1032 1000,1032 1025,1032 1050,1032 1075,1032 1101,1033 1126,1033 1151,1034 1177,1034"/>
                <TextEquiv>
                    <Unicode>ret plus qua vnum motum. vnde impossibile</Unicode>
                </TextEquiv>
            </TextLine>
            <TextLine id="r1l51" custom="readingOrder {index:23;}">
                <Coords points="694,1074 1190,1082 1190,1038 1158,1053 1139,1041 1063,1053 1032,1039 961,1052 694,1042"/>
                <Baseline points="699,1070 724,1070 750,1070 775,1070 801,1070 826,1070 852,1070 878,1070 903,1070 929,1070 954,1070 980,1070 1005,1070 1031,1070 1057,1070 1082,1070 1108,1070 1133,1070 1159,1070 1185,1070"/>
                <TextEquiv>
                    <Unicode>em vt haec diminutio attribuatur alicui</Unicode>
                </TextEquiv>
            </TextLine>
            <TextLine id="r1l53" custom="readingOrder {index:24;}">
                <Coords points="695,1115 856,1112 889,1127 902,1114 977,1125 1118,1113 1133,1125 1185,1109 1176,1085 1110,1077 1088,1092 1068,1078 808,1077 779,1090 695,1079"/>
                <Baseline points="700,1107 725,1107 750,1107 775,1107 801,1107 826,1107 851,1107 876,1107 902,1107 927,1107 952,1107 977,1107 1003,1106 1028,1106 1053,1106 1078,1106 1104,1106 1129,1106 1154,1106 1180,1106"/>
                <TextEquiv>
                    <Unicode>omnino tori, aut parti: quoniam to:um, &amp; par¬</Unicode>
                </TextEquiv>
            </TextLine>
            <TextLine id="r1l56" custom="readingOrder {index:25;}">
                <Coords points="693,1154 1182,1154 1182,1115 1109,1128 1065,1116 693,1117"/>
                <Baseline points="698,1143 723,1143 748,1144 773,1144 798,1144 824,1144 849,1144 874,1144 899,1144 924,1144 950,1144 975,1144 1000,1144 1025,1144 1050,1144 1076,1145 1101,1145 1126,1145 1151,1145 1177,1146"/>
                <TextEquiv>
                    <Unicode>tes habent motus alios ab istis. D.d.</Unicode>
                </TextEquiv>
            </TextLine>
            <TextLine id="r1l57" custom="readingOrder {index:26;}">
                <Coords points="693,1187 1185,1194 1184,1154 692,1157"/>
                <Baseline points="698,1182 723,1182 748,1182 774,1182 799,1182 824,1182 850,1182 875,1182 900,1182 926,1182 951,1182 977,1181 1002,1181 1027,1181 1053,1181 1078,1181 1103,1181 1129,1181 1154,1182 1180,1182"/>
                <TextEquiv>
                    <Unicode>neque alterius omnino, &amp;c. i. &amp; ista dimi¬</Unicode>
                </TextEquiv>
            </TextLine>
            <TextLine id="r1l59" custom="readingOrder {index:27;}">
                <Coords points="691,1226 1194,1226 1194,1196 1151,1189 691,1196"/>
                <Baseline points="696,1217 721,1217 747,1218 773,1218 799,1218 825,1219 851,1219 877,1219 903,1219 929,1218 955,1218 981,1218 1007,1218 1033,1218 1059,1218 1085,1218 1111,1218 1137,1217 1163,1217 1189,1218"/>
                <TextEquiv>
                    <Unicode>nutio, quae est in motu, inpossibile est vt</Unicode>
                </TextEquiv>
            </TextLine>
            <TextLine id="r1l61" custom="readingOrder {index:28;}">
                <Coords points="692,1266 1187,1266 1187,1225 1130,1229 1114,1245 1024,1228 1004,1241 891,1227 860,1240 761,1226 692,1235"/>
                <Baseline points="697,1255 722,1255 748,1256 773,1256 799,1256 824,1256 850,1256 875,1256 901,1255 926,1255 952,1255 977,1255 1003,1255 1028,1255 1054,1255 1079,1255 1105,1255 1130,1255 1156,1255 1182,1256"/>
                <TextEquiv>
                    <Unicode>attribuatur alii moto a toto, &amp; a</Unicode>
                </TextEquiv>
            </TextLine>
            <TextLine id="r1l63" custom="readingOrder {index:29;}">
                <Coords points="697,1298 867,1299 882,1311 919,1297 1185,1295 1185,1272 1128,1263 697,1269"/>
                <Baseline points="702,1292 727,1292 752,1293 777,1293 802,1294 827,1294 852,1294 878,1294 903,1294 928,1293 953,1293 978,1293 1003,1293 1029,1293 1054,1292 1079,1292 1104,1293 1129,1293 1154,1293 1180,1293"/>
                <TextEquiv>
                    <Unicode>parte. quonam impossibile est vt diminu¬</Unicode>
                </TextEquiv>
            </TextLine>
            <TextLine id="r1l65" custom="readingOrder {index:30;}">
                <Coords points="696,1337 958,1334 1101,1349 1177,1338 1177,1309 1144,1301 1043,1313 989,1300 830,1310 802,1296 696,1308"/>
                <Baseline points="701,1329 727,1329 753,1330 779,1330 805,1330 831,1331 858,1331 884,1331 910,1331 936,1331 962,1331 988,1331 1015,1331 1041,1331 1067,1331 1093,1331 1119,1331 1145,1331 1172,1331"/>
                <TextEquiv>
                    <Unicode>tio existens in moto istius magnitu</Unicode>
                </TextEquiv>
            </TextLine>
            <TextLine id="r1l67" custom="readingOrder {index:31;}">
                <Coords points="695,1373 966,1374 984,1386 1025,1373 1096,1388 1178,1378 1178,1341 1145,1354 1128,1337 1104,1351 695,1338"/>
                <Baseline points="700,1367 726,1367 752,1368 778,1368 805,1368 831,1368 857,1368 883,1367 910,1367 936,1367 962,1367 989,1367 1015,1367 1041,1367 1067,1368 1094,1368 1120,1368 1146,1368 1173,1369"/>
                <TextEquiv>
                    <Unicode>dinis attribuatur alii moto, quoniam, cum</Unicode>
                </TextEquiv>
            </TextLine>
            <TextLine id="r1l69" custom="readingOrder {index:32;}">
                <Coords points="695,1410 1187,1418 1175,1377 1148,1389 1076,1375 982,1387 695,1373"/>
                <Baseline points="700,1403 725,1404 750,1405 776,1405 801,1406 826,1406 852,1406 877,1406 902,1406 928,1406 953,1405 979,1405 1004,1405 1029,1405 1055,1405 1080,1405 1105,1405 1131,1405 1156,1405 1182,1405"/>
                <TextEquiv>
                    <Unicode>duo mota fuerint diuersa abinuicem,</Unicode>
                </TextEquiv>
            </TextLine>
            <TextLine id="r1l71" custom="readingOrder {index:33;}">
                <Coords points="692,1450 1185,1450 1185,1421 1095,1413 692,1421"/>
                <Baseline points="697,1441 722,1441 747,1441 773,1441 798,1442 824,1442 849,1442 874,1442 900,1442 925,1442 951,1442 976,1442 1002,1442 1027,1442 1052,1442 1078,1442 1103,1442 1129,1442 1154,1442 1180,1441"/>
                <TextEquiv>
                    <Unicode>tunc motus eorum non erit continuus: </Unicode>
                </TextEquiv>
            </TextLine>
            <TextLine id="r1l73" custom="readingOrder {index:34;}">
                <Coords points="692,1490 1188,1489 1188,1459 1114,1452 1077,1463 692,1453"/>
                <Baseline points="697,1478 722,1478 748,1479 773,1479 799,1479 824,1480 850,1480 876,1480 901,1480 927,1480 952,1480 978,1479 1003,1479 1029,1479 1055,1479 1080,1479 1106,1479 1131,1479 1157,1479 1183,1480"/>
                <TextEquiv>
                    <Unicode>&amp;, cum non fuerit continuus: &amp; non </Unicode>
                </TextEquiv>
            </TextLine>
            <TextLine id="r1l76" custom="readingOrder {index:35;}">
                <Coords points="696,1521 1181,1522 1181,1485 1056,1497 899,1486 865,1502 832,1488 696,1492"/>
                <Baseline points="701,1515 726,1516 751,1516 776,1517 801,1517 826,1517 851,1517 876,1518 901,1518 926,1518 951,1518 976,1518 1001,1518 1026,1518 1051,1517 1076,1517 1101,1517 1126,1517 1151,1517 1176,1517"/>
                <TextEquiv>
                    <Unicode>erit vnus. D.d. Et similiter, &amp;c. i. &amp; simili¬</Unicode>
                </TextEquiv>
            </TextLine>
            <TextLine id="r1l77" custom="readingOrder {index:36;}">
                <Coords points="694,1560 1189,1562 1189,1533 1160,1525 694,1534"/>
                <Baseline points="699,1554 724,1554 750,1555 775,1555 801,1555 826,1555 852,1555 877,1555 903,1555 928,1555 954,1555 979,1555 1005,1555 1030,1555 1056,1555 1081,1555 1107,1555 1132,1555 1158,1555 1184,1555"/>
                <TextEquiv>
                    <Unicode>ter motus addens non erit alicuius</Unicode>
                </TextEquiv>
            </TextLine>
            <TextLine id="r1l79" custom="readingOrder {index:37;}">
                <Coords points="695,1602 1188,1602 1188,1572 1058,1562 945,1574 906,1562 849,1581 806,1565 695,1571"/>
                <Baseline points="700,1591 725,1591 750,1592 776,1592 801,1592 827,1592 852,1592 877,1592 903,1592 928,1592 954,1592 979,1592 1005,1592 1030,1592 1055,1592 1081,1592 1106,1592 1132,1592 1157,1592 1183,1592"/>
                <TextEquiv>
                    <Unicode>moti omnino, quia addidit super partes</Unicode>
                </TextEquiv>
            </TextLine>
            <TextLine id="r1l81" custom="readingOrder {index:38;}">
                <Coords points="691,1634 788,1648 814,1635 1135,1642 1183,1634 1183,1602 691,1605"/>
                <Baseline points="696,1628 721,1629 746,1629 772,1629 797,1630 822,1630 848,1630 873,1630 898,1630 924,1630 949,1630 975,1630 1000,1630 1025,1630 1051,1629 1076,1629 1101,1629 1127,1629 1152,1629 1178,1629"/>
                <TextEquiv>
                    <Unicode>moti, quia vnum motum non habet, ni¬</Unicode>
                </TextEquiv>
            </TextLine>
            <TextLine id="r1l84" custom="readingOrder {index:39;}">
                <Coords points="693,1673 957,1671 1005,1684 1185,1670 1175,1645 693,1637"/>
                <Baseline points="698,1666 723,1666 748,1666 774,1667 799,1667 824,1667 850,1667 875,1668 900,1668 926,1668 951,1668 977,1668 1002,1668 1027,1668 1053,1667 1078,1667 1103,1667 1129,1666 1154,1666 1180,1665"/>
                <TextEquiv>
                    <Unicode>si vnum motum, &amp; vniversaliter sequitur vt mo¬</Unicode>
                </TextEquiv>
            </TextLine>
            <TextLine id="r1l86" custom="readingOrder {index:40;}">
                <Coords points="692,1715 1172,1715 1184,1676 909,1689 893,1677 692,1678"/>
                <Baseline points="697,1703 722,1704 747,1704 773,1704 798,1705 823,1705 849,1705 874,1705 899,1705 925,1705 950,1705 976,1705 1001,1705 1026,1705 1052,1705 1077,1704 1102,1704 1128,1704 1153,1704 1179,1703"/>
                <TextEquiv>
                    <Unicode>tus sit partis, &amp; non sit. Motum autem</Unicode>
                </TextEquiv>
            </TextLine>
            <TextLine id="r1l88" custom="readingOrder {index:41;}">
                <Coords points="697,1747 815,1758 896,1744 971,1761 1191,1748 1191,1717 1150,1712 948,1728 930,1712 849,1725 781,1707 758,1724 697,1717"/>
                <Baseline points="702,1741 727,1741 752,1742 778,1742 803,1742 829,1742 854,1742 880,1742 905,1743 931,1743 956,1743 982,1743 1007,1743 1033,1743 1058,1743 1084,1743 1109,1743 1135,1743 1160,1743 1186,1743"/>
                <TextEquiv>
                    <Unicode>non esse partis est, quia motus totiui</Unicode>
                </TextEquiv>
            </TextLine>
            <TextLine id="r1l90" custom="readingOrder {index:42;}">
                <Coords points="693,1786 922,1785 941,1799 957,1786 1194,1787 1194,1750 981,1762 693,1749"/>
                <Baseline points="698,1777 723,1778 749,1778 775,1778 801,1779 827,1779 853,1779 878,1779 904,1779 930,1779 956,1779 982,1779 1008,1779 1033,1779 1059,1779 1085,1779 1111,1779 1137,1779 1163,1780 1189,1780"/>
                <TextEquiv>
                    <Unicode>diuisus est in omnes partes, &amp; diminuen</Unicode>
                </TextEquiv>
            </TextLine>
            <TextLine id="r1l91" custom="readingOrder {index:43;}">
                <Coords points="695,1826 1188,1824 1188,1789 1156,1802 695,1788"/>
                <Baseline points="700,1815 725,1816 750,1816 776,1817 801,1817 827,1817 852,1817 877,1818 903,1818 928,1818 954,1818 979,1818 1005,1817 1030,1817 1055,1817 1081,1817 1106,1817 1132,1817 1157,1817 1183,1818"/>
                <TextEquiv>
                    <Unicode>tur ex eo iste motus. Ipsum vero esse</Unicode>
                </TextEquiv>
            </TextLine>
            <TextEquiv>
                <Unicode>d. ergo necesse est, si motus rr, &amp;c. i. &amp; 
cum motus rt, quem posuimus alium a mo
tu per ae, &amp; posuerimus quod motus magni
tudinis diuiditur in duas pertes motus
per a, quae sunt partes ABBC: heces¬
se est vt motus rE sit aequalis motui
pa: &amp;, cum sint aequales, &amp; sunt in vna
magnitudine, ergo sunt idem: cum vnum
motum non habeat, nisi vnum motum. Et
cum voluit confirmare eos esse aequales,
d. Si igitur diminuit, &amp;c. i. &amp; totus mo
tus rt, si diminuitur a toto moto paer,
tunc nihil inuenitur, cui atttibuatur iste
motus diminutus, neque, toti, neque
parti. toti vero, quia illdm, quid diminuitur
ab hoc motu, est motus partium, aut,
quia motus diminutus est ille, qui di¬
uiditur in omnes pertes scilicet ptes moti. &amp; ideo
d. Si igitur diminuit, &amp;c. i. &amp; ista pers di
minuta a motu non inuenitur aliquid
de magnitudine, cui attribuatur, nisi
esset possibile vt vna magnitudo habe¬
ret plus qua vnum motum. vnde impossibile
em vt haec diminutio attribuatur alicui
omnino tori, aut parti: quoniam to:um, &amp; par¬
tes habent motus alios ab istis. D.d.
neque alterius omnino, &amp;c. i. &amp; ista dimi¬
nutio, quae est in motu, inpossibile est vt
attribuatur alii moto a toto, &amp; a
parte. quonam impossibile est vt diminu¬
tio existens in moto istius magnitu
dinis attribuatur alii moto, quoniam, cum
duo mota fuerint diuersa abinuicem,
tunc motus eorum non erit continuus: 
&amp;, cum non fuerit continuus: &amp; non 
erit vnus. D.d. Et similiter, &amp;c. i. &amp; simili¬
ter motus addens non erit alicuius
moti omnino, quia addidit super partes
moti, quia vnum motum non habet, ni¬
si vnum motum, &amp; vniversaliter sequitur vt mo¬
tus sit partis, &amp; non sit. Motum autem
non esse partis est, quia motus totiui
diuisus est in omnes partes, &amp; diminuen
tur ex eo iste motus. Ipsum vero esse</Unicode>
            </TextEquiv>
        </TextRegion>
    </Page>
</PcGts>
