1416 2066
198 167 695 202 rum per se, quae mouentur ab alio, idest ab
199 200 694 234 extrinseco. Et causa svt bene notat Auerro.
197 229 689 262 in com. 27. vbi vidit huiusmodi difficulta¬
192 261 701 293 tem & contradictionemfuit, quia talia non
197 292 687 331 mouentur ex se, nisi prius moueantur ex aliis
198 322 693 360 vnde dicit & posuit ista moueri ex aliis,
203 356 695 391 quia ista non mouentur ex se, donec mo¬
198 389 693 418 ueantur ex aliis, vt post declarabitur. Non
194 413 692 450 ligitur negat Arist. quod grauia & leuia habeant
200 453 695 486 principium intrinsecum sui motus, sicut te
193 478 701 513 net Commen. in plerisque locis, & ipsemet
199 509 691 541 Philosophus, sed causa, propter quam pla¬
191 545 693 571 cuit sibi collocare in numero eorum, qua
195 567 701 603 mouentur ab extrinseco, dicta. est. Et ista est
196 599 693 639 sententia Philosophi sine dubio in. S. phy¬
197 634 692 666 in tex. com. 17. quam repetit etiam in tex
201 662 699 698 com. 17. sicut videre potes resolute. Confir
198 694 697 730 matur. quia in tex. 39. ait quod corpora simpli
196 724 693 758 cia ipsa a seipsis moueri impossibile est. vita
197 756 701 788 le enim est hoc, & animatorum proprium.
196 787 698 826 Et sistere possent ipsa secundum seipsa. Idem
197 820 701 858 clarissime legitur. S. physico. tex. com. 77. vbi
195 848 703 882 habet quod motum ex se proprie est in motu
194 879 534 914 localitantum, & in animatis,
231 909 693 946 Octaua contradictio est in com. 2 7. Ha¬
196 940 696 978 bet Commenta. motum coeli esse naturalem
198 975 693 1006 ex parte animae, & ex parte corporis. Huius
198 1005 699 1042 tamen oppositum videtur dicere. 2. coeli. com
195 1039 701 1071 men. 3. vbi dicit motum coeli non esse natu¬
198 1069 694 1098 ralem. Respondetur. non dixit motum coe¬
196 1097 699 1131 li Commen ibi non esse naturalem absolute,
195 1130 693 1162 sed dixit quod non est natutalis, sicut est mo¬
198 1160 700 1194 tus elementorum. Sed dices. tu dixisti supe
199 1191 693 1229 rius in. 2. phy. in contradictione secunda, quod
194 1221 693 1258 motus coeli non est naturalis ex parte sua
195 1252 695 1285 formae, quae est anima eius, sed solum ex
198 1284 696 1322 parte corporis. modo Commen hic dicit op
202 1313 693 1345 positum, sicut vides. Dico quod non est contra¬
198 1344 692 1389 dictio. quia ibi negaui motum coeli esse na
197 1378 689 1417 turalem ex parte intelligentiae, ita quod ipsa sit
196 1412 697 1442 natura: sed vt dixi, vt sic motus coeli est su¬.
199 1445 697 1479 pra naturam, pro quanto est ab aliquo prin¬
195 1470 697 1505 cipio altiori, qui sit natura. Vnde Commen.
199 1501 686 1538 disputatione. e2. in solutione primi dubi
201 1539 694 1573 contra Algaxelem inquit inquit Peripa¬
196 1564 689 1603 therici secundum veritatem loquentes di¬
192 1598 694 1638 cunt quod entia procedunt ab eo modo altio¬
194 1629 694 1657 ri quam sit natura, & quam sit humana vo
194 1656 693 1690 luntas. Et ideo illud, quod ipse dixit nomi¬
197 1688 696 1722 ne Philosophorum, quod id, quod procedit ab
195 1719 701 1755 ipso Deo, procedit modo naturae, falsum
183 1751 701 1786 est. hic autem concedo motum coeli esse
183 1784 699 1818 naturalem ex parte animae. quia motus cir¬
182 1814 701 1857 cularis est motus animae, sicut patet secun¬
183 1844 693 1885 do capitu. de substantia orbis: non tamen
183 1885 692 1922 anima coeli est natura, sed est supra natu¬
727 165 1227 200 ram. sed tenentes illam animam dare esse.
723 198 1231 234 sequitur illam esse vere naturam, quod est
722 229 857 267 absurdum.
763 253 1229 298 ona contradictio est in com. 30. Dicit
727 290 1231 330 quod impossibile est elementum esse mouens,
729 325 1227 354 & motum secundum formam eodem mo
718 357 1228 387 do. Huius oppositum dicit. 4. coeli. com. 12.
730 384 1226 421 vbi habet quod in motu elementi forma est
722 421 1235 450 mouens & motum. Soluitur. quia dicit eo
726 445 1236 482 dem modo. Pro quo debes scire, quod furma
722 478 1230 514 mouet inquantum forma. sed vt sic non po
723 508 1235 541 test moueri, sed forma vt in materia moue
725 543 1227 579 ri potest. ratio est ista. quia omnis passibili¬
728 569 1236 602 tas & potentialitas, & vniuersaliter imperfi
734 599 1226 634 ctio, quae attribuitur formae, est merito ma
726 636 1230 666 teriae secundum Philosophos. & ideo. 4. coe
732 665 1233 699 li dicit forma elementi mouet: sed vt est
726 694 1237 734 forma in materia mouetur. Et propter hoc
731 725 1231 761 secundum ipsum. 9. meta. commen. 2. formae
729 760 1229 792 abstractae a materia sunt tantum agentes,
726 787 1233 820 nullo modo patientes, neque essentialiter¬
725 821 1227 850 neque accidentaliter. & hoc est conueniens
731 849 1235 887 principiis Philosophi. nam ratio essentialis
727 881 1233 922 patiendi est a materia & a potentia, secun¬
726 917 1231 946 do de generatione. 33. materiae est moueri¬
730 942 1229 978 & ideo nulla forma per se est passibilis, si¬
733 973 1229 1010 ue abstracta, siue materialis fuerit, quia for¬
726 1012 1235 1043 ma essentialiter est actio, secundo de gene
723 1044 1223 1074 ratione, vbi supra, &. 3. physi. 17. &. 9. meta
727 1066 1227 1100 1o tamen materiales sunt passibiles per ac¬
732 1099 1227 1139 cidens, quia ratione materiae, & a qua infi¬
727 1132 1237 1162 ciuntur. cum autem in abstractis a materia non
729 1161 1233 1193 sit ratio passibilitatis aliquo modo: quia nec vt
729 1192 1229 1226 formae, nec vt in materia, quia ibi materia
726 1223 1232 1258 non est: sequitur illas esse actiones tantum. sed istae,
737 1253 1209 1293 i sunt hic, sunt actio & passio, sicut nosti.
759 1285 1223 1325 Dec ima contradictio est in com. 34. Dicit
730 1318 1228 1360 quod omne motum habet motorem alium a
727 1348 1235 1386 re in esse. Oppositum patet. 4. coeli. com. 12.
722 1381 1223 1409 ad finem, vt dicit quod in motu elementi mo
723 1411 1228 1451 tor & motum sunt idem secundum subiectum, &
725 1440 1241 1474 differunt secundum modum. Soluitur. in per se
727 1472 1231 1505 mouentibus, & per se motis motor, & mo¬
727 1503 1239 1538 tum debent distingui secundum esse. sed in per se
723 1537 1234 1567 mouentibus, & per accidens motis, sicut est
725 1564 1237 1602 de fornia elementi, non oportet hoc: sed suf¬
730 1594 1236 1625 ficit quod illud ratione cuius dicitur esse mo¬
726 1627 1234 1658 ta, forma per accidens fit distinctum secundum es
724 1657 1226 1690 se ab ipsa forma, & illud est ipsa materia.
726 1688 1238 1722 & ideo Philosophi dixerunt nullum omni
728 1725 1235 1755 no simplex posse esse mouens & motum
724 1750 1186 1786 aliquo modo, sicut supra iam diximus.
766 1779 1234 1818 vndecima contradi. est in com. 33. Dicit
727 1813 1244 1850 motum ferum ad magnetem esse ab extrinse
729 1847 1244 1882 co. Oppositum dicit. 7. meta. 16. com. Solui¬
735 1877 1233 1915 tur. est ab extrinseco, quia non mouetur a
