1416 2066
197 182 711 231 tus istorum, quae mouentur ex se ge
212 216 715 265 nerabilium, & corruptibilium secundum per¬
212 256 696 301 petuitatem: & erunt ista causae alia
214 289 713 331 rum rerum, quae mouent. Et, cum d. &
206 325 704 370 istud, quod non est motum, &c. i. &
214 365 711 402 istud demonstratum ex istis mouet
211 399 704 442 hoc demonstratum, & est non mo¬
214 439 711 474 tum ab alio, sed ex se: & aliud etiam ab
213 473 707 511 isto mouet aliud ab illo, & sic erit in
206 512 711 563 infinitum: impossibile est vt ista sint, nisi
218 553 704 600 ponatur hic aliquid motum ex se, conti
212 589 703 634 nens omnia ista aliquo modo conti¬
211 629 707 667 nentiae. Et hoc intendebat, cum d.
211 663 701 710 hoc non faceret aliquo modo, &c. &
214 700 704 749 intendit alio modo ab eis, secundum quorum
216 737 707 788 viium imaginatur hic esse motum ex
206 775 703 817 se continens omnia: immo necesse est
217 815 707 858 imaginari motum ex se continens
210 852 697 902 ea aliquo modo continentiae. & nos iam
212 890 703 937 declarauimus modum continentiae,
222 928 703 978 quem innuit. Et non dimisit ipsum
219 965 703 1016 non distinctum, vt mihi viversal, nisi quia
212 1012 704 1054 manifestum est per se quod, si ista mota ex
215 1045 696 1090 se venerabilia, & corruptibilia non
211 1071 704 1123 essent determinata, & continuata a
214 1118 696 1163 motibus corporum coelestium, non
219 1155 698 1202 essent, nedum vt continuaretur esse
213 1197 697 1246 in eis. & ideo, si positum fuerit totum ge¬
211 1238 697 1286 nerari, contingeret vt esset pars alte
209 1273 703 1314 rius mundi. Et modus generationis,
210 1309 703 1360 istorum, quae mouent se adinuicem, per
212 1348 699 1386 accidens est. quia sunt quasi instru¬
215 1389 696 1437 menta, per quae mouent corpora coe¬
219 1421 695 1473 estia, scilicet quod homo non dat in generatio¬
213 1459 700 1508 ne hominis, nisi illud, quid est quasi
212 1497 700 1546 insteundum: & corpa coelestia sunt quasi
214 1537 704 1571 artifex, & virtutes informatiuae, quas
216 1571 705 1611 vocat Arist. virtutes animae in lib. de ani¬
215 1612 699 1650 malibus, fiunt etiam a corporibus coele
211 1645 691 1692 stibus. Et tu bene scis quod non de ne
211 1685 699 1730 cessitate debet instrm esse finitum,
210 1720 697 1769 sed necesse est, si fuerit hic artifex, qui
209 1758 707 1802 operatur per instem generabilia, &
215 1805 711 1843 corruptibilia, & semper operatur, aut
730 173 1239 218 sint hic instrumenta infinita. & etiam
740 211 1234 256 quando Socra. generat Platonem,
738 254 1237 290 & Plato Ciceronem, tunc Plato non
739 295 1223 337 generat Ciceronem propter gene¬
741 325 1235 372 rationem eius ex Soerat. sed pro¬
739 362 1226 410 pter voluntatem eius, scilicet, quia
740 398 1229 448 proiicere voluit semen in illam fo¬
741 436 1226 488 minam. a Socrat. enim generare
740 476 1218 518 Ciceronem est per accidens. Ergo
737 512 1221 563 illud, quod Loquentes nostrae le¬
735 549 1225 602 ois existimauerunt esse impossibi¬
734 580 1221 627 se, iam apparuit esse necessarium,
730 627 1213 676 & errauerunt in hoc, quia accepe
734 662 1215 712 runt illud, quod est essentialiter,
734 701 1218 751 loco eius, quod est accidentaliter:
732 741 1227 777 & existimauerunt esse impossibile
731 777 1227 828 illud, quod non est impossibile, sci¬
736 812 1231 855 licet quod causas esse infinitas est
730 848 1222 901 impossibile essentialiter, & possibi¬
730 890 980 931 le accidentaliter.
771 957 1223 1018 Si igitur perpetuus motus est,
732 1005 1223 1050 per petuum erit & mouens primum,
732 1044 1226 1081 si vnum est. sin vero plura, plura
732 1091 1223 1132 perpetua. Vnum autem magis quam mul¬
734 1124 1221 1170 ta, & finita quam infinita ops existi
735 1164 1208 1214 mare. eisdem enim accidentibus sempe
732 1208 1214 1252 finita magis accipere oporter.i
729 1249 1223 1299 ijns enim quae natura sunt, opor¬
734 1286 1218 1330 tet finitum, & id, quod melius
731 1328 1221 1378 est, si contingat, esse magis. suf¬
732 1370 1215 1421 ficiens autem est, etiam si vnum,
735 1412 1219 1467 quod, cum primum immobi¬
729 1452 1223 1498 lium perpetuum sit, erit aliis
734 1492 1052 1546 principium motus.
779 1550 1225 1602 Et, si motus fuerit aeternus, tue
730 1600 1218 1658 primus motor erit aeternus, si fue¬
732 1645 1210 1702 rit vnus. et, si fuerint plures vno¬
730 1693 1222 1751 tuc aeterna erut plura vno. Sed me
730 1740 1220 1798 lius e opinari ipsu esse vnum, non plu¬
727 1786 1227 1849 res. hoc enim complebitur per tria. et, si
