1416 2066
184 180 692 232 Amplius susceptiuum non quod
197 221 692 266 uis est, sed vnum vnius primum.
186 261 688 312 Sed non solum oportet compa¬
194 299 684 346 rabilia non aequiuoca esse, sed
195 342 689 386 & non habere differentiam, ne¬
194 384 687 426 que quod, neque in quo. dico au¬
193 420 691 465 tem, vt color habet diuisionem.
188 462 691 506 Non ergo est comparabile secundum
190 502 695 546 hoc, vt vtrum coloratum sit ma
194 544 686 592 gis album, quam nigrum, haec
192 592 686 627 enim comparantur, non secundum ali¬
194 625 691 667 quem colorem, sed quatenus co¬
194 669 691 706 lor est, sed secundum albedinem.
195 708 697 747 Sic & circa motum, aeque velox
204 748 692 796 quod in aequali tempore mouen
205 789 691 844 ur per aequale, I Ctantum longi
199 826 460 883 tudinis in hoc. T
249 869 687 929 Et etiam primum recipiens non
195 914 695 971 est quodcunque vnum, sed est v¬
197 962 691 1019 num, quod recipit vnum. Et non sub
197 1005 689 1066 ficit vt contiungibilia non sint ae¬
196 1052 689 1114 quiuoca tantum, sed cum hoc indi
195 1101 689 1162 gent, vt inter illa non sit diuersi¬
194 1163 694 1210 tas, neque in ratione, neque in eo,
195 1197 699 1258 in quo sunt, verbi gratia, quoniam
197 1244 693 1306 in colore accidit diuisio. Ergo in
193 1288 700 1349 hoc no coniunguntur duo, ita, quod
195 1337 691 1395 dicatur, vtrum sit magis colora¬
191 1384 699 1443 tum, non intelligedo vtrum sit ma
198 1427 689 1490 gis in eodem colore, sed in capitulo
194 1477 688 1522 coloris, & coniunguntur secundum
196 1524 692 1570 albedinem. Et sic dicimus etiam
200 1580 689 1626 in motu, quoniam est etiam conue
195 1626 689 1676 niens in velocitate, cum in tempo¬
195 1661 699 1722 re aequali pertransiuerit spatium
194 1708 560 1766 aequale talis quantitatis.
239 1756 691 1805 Cum perscrutatus est de hoc scilicet
188 1797 694 1834 inter quos motus inuenitur compa
717 180 1232 226 ratio secundum maois, & minus, & l
722 212 1213 269 declarauit quod motus diuersi in gene
723 261 1217 306 re non coniunguntur, vt velocitas,
722 293 1211 331 & tarditas in translatione, & altera¬
719 330 1219 370 tione, & dubitauit in motibus con¬
722 367 1212 418 uenientibus in genere, & diuersis in
720 404 1213 450 specie, vt motus rectus, & circularis,
720 445 1212 493 & declarauit quod non coniunguntur
722 485 1213 527 propter hoc, quod illa, quae comiungun
720 525 1217 562 tur, oportet vt non habeant nomina
718 557 1209 594 aequiuoca, neque in recipiente, incoe¬
723 589 1217 640 pit dicere hoc, & dixit: Et etiam pri¬
722 631 1223 676 mum recipiens, &c. i. & hoc, quod
726 665 1212 702 dictum est, quod eadem res inuenitur
722 702 1213 746 in subiectis diuersis, non est verum.
718 743 1232 786 quoniam, si ita esset, tunc idem reciperer
719 778 1216 819 a quocunque: & sic non essent hic ma¬
727 813 1217 862 teriae propriae formis naturalibus,
718 853 1214 901 neque praeparatio propria. & ideo ne
722 889 1206 930 cesse est vt vnius transmutati tran¬
724 926 1204 962 mutatum sit vnum subiectum ne
728 970 1213 1011 cessario scilicet propinquum. ex quo vitr
720 1003 1214 1051 quod genus non est subiectum propin
723 1037 1207 1075 quum formarum. Et demde dicit
727 1076 1213 1115 Et non sufficit, &c. i. & non sufficit i
721 1114 1211 1162 rebus, in quibus inuenitur comun¬
729 1149 1215 1188 ctio, vt non sint aequiuoca, sed vt etiam
723 1194 1211 1237 non diuersentur in ratione, neque in
724 1224 1209 1277 subiecto propinquo. & istae sunt vl
724 1264 1217 1307 timae species. Illa autem, quae conue
727 1298 1214 1353 niunt in ratione generali, & diuer¬
722 1337 1215 1386 santur in differentiis, & subiectis, pro¬
728 1376 1226 1427 priis, vt color, qui est vnum quid ve
730 1404 1224 1458 nere, sed diuersatur secundum diffe¬
726 1453 1223 1502 rentias, & secundum subiectum pro
726 1492 1219 1539 prium vnicuique diciturae non coniungun
727 1526 1227 1570 tur. & hoc intendebat, cum dixit. v.
731 1565 1220 1613 g quoniam in colore, &c. i. quoniam co¬
725 1613 1221 1650 lor non coniungitur cum colore, se¬
723 1639 1225 1690 cundum quod est color tantum. quo¬
723 1676 1219 1729 niam color diuiditur per differen¬
727 1717 1217 1754 tias attributas colori diuisiuas: & i¬
727 1753 1219 1790 stae differentiae sunt diuersae secun¬
722 1791 1223 1835 dum formas, & subiectum: nisi com
