<?xml version="1.0" encoding="UTF-8" standalone="yes"?>
<PcGts xmlns="http://schema.primaresearch.org/PAGE/gts/pagecontent/2013-07-15" xmlns:xsi="http://www.w3.org/2001/XMLSchema-instance" xsi:schemaLocation="http://schema.primaresearch.org/PAGE/gts/pagecontent/2013-07-15 http://schema.primaresearch.org/PAGE/gts/pagecontent/2013-07-15/pagecontent.xsd">
    <Metadata>
        <Creator>prov=University of Rostock/Institute of Mathematics/CITlab|PLANET AI GmbH/Gundram Leifert/gundram.leifert@planet-ai.de:name=cod-dsKs3a-m1(htr_id=29297)::::v=2.6.7
prov=University of Rostock/Institute of Mathematics/CITlab|PLANET AI GmbH/Tobias Gruening/tobias.gruening@planet-ai.de:name=de.uros.citlab.module.baseline2polygon.B2PSeamMultiOriented:v=2.6.7
prov=University of Rostock/Institute of Mathematics/CITlab|PLANET AI GmbH/Tobias Gruening/tobias.gruening@planet-ai.de:name=/net_tf/LA73_249_0mod360.pb:de.uros.citlab.segmentation.CITlab_LA_ML:v=2.6.6
Transkribus</Creator>
        <Created>2021-01-11T16:37:04.559-05:00</Created>
        <LastChange>2021-02-13T05:23:20.990+01:00</LastChange>
        <TranskribusMetadata docId="570401" pageId="23568065" pageNr="197" tsid="52610709" status="IN_PROGRESS" userId="25065" imgUrl="https://files.transkribus.eu/Get?id=QNDWMUAEGILLYJPIFXITPZJP&amp;fileType=view" xmlUrl="https://files.transkribus.eu/Get?id=XBVEOYIEHFPVAFTIMJQLUPXZ" imageId="18092956"/>
    </Metadata>
    <Page imageFilename="Averroes_Physica_JuntSecunda_04-0197.jpg" imageWidth="1416" imageHeight="2066">
        <ReadingOrder>
            <OrderedGroup id="ro_1613222758952" caption="Regions reading order">
                <RegionRefIndexed index="0" regionRef="TextRegion_1611451016540_4808"/>
                <RegionRefIndexed index="1" regionRef="TextRegion_1611451008314_4797"/>
            </OrderedGroup>
        </ReadingOrder>
        <TextRegion orientation="0.0" id="TextRegion_1611451016540_4808" custom="readingOrder {index:0;}">
            <Coords points="176,141 686,141 686,1889 176,1889"/>
            <TextLine id="line_1611451016630_4811" custom="readingOrder {index:0;}">
                <Coords points="171,215 680,226 680,188 225,180 198,207 171,207"/>
                <Baseline points="176,214 194,214 221,215 247,215 274,215 301,215 327,215 354,215 381,215 408,215 434,215 461,215 488,215 514,215 541,215 568,215 594,215 621,216 648,216 675,216"/>
                <TextEquiv>
                    <Unicode>Dicit: sed secundum, &amp;c. idest &amp;</Unicode>
                </TextEquiv>
            </TextLine>
            <TextLine id="line_1611451016630_4813" custom="readingOrder {index:1;}">
                <Coords points="171,258 671,266 677,230 469,222 171,238"/>
                <Baseline points="176,254 201,254 227,254 253,254 279,254 305,254 332,254 358,254 384,254 410,254 436,255 462,255 488,255 515,255 541,255 567,255 593,255 619,255 645,255 672,255"/>
                <TextEquiv>
                    <Unicode>mouere, &amp; moueri sunt idem secundum sub</Unicode>
                </TextEquiv>
            </TextLine>
            <TextLine id="r2l4" custom="readingOrder {index:2;}">
                <Coords points="181,306 683,303 670,269 181,264"/>
                <Baseline points="186,294 211,293 237,293 263,293 289,293 315,293 341,293 367,293 393,293 419,293 444,293 470,294 496,294 522,294 548,294 574,294 600,294 626,293 652,293 678,293"/>
                <TextEquiv>
                    <Unicode>iectum, per quod inuenitur moue¬</Unicode>
                </TextEquiv>
            </TextLine>
            <TextLine id="r2l5" custom="readingOrder {index:3;}">
                <Coords points="178,336 686,346 686,312 669,301 652,313 634,300 178,308"/>
                <Baseline points="183,330 209,330 235,330 261,330 287,330 314,331 340,331 366,331 392,331 418,331 445,332 471,332 497,332 523,332 549,332 576,333 602,333 628,333 654,334 681,334"/>
                <TextEquiv>
                    <Unicode>re, &amp; moueri, &amp; illud est motus. D.d.</Unicode>
                </TextEquiv>
            </TextLine>
            <TextLine id="r2l6" custom="readingOrder {index:4;}">
                <Coords points="178,378 686,378 686,348 668,341 647,357 471,338 347,353 179,340"/>
                <Baseline points="183,369 209,369 235,369 261,369 287,369 314,369 340,370 366,370 392,370 418,370 445,370 471,371 497,371 523,371 549,371 576,371 602,372 628,372 654,372 681,372"/>
                <TextEquiv>
                    <Unicode>dicere enim, &amp;c. idest &amp; mouere, &amp; </Unicode>
                </TextEquiv>
            </TextLine>
            <TextLine id="r2l7" custom="readingOrder {index:5;}">
                <Coords points="181,416 510,414 573,427 676,417 677,389 453,378 403,391 378,377 182,388"/>
                <Baseline points="186,407 211,407 237,408 262,408 288,408 313,408 339,409 364,409 390,409 415,409 441,409 466,409 492,410 517,410 543,410 568,410 594,410 619,410 645,410 671,410"/>
                <TextEquiv>
                    <Unicode>moueri non sunt idem secundum quidita¬</Unicode>
                </TextEquiv>
            </TextLine>
            <TextLine id="r2l8" custom="readingOrder {index:6;}">
                <Coords points="184,458 687,458 687,429 663,415 636,430 510,414 468,430 418,417 382,429 359,416 184,421"/>
                <Baseline points="189,446 214,446 240,447 266,447 292,447 318,447 344,447 370,447 396,447 422,447 448,447 474,447 500,447 526,447 552,447 578,448 604,448 630,448 656,449 682,450"/>
                <TextEquiv>
                    <Unicode>tem, quia definitio eorum est diuersa,</Unicode>
                </TextEquiv>
            </TextLine>
            <TextLine id="r2l9" custom="readingOrder {index:7;}">
                <Coords points="187,498 297,486 312,498 689,498 689,465 633,455 524,467 425,454 387,471 346,455 187,461"/>
                <Baseline points="192,485 217,485 243,485 269,485 295,485 321,485 347,485 373,485 399,486 425,486 450,486 476,486 502,486 528,486 554,486 580,486 606,486 632,487 658,487 684,487"/>
                <TextEquiv>
                    <Unicode>mouere enim est actio motoris in </Unicode>
                </TextEquiv>
            </TextLine>
            <TextLine id="r2l10" custom="readingOrder {index:8;}">
                <Coords points="177,531 680,538 687,502 178,501"/>
                <Baseline points="183,523 209,523 235,523 261,524 288,524 314,524 340,524 366,525 393,525 419,525 445,525 471,525 498,526 524,526 550,526 576,526 603,525 629,525 655,525 682,524"/>
                <TextEquiv>
                    <Unicode>rem motam, moueri autem est passio</Unicode>
                </TextEquiv>
            </TextLine>
            <TextLine id="r2l11" custom="readingOrder {index:9;}">
                <Coords points="180,571 675,578 675,540 622,533 417,532 399,549 279,533 180,541"/>
                <Baseline points="185,562 210,562 236,562 261,562 287,562 312,562 338,562 363,562 389,562 414,563 440,563 465,563 491,563 516,563 542,563 567,563 593,563 618,563 644,563 670,563"/>
                <TextEquiv>
                    <Unicode>moti a motore. &amp; hoc intendebat,</Unicode>
                </TextEquiv>
            </TextLine>
            <TextLine id="r2l12" custom="readingOrder {index:10;}">
                <Coords points="179,611 683,618 683,582 639,569 179,582"/>
                <Baseline points="184,599 210,599 236,599 262,600 288,600 314,600 340,601 366,601 392,601 418,601 444,601 470,601 496,601 522,601 548,601 574,601 600,601 626,601 652,601 678,601"/>
                <TextEquiv>
                    <Unicode>cum dixit: dicere enim &amp;c. idest dice</Unicode>
                </TextEquiv>
            </TextLine>
            <TextLine id="r2l13" custom="readingOrder {index:11;}">
                <Coords points="182,645 310,658 678,649 678,620 643,613 295,628 257,609 182,612"/>
                <Baseline points="187,639 212,639 238,639 263,639 289,639 314,639 340,639 366,639 391,639 417,639 442,640 468,640 493,640 519,640 545,640 570,640 596,640 621,639 647,639 673,638"/>
                <TextEquiv>
                    <Unicode>re enim quod mouere est actio moto¬</Unicode>
                </TextEquiv>
            </TextLine>
            <TextLine id="r2l14" custom="readingOrder {index:12;}">
                <Coords points="178,690 674,690 674,653 598,647 584,659 460,647 444,660 335,653 317,665 178,653"/>
                <Baseline points="183,679 208,678 234,678 259,678 285,679 310,679 336,679 362,679 387,679 413,679 438,679 464,679 489,680 515,680 541,680 566,680 592,680 617,680 643,679 669,679"/>
                <TextEquiv>
                    <Unicode>ris in rem motam est aliud a dicere,</Unicode>
                </TextEquiv>
            </TextLine>
            <TextLine id="r2l15" custom="readingOrder {index:13;}">
                <Coords points="176,737 260,724 670,730 662,693 176,693"/>
                <Baseline points="181,717 206,717 231,718 257,718 282,718 308,718 333,718 359,718 384,718 410,718 435,718 461,718 486,718 512,718 537,718 563,718 588,718 614,718 639,718 665,718"/>
                <TextEquiv>
                    <Unicode>quod moueri est actio moti a motore.</Unicode>
                </TextEquiv>
            </TextLine>
            <TextLine id="r2l17" custom="readingOrder {index:14;}">
                <Coords points="225,794 319,794 338,810 358,794 679,794 679,763 575,764 548,748 529,764 481,766 374,765 359,750 335,764 308,749 267,765 225,749"/>
                <Baseline points="230,786 256,786 282,786 308,786 334,786 360,787 386,787 412,787 438,788 465,788 491,788 517,789 543,789 569,789 595,789 621,789 647,788 674,788"/>
                <TextEquiv>
                    <Unicode>Quid igitur Motus sit, &amp; vne</Unicode>
                </TextEquiv>
            </TextLine>
            <TextLine id="r2l18" custom="readingOrder {index:15;}">
                <Coords points="180,843 671,841 679,798 180,805"/>
                <Baseline points="185,830 210,829 236,829 262,829 287,830 313,830 339,830 365,830 390,830 416,831 442,831 468,831 493,831 519,831 545,831 571,831 596,831 622,831 648,830 674,829"/>
                <TextEquiv>
                    <Unicode>uersaliter, &amp; secundum partem dictum est</Unicode>
                </TextEquiv>
            </TextLine>
            <TextLine id="r2l19" custom="readingOrder {index:16;}">
                <Coords points="184,882 678,882 678,853 662,845 586,838 449,853 184,844"/>
                <Baseline points="189,871 214,871 239,871 265,871 290,871 316,871 341,871 367,872 392,872 418,872 443,872 469,872 494,872 520,872 545,872 571,872 596,872 622,872 647,871 673,871"/>
                <TextEquiv>
                    <Unicode>non enim immanifestum est quo¬</Unicode>
                </TextEquiv>
            </TextLine>
            <TextLine id="r2l20" custom="readingOrder {index:17;}">
                <Coords points="181,922 687,921 687,892 655,885 181,889"/>
                <Baseline points="186,913 212,913 238,913 264,913 290,913 316,913 342,914 368,914 394,914 420,914 447,914 473,914 499,914 525,915 551,915 577,915 603,915 629,915 655,915 682,915"/>
                <TextEquiv>
                    <Unicode>modo definietur specierum vna</Unicode>
                </TextEquiv>
            </TextLine>
            <TextLine id="r2l21" custom="readingOrder {index:18;}">
                <Coords points="182,966 657,962 674,960 674,923 358,934 331,919 312,932 182,933"/>
                <Baseline points="187,955 212,954 237,954 263,954 288,954 313,955 339,955 364,955 389,955 415,955 440,955 466,955 491,955 516,956 542,956 567,956 592,956 618,955 643,955 669,955"/>
                <TextEquiv>
                    <Unicode>quaeque ipsius. Alteratio enim al¬</Unicode>
                </TextEquiv>
            </TextLine>
            <TextLine id="r2l22" custom="readingOrder {index:19;}">
                <Coords points="178,1009 631,1010 681,1001 681,972 178,974"/>
                <Baseline points="183,996 208,996 234,996 260,996 286,996 312,997 338,997 364,997 390,997 416,997 442,997 468,997 494,997 520,997 546,998 572,998 598,998 624,997 650,997 676,997"/>
                <TextEquiv>
                    <Unicode>terabilis, quatenus est alterabile.</Unicode>
                </TextEquiv>
            </TextLine>
            <TextLine id="r2l23" custom="readingOrder {index:20;}">
                <Coords points="179,1050 679,1051 685,1010 179,1013"/>
                <Baseline points="184,1039 210,1039 236,1039 262,1038 288,1038 314,1038 340,1039 366,1039 392,1039 418,1039 445,1039 471,1039 497,1039 523,1040 549,1040 575,1040 601,1040 627,1040 653,1039 680,1039"/>
                <TextEquiv>
                    <Unicode>actus est. Amplius autem notius est</Unicode>
                </TextEquiv>
            </TextLine>
            <TextLine id="r2l24" custom="readingOrder {index:21;}">
                <Coords points="182,1087 255,1099 684,1090 678,1051 586,1064 570,1049 481,1061 351,1049 258,1069 223,1048 182,1054"/>
                <Baseline points="187,1080 212,1080 238,1080 264,1080 290,1080 316,1080 342,1080 368,1080 394,1081 420,1081 445,1081 471,1081 497,1082 523,1082 549,1082 575,1082 601,1082 627,1082 653,1082 679,1082"/>
                <TextEquiv>
                    <Unicode>eius, quod potentia actiui, ac pas</Unicode>
                </TextEquiv>
            </TextLine>
            <TextLine id="r2l25" custom="readingOrder {index:22;}">
                <Coords points="180,1129 677,1131 677,1100 626,1088 568,1101 180,1090"/>
                <Baseline points="185,1121 210,1121 236,1122 261,1122 287,1122 313,1122 338,1123 364,1123 390,1123 415,1123 441,1123 466,1123 492,1123 518,1123 543,1123 569,1123 595,1123 620,1123 646,1122 672,1122"/>
                <TextEquiv>
                    <Unicode>siui, quatenus huiusmodi, &amp; sim¬</Unicode>
                </TextEquiv>
            </TextLine>
            <TextLine id="r2l26" custom="readingOrder {index:23;}">
                <Coords points="179,1181 215,1169 683,1170 683,1141 386,1143 343,1130 313,1148 250,1132 179,1141"/>
                <Baseline points="184,1164 210,1164 236,1164 262,1164 288,1164 314,1164 340,1164 366,1164 392,1164 418,1164 444,1164 470,1164 496,1164 522,1164 548,1164 574,1164 600,1164 626,1164 652,1164 678,1164"/>
                <TextEquiv>
                    <Unicode>pliciter, &amp; rursum secundum vnum¬</Unicode>
                </TextEquiv>
            </TextLine>
            <TextLine id="r2l27" custom="readingOrder {index:24;}">
                <Coords points="186,1225 236,1213 306,1226 334,1209 372,1223 683,1211 683,1181 655,1171 515,1194 484,1172 186,1181"/>
                <Baseline points="191,1206 216,1206 242,1206 267,1206 293,1206 319,1206 344,1206 370,1206 396,1207 421,1207 447,1207 472,1207 498,1207 524,1207 549,1207 575,1207 601,1206 626,1206 652,1206 678,1205"/>
                <TextEquiv>
                    <Unicode>quodque, vt aedificatio, aut medi¬</Unicode>
                </TextEquiv>
            </TextLine>
            <TextLine id="r2l28" custom="readingOrder {index:25;}">
                <Coords points="186,1258 684,1258 684,1222 506,1228 485,1212 459,1233 434,1216 361,1227 332,1213 281,1229 235,1216 186,1225"/>
                <Baseline points="191,1248 216,1248 242,1248 268,1248 293,1248 319,1248 345,1248 370,1248 396,1248 422,1248 447,1248 473,1248 499,1248 524,1248 550,1248 576,1248 601,1248 627,1248 653,1247 679,1247"/>
                <TextEquiv>
                    <Unicode>catio. eodem autem dicetur modo</Unicode>
                </TextEquiv>
            </TextLine>
            <TextLine id="r2l29" custom="readingOrder {index:26;}">
                <Coords points="178,1298 683,1299 683,1268 652,1265 504,1268 487,1255 380,1271 309,1255 267,1273 245,1254 178,1261"/>
                <Baseline points="183,1290 209,1290 235,1290 261,1290 287,1290 313,1290 339,1290 365,1290 391,1290 417,1290 443,1290 469,1290 495,1290 521,1290 547,1290 573,1290 599,1290 625,1290 651,1290 678,1290"/>
                <TextEquiv>
                    <Unicode>&amp; de aliorum motuum vnoquoque.</Unicode>
                </TextEquiv>
            </TextLine>
            <TextLine id="r2l30" custom="readingOrder {index:27;}">
                <Coords points="218,1362 284,1360 309,1376 332,1357 577,1354 633,1371 690,1362 690,1313 667,1330 448,1328 413,1309 387,1329 218,1324"/>
                <Baseline points="223,1350 248,1350 274,1350 300,1350 325,1350 351,1350 377,1350 402,1350 428,1350 454,1350 479,1350 505,1350 531,1350 556,1350 582,1350 608,1350 633,1350 659,1351 685,1352"/>
                <TextEquiv>
                    <Unicode>tam igitur diximus motus quid</Unicode>
                </TextEquiv>
            </TextLine>
            <TextLine id="r2l31" custom="readingOrder {index:28;}">
                <Coords points="182,1414 684,1410 684,1373 570,1362 523,1377 507,1361 403,1379 334,1361 309,1380 182,1369"/>
                <Baseline points="187,1399 212,1399 238,1398 264,1398 290,1398 316,1398 342,1397 368,1398 394,1398 420,1398 445,1398 471,1398 497,1398 523,1399 549,1399 575,1399 601,1399 627,1399 653,1399 679,1399"/>
                <TextEquiv>
                    <Unicode>sit generaliter, &amp; distincte. non enim </Unicode>
                </TextEquiv>
            </TextLine>
            <TextLine id="r2l32" custom="readingOrder {index:29;}">
                <Coords points="176,1456 688,1458 688,1425 588,1425 560,1408 509,1425 378,1409 237,1427 197,1408 176,1422"/>
                <Baseline points="181,1446 206,1446 231,1446 256,1446 281,1446 306,1446 331,1446 356,1446 381,1446 406,1446 432,1446 457,1446 482,1446 507,1446 532,1446 557,1446 582,1446 607,1446 632,1446 657,1446 683,1446"/>
                <TextEquiv>
                    <Unicode>latet quomodo oportet definiri una</Unicode>
                </TextEquiv>
            </TextLine>
            <TextLine id="r2l33" custom="readingOrder {index:30;}">
                <Coords points="187,1514 344,1499 412,1515 454,1500 687,1505 686,1470 635,1472 601,1453 572,1479 426,1458 186,1470"/>
                <Baseline points="192,1496 217,1495 243,1495 269,1495 295,1494 320,1494 346,1494 372,1494 398,1494 424,1494 449,1494 475,1494 501,1494 527,1494 553,1494 578,1494 604,1494 630,1494 656,1493 682,1493"/>
                <TextEquiv>
                    <Unicode>quanque suarum specierum. dicitur,</Unicode>
                </TextEquiv>
            </TextLine>
            <TextLine id="r2l34" custom="readingOrder {index:31;}">
                <Coords points="189,1548 284,1562 304,1545 494,1546 530,1571 681,1546 681,1517 657,1504 496,1520 402,1506 363,1528 338,1505 320,1516 307,1504 294,1517 189,1518"/>
                <Baseline points="194,1542 219,1542 244,1542 270,1542 295,1542 320,1542 346,1542 371,1542 396,1542 422,1542 447,1542 473,1542 498,1542 523,1542 549,1542 574,1541 599,1541 625,1541 650,1541 676,1540"/>
                <TextEquiv>
                    <Unicode>enim quod Alteratio est perfectio</Unicode>
                </TextEquiv>
            </TextLine>
            <TextLine id="r2l35" custom="readingOrder {index:32;}">
                <Coords points="185,1594 319,1610 414,1595 578,1610 600,1593 679,1594 679,1566 639,1553 527,1570 347,1552 314,1579 215,1553 185,1566"/>
                <Baseline points="190,1590 215,1589 240,1589 266,1589 291,1589 317,1590 342,1590 368,1590 393,1590 419,1590 444,1590 470,1590 495,1590 521,1590 546,1590 572,1590 597,1590 623,1589 648,1589 674,1589"/>
                <TextEquiv>
                    <Unicode>alterati, secundum quod est alte¬</Unicode>
                </TextEquiv>
            </TextLine>
            <TextLine id="r2l36" custom="readingOrder {index:33;}">
                <Coords points="178,1649 664,1650 682,1642 682,1608 493,1614 476,1601 443,1617 306,1613 294,1625 178,1613"/>
                <Baseline points="183,1637 209,1637 235,1637 261,1637 287,1638 313,1638 339,1638 365,1638 391,1638 417,1638 443,1638 469,1638 495,1638 521,1638 547,1637 573,1637 599,1637 625,1637 651,1637 677,1637"/>
                <TextEquiv>
                    <Unicode>tatum. Et notius est quam hoc di¬</Unicode>
                </TextEquiv>
            </TextLine>
            <TextLine id="r2l37" custom="readingOrder {index:34;}">
                <Coords points="182,1690 243,1690 259,1706 295,1690 369,1707 443,1692 507,1691 522,1706 601,1690 670,1699 670,1660 652,1657 511,1669 472,1648 416,1661 362,1648 345,1661 323,1649 289,1664 182,1662"/>
                <Baseline points="187,1685 212,1685 237,1685 262,1685 287,1685 312,1685 337,1685 363,1685 388,1685 413,1685 438,1686 463,1686 488,1686 514,1686 539,1686 564,1686 589,1686 614,1686 639,1687 665,1687"/>
                <TextEquiv>
                    <Unicode>cere quod est perfectio agentis, &amp; </Unicode>
                </TextEquiv>
            </TextLine>
            <TextLine id="r2l38" custom="readingOrder {index:35;}">
                <Coords points="188,1737 248,1754 277,1737 392,1739 408,1754 441,1739 474,1754 521,1738 691,1739 691,1709 650,1696 620,1709 592,1693 570,1711 447,1695 403,1713 353,1698 339,1710 188,1700"/>
                <Baseline points="193,1733 218,1733 244,1733 270,1733 296,1733 322,1733 348,1733 374,1733 400,1733 426,1733 452,1734 478,1734 504,1734 530,1734 556,1734 582,1734 608,1734 634,1733 660,1733 686,1733"/>
                <TextEquiv>
                    <Unicode>acti, secundum quod sunt talia sim</Unicode>
                </TextEquiv>
            </TextLine>
            <TextLine id="r2l39" custom="readingOrder {index:36;}">
                <Coords points="186,1800 209,1786 325,1794 342,1778 431,1785 448,1802 504,1785 678,1794 678,1757 637,1747 534,1761 186,1749"/>
                <Baseline points="191,1779 216,1780 241,1781 267,1781 292,1782 317,1782 343,1782 368,1782 393,1782 419,1782 444,1782 470,1781 495,1781 520,1781 546,1781 571,1781 596,1782 622,1782 647,1783 673,1783"/>
                <TextEquiv>
                    <Unicode>pliciter, &amp; etia in particularibus,</Unicode>
                </TextEquiv>
            </TextLine>
            <TextLine id="r2l40" custom="readingOrder {index:37;}">
                <Coords points="191,1834 289,1834 305,1851 333,1835 485,1842 497,1830 513,1843 688,1842 688,1803 615,1792 527,1808 191,1799"/>
                <Baseline points="196,1827 221,1828 247,1828 272,1829 298,1829 324,1829 349,1830 375,1830 401,1830 426,1830 452,1829 477,1829 503,1829 529,1829 554,1830 580,1830 606,1830 631,1830 657,1831 683,1832"/>
                <TextEquiv>
                    <Unicode>vt in aedificatione, &amp; in medicina,</Unicode>
                </TextEquiv>
            </TextLine>
            <TextLine id="r2l41" custom="readingOrder {index:38;}">
                <Coords points="184,1883 309,1879 400,1898 687,1887 687,1852 617,1841 595,1854 380,1853 365,1839 184,1855"/>
                <Baseline points="189,1878 214,1878 240,1878 266,1878 292,1878 318,1878 344,1878 370,1878 396,1878 422,1878 448,1878 474,1879 500,1879 526,1879 552,1879 578,1879 604,1879 630,1879 656,1879 682,1879"/>
                <TextEquiv>
                    <Unicode>tione. &amp; debes ponere tuum sermo</Unicode>
                </TextEquiv>
            </TextLine>
            <TextEquiv>
                <Unicode>Dicit: sed secundum, &amp;c. idest &amp;
mouere, &amp; moueri sunt idem secundum sub
iectum, per quod inuenitur moue¬
re, &amp; moueri, &amp; illud est motus. D.d.
dicere enim, &amp;c. idest &amp; mouere, &amp; 
moueri non sunt idem secundum quidita¬
tem, quia definitio eorum est diuersa,
mouere enim est actio motoris in 
rem motam, moueri autem est passio
moti a motore. &amp; hoc intendebat,
cum dixit: dicere enim &amp;c. idest dice
re enim quod mouere est actio moto¬
ris in rem motam est aliud a dicere,
quod moueri est actio moti a motore.
Quid igitur Motus sit, &amp; vne
uersaliter, &amp; secundum partem dictum est
non enim immanifestum est quo¬
modo definietur specierum vna
quaeque ipsius. Alteratio enim al¬
terabilis, quatenus est alterabile.
actus est. Amplius autem notius est
eius, quod potentia actiui, ac pas
siui, quatenus huiusmodi, &amp; sim¬
pliciter, &amp; rursum secundum vnum¬
quodque, vt aedificatio, aut medi¬
catio. eodem autem dicetur modo
&amp; de aliorum motuum vnoquoque.
tam igitur diximus motus quid
sit generaliter, &amp; distincte. non enim 
latet quomodo oportet definiri una
quanque suarum specierum. dicitur,
enim quod Alteratio est perfectio
alterati, secundum quod est alte¬
tatum. Et notius est quam hoc di¬
cere quod est perfectio agentis, &amp; 
acti, secundum quod sunt talia sim
pliciter, &amp; etia in particularibus,
vt in aedificatione, &amp; in medicina,
tione. &amp; debes ponere tuum sermo</Unicode>
            </TextEquiv>
        </TextRegion>
        <TextRegion orientation="0.0" id="TextRegion_1611451008314_4797" custom="readingOrder {index:1;}">
            <Coords points="714,139 1228,139 1228,1930 714,1930"/>
            <TextLine id="line_1611451008409_4800" custom="readingOrder {index:0;}">
                <Coords points="712,227 1200,226 1233,201 1053,180 1022,197 920,180 860,197 815,181 711,197"/>
                <Baseline points="717,219 743,218 770,218 797,218 824,218 851,218 878,218 905,218 932,218 959,219 986,219 1012,219 1039,219 1066,218 1093,218 1120,217 1147,216 1174,215 1201,213 1228,212"/>
                <TextEquiv>
                    <Unicode>nem secundum hunc modum in vno¬</Unicode>
                </TextEquiv>
            </TextLine>
            <TextLine id="r3l3" custom="readingOrder {index:1;}">
                <Coords points="712,289 751,281 786,291 807,274 1066,274 1066,251 1043,244 861,245 845,229 825,229 803,250 787,237 712,246"/>
                <Baseline points="717,269 743,269 769,269 796,269 822,269 849,268 875,268 902,267 928,267 955,267 981,267 1008,267 1034,267 1061,267"/>
                <TextEquiv>
                    <Unicode>quoque, aliorum motuum.</Unicode>
                </TextEquiv>
            </TextLine>
            <TextLine id="line_1611451008409_4802" custom="readingOrder {index:2;}">
                <Coords points="754,339 1045,333 1109,351 1233,334 1233,310 1135,301 754,301"/>
                <Baseline points="759,332 784,332 810,331 835,331 861,331 887,331 912,331 938,331 964,331 989,331 1015,331 1041,331 1066,331 1092,331 1118,331 1143,331 1169,331 1195,330 1220,330 1228,330"/>
                <TextEquiv>
                    <Unicode>Dicit &amp; declaratum est igitur ex</Unicode>
                </TextEquiv>
            </TextLine>
            <TextLine id="r3l5" custom="readingOrder {index:3;}">
                <Coords points="709,378 1219,377 1219,349 1199,341 907,352 709,340"/>
                <Baseline points="714,370 739,370 764,371 789,371 814,371 839,371 864,371 889,371 914,371 939,371 964,371 989,371 1014,371 1039,371 1064,370 1089,370 1114,370 1139,370 1164,370 1189,370 1214,370"/>
                <TextEquiv>
                    <Unicode>hoc sermone, quae est definitio Mo</Unicode>
                </TextEquiv>
            </TextLine>
            <TextLine id="r3l6" custom="readingOrder {index:4;}">
                <Coords points="716,418 1222,418 1222,380 716,389"/>
                <Baseline points="721,409 747,409 773,410 799,410 825,410 851,410 877,409 903,409 929,409 955,409 982,409 1008,409 1034,409 1060,409 1086,409 1112,409 1138,409 1164,409 1190,409 1217,409"/>
                <TextEquiv>
                    <Unicode>tus vniversaliter, &amp; similiter definitio suarum</Unicode>
                </TextEquiv>
            </TextLine>
            <TextLine id="r3l7" custom="readingOrder {index:5;}">
                <Coords points="723,453 890,468 930,453 1219,458 1218,421 722,422"/>
                <Baseline points="728,448 753,448 779,448 804,448 830,448 855,448 881,448 907,448 932,448 958,448 983,448 1009,448 1034,448 1060,448 1086,447 1111,447 1137,447 1162,447 1188,446 1214,446"/>
                <TextEquiv>
                    <Unicode>primarum specierum. non enim latet</Unicode>
                </TextEquiv>
            </TextLine>
            <TextLine id="r3l8" custom="readingOrder {index:6;}">
                <Coords points="715,501 1012,486 1135,507 1215,494 1215,468 1167,454 1149,467 1062,454 715,466"/>
                <Baseline points="720,485 745,485 771,485 797,486 823,486 848,486 874,486 900,487 926,487 952,487 977,487 1003,487 1029,487 1055,486 1081,486 1106,485 1132,485 1158,484 1184,484 1210,483"/>
                <TextEquiv>
                    <Unicode>quomodo oportet definire vnanquamque spe¬</Unicode>
                </TextEquiv>
            </TextLine>
            <TextLine id="r3l9" custom="readingOrder {index:7;}">
                <Coords points="713,532 1216,538 1216,502 1155,495 713,506"/>
                <Baseline points="718,525 743,525 769,525 795,525 821,525 847,525 873,525 899,525 925,525 951,525 977,525 1003,525 1029,525 1055,525 1081,525 1107,525 1133,525 1159,526 1185,526 1211,526"/>
                <TextEquiv>
                    <Unicode>cierum primarum ex sua definitione</Unicode>
                </TextEquiv>
            </TextLine>
            <TextLine id="r3l10" custom="readingOrder {index:8;}">
                <Coords points="716,569 1212,570 1212,540 1174,532 1048,549 988,533 830,545 716,535"/>
                <Baseline points="721,564 746,564 772,564 797,564 823,564 848,564 874,564 900,564 925,564 951,565 976,565 1002,565 1027,565 1053,565 1079,564 1104,564 1130,564 1155,563 1181,562 1207,561"/>
                <TextEquiv>
                    <Unicode>simpliciter, &amp; maxime, cum susten</Unicode>
                </TextEquiv>
            </TextLine>
            <TextLine id="r3l11" custom="readingOrder {index:9;}">
                <Coords points="713,607 1223,610 1223,584 1125,573 713,581"/>
                <Baseline points="718,601 743,601 768,602 793,602 818,603 843,603 868,603 893,603 918,603 943,603 968,603 993,603 1018,603 1043,603 1068,603 1093,603 1118,602 1143,602 1168,602 1193,602 1218,602"/>
                <TextEquiv>
                    <Unicode>tatur super alia definitione, in qua</Unicode>
                </TextEquiv>
            </TextLine>
            <TextLine id="r3l12" custom="readingOrder {index:10;}">
                <Coords points="715,650 1151,644 1215,656 1215,620 1148,607 1127,624 1112,612 1044,625 969,608 950,622 715,612"/>
                <Baseline points="720,640 745,641 771,641 797,641 823,641 848,641 874,641 900,641 926,642 952,642 977,642 1003,642 1029,642 1055,642 1081,641 1106,641 1132,641 1158,640 1184,639 1210,639"/>
                <TextEquiv>
                    <Unicode>dicitur quod est perfectio moti, secundum quod </Unicode>
                </TextEquiv>
            </TextLine>
            <TextLine id="r3l13" custom="readingOrder {index:11;}">
                <Coords points="711,690 1218,689 1217,654 1165,647 1086,662 971,651 926,662 909,648 875,664 710,656"/>
                <Baseline points="715,679 741,680 767,680 793,680 819,680 845,680 871,680 898,680 924,680 950,680 976,680 1002,680 1028,680 1055,680 1081,680 1107,679 1133,679 1159,679 1185,679 1212,678"/>
                <TextEquiv>
                    <Unicode>est motum. est enim notior. &amp; sic &amp; </Unicode>
                </TextEquiv>
            </TextLine>
            <TextLine id="r3l14" custom="readingOrder {index:12;}">
                <Coords points="718,730 1223,729 1223,693 1198,690 1179,704 1160,688 1060,701 982,686 849,702 718,692"/>
                <Baseline points="723,720 749,719 775,719 801,719 827,719 853,719 879,719 905,719 931,718 957,718 983,718 1009,718 1035,718 1061,718 1087,718 1113,718 1139,718 1165,718 1191,718 1218,718"/>
                <TextEquiv>
                    <Unicode>Alteratio erit perfectio alterati, &amp; </Unicode>
                </TextEquiv>
            </TextLine>
            <TextLine id="r3l15" custom="readingOrder {index:13;}">
                <Coords points="721,770 1148,760 1211,776 1211,734 1166,729 721,730"/>
                <Baseline points="726,758 751,758 776,757 801,757 827,757 852,757 877,757 902,757 928,758 953,758 978,758 1003,758 1029,758 1054,758 1079,758 1104,757 1130,757 1155,757 1180,756 1206,755"/>
                <TextEquiv>
                    <Unicode>Translatio perfectio translari, &amp; Aug</Unicode>
                </TextEquiv>
            </TextLine>
            <TextLine id="r3l16" custom="readingOrder {index:14;}">
                <Coords points="716,802 842,802 855,815 876,802 1023,814 1048,801 1213,802 1213,778 1188,765 1169,781 959,765 716,773"/>
                <Baseline points="721,796 746,796 772,796 797,796 823,796 849,796 874,796 900,796 926,796 951,796 977,796 1002,796 1028,796 1054,796 1079,796 1105,796 1131,796 1156,796 1182,796 1208,795"/>
                <TextEquiv>
                    <Unicode>mentatio perfectio augmentati. Et</Unicode>
                </TextEquiv>
            </TextLine>
            <TextLine id="r3l17" custom="readingOrder {index:15;}">
                <Coords points="714,842 841,835 1014,854 1182,841 1214,856 1214,812 714,805"/>
                <Baseline points="719,835 744,835 770,835 796,835 822,835 847,835 873,836 899,836 925,836 951,836 976,835 1002,835 1028,835 1054,835 1080,835 1105,835 1131,835 1157,834 1183,834 1209,834"/>
                <TextEquiv>
                    <Unicode>dixit Et notius est quam hoc dicere quod </Unicode>
                </TextEquiv>
            </TextLine>
            <TextLine id="r3l18" custom="readingOrder {index:16;}">
                <Coords points="716,880 1078,891 1219,874 1219,859 1186,850 716,852"/>
                <Baseline points="721,873 746,873 772,873 798,873 824,874 850,874 876,874 902,874 928,874 954,874 980,874 1006,874 1032,874 1058,874 1084,873 1110,873 1136,873 1162,873 1188,873 1214,872"/>
                <TextEquiv>
                    <Unicode>perfectio agentis, &amp;c. propter quae¬ </Unicode>
                </TextEquiv>
            </TextLine>
            <TextLine id="r3l19" custom="readingOrder {index:17;}">
                <Coords points="712,922 1222,922 1222,886 712,890"/>
                <Baseline points="717,913 742,913 767,913 792,913 817,913 842,914 867,913 892,913 917,913 942,913 967,913 992,913 1017,913 1042,912 1067,912 1092,912 1117,912 1142,912 1167,912 1192,912 1217,912"/>
                <TextEquiv>
                    <Unicode>stionem dictam de motu, vtrum sit</Unicode>
                </TextEquiv>
            </TextLine>
            <TextLine id="r3l20" custom="readingOrder {index:18;}">
                <Coords points="715,958 1217,962 1217,938 1186,925 868,937 715,923"/>
                <Baseline points="720,951 745,951 771,952 797,952 823,952 849,952 875,952 901,952 927,951 953,951 978,951 1004,951 1030,951 1056,951 1082,951 1108,951 1134,951 1160,951 1186,951 1212,951"/>
                <TextEquiv>
                    <Unicode>in motore, aut in moto, aut in vtroque.</Unicode>
                </TextEquiv>
            </TextLine>
            <TextLine id="r3l21" custom="readingOrder {index:19;}">
                <Coords points="711,997 1063,1009 1080,995 1188,1006 1213,994 1213,964 1179,957 1043,974 964,959 711,964"/>
                <Baseline points="716,990 741,990 767,990 793,990 819,990 845,990 871,990 897,990 923,990 949,990 974,990 1000,990 1026,990 1052,990 1078,990 1104,989 1130,989 1156,988 1182,988 1208,987"/>
                <TextEquiv>
                    <Unicode>&amp; intendebat declarare, quod dicere ip¬</Unicode>
                </TextEquiv>
            </TextLine>
            <TextLine id="r3l22" custom="readingOrder {index:20;}">
                <Coords points="713,1034 852,1047 865,1035 1215,1034 1215,997 1052,1013 713,1000"/>
                <Baseline points="718,1030 743,1030 769,1029 795,1029 821,1029 847,1029 873,1029 899,1029 925,1029 951,1029 976,1029 1002,1029 1028,1029 1054,1029 1080,1029 1106,1029 1132,1029 1158,1028 1184,1028 1210,1028"/>
                <TextEquiv>
                    <Unicode>sum esse perfectionem motoris est</Unicode>
                </TextEquiv>
            </TextLine>
            <TextLine id="r3l24" custom="readingOrder {index:21;}">
                <Coords points="716,1082 1213,1074 1213,1045 1189,1036 716,1044"/>
                <Baseline points="721,1068 746,1068 772,1068 797,1068 823,1068 849,1068 874,1068 900,1068 926,1068 951,1068 977,1068 1002,1068 1028,1068 1054,1068 1079,1068 1105,1067 1131,1067 1156,1067 1182,1067 1208,1067"/>
                <TextEquiv>
                    <Unicode>notius quam dicere ipsum esse perfectio</Unicode>
                </TextEquiv>
            </TextLine>
            <TextLine id="r3l25" custom="readingOrder {index:22;}">
                <Coords points="717,1114 1220,1115 1220,1085 1150,1077 717,1084"/>
                <Baseline points="722,1108 747,1108 773,1108 799,1107 825,1107 851,1107 877,1107 903,1107 929,1107 955,1107 981,1107 1007,1107 1033,1107 1059,1107 1085,1107 1111,1107 1137,1106 1163,1106 1189,1106 1215,1105"/>
                <TextEquiv>
                    <Unicode>nem moti, quemadmodum dicere</Unicode>
                </TextEquiv>
            </TextLine>
            <TextLine id="r3l26" custom="readingOrder {index:23;}">
                <Coords points="711,1161 1217,1146 1217,1127 1146,1112 1092,1126 711,1117"/>
                <Baseline points="716,1146 742,1145 768,1145 794,1145 820,1145 846,1144 872,1144 898,1144 924,1144 950,1144 977,1144 1003,1144 1029,1144 1055,1144 1081,1143 1107,1143 1133,1143 1159,1143 1185,1142 1212,1142"/>
                <TextEquiv>
                    <Unicode>ipsum esse perfectionem moti est no¬</Unicode>
                </TextEquiv>
            </TextLine>
            <TextLine id="r3l27" custom="readingOrder {index:24;}">
                <Coords points="717,1193 1221,1191 1221,1149 1066,1164 1034,1149 987,1168 939,1151 717,1161"/>
                <Baseline points="722,1183 748,1183 774,1183 800,1183 826,1183 852,1183 878,1183 904,1183 930,1183 956,1183 982,1182 1008,1182 1034,1182 1060,1182 1086,1182 1112,1182 1138,1182 1164,1183 1190,1183 1216,1183"/>
                <TextEquiv>
                    <Unicode>tius quam dicere ipsum esse perfectionem,</Unicode>
                </TextEquiv>
            </TextLine>
            <TextLine id="r3l28" custom="readingOrder {index:25;}">
                <Coords points="719,1227 776,1240 1223,1231 1213,1190 1109,1191 1082,1209 865,1188 831,1204 719,1197"/>
                <Baseline points="724,1221 750,1221 776,1221 802,1221 828,1222 854,1222 880,1222 906,1222 932,1222 958,1222 984,1222 1010,1221 1036,1221 1062,1221 1088,1221 1114,1221 1140,1221 1166,1221 1192,1221 1218,1221"/>
                <TextEquiv>
                    <Unicode>eiusl, quod est in potentia, secundum quod est</Unicode>
                </TextEquiv>
            </TextLine>
            <TextLine id="r3l29" custom="readingOrder {index:26;}">
                <Coords points="719,1266 747,1280 773,1265 999,1267 1013,1281 1034,1267 1222,1266 1222,1238 1205,1229 880,1244 852,1229 719,1234"/>
                <Baseline points="724,1259 749,1260 775,1260 801,1260 827,1260 853,1261 879,1261 905,1260 931,1260 957,1260 983,1260 1009,1260 1035,1260 1061,1260 1087,1260 1113,1259 1139,1259 1165,1260 1191,1260 1217,1260"/>
                <TextEquiv>
                    <Unicode>in potentia, non secundum quod est in actu, &amp; </Unicode>
                </TextEquiv>
            </TextLine>
            <TextLine id="r3l30" custom="readingOrder {index:27;}">
                <Coords points="717,1305 940,1302 999,1320 1043,1302 1223,1306 1223,1276 1173,1269 767,1268 746,1280 717,1268"/>
                <Baseline points="722,1300 748,1300 774,1299 800,1299 826,1299 852,1299 878,1299 904,1299 930,1299 956,1299 983,1299 1009,1299 1035,1299 1061,1299 1087,1299 1113,1299 1139,1299 1165,1299 1191,1299 1218,1299"/>
                <TextEquiv>
                    <Unicode>si ista definitio magis demonstrat</Unicode>
                </TextEquiv>
            </TextLine>
            <TextLine id="r3l31" custom="readingOrder {index:28;}">
                <Coords points="714,1346 1213,1345 1213,1318 1168,1309 1017,1308 1002,1321 987,1309 714,1309"/>
                <Baseline points="719,1339 744,1338 770,1338 796,1338 821,1338 847,1338 873,1338 899,1338 924,1338 950,1338 976,1338 1002,1338 1027,1338 1053,1338 1079,1338 1105,1338 1130,1338 1156,1338 1182,1337 1208,1337"/>
                <TextEquiv>
                    <Unicode>substantiam eius. &amp; secundum hoc dicitur,</Unicode>
                </TextEquiv>
            </TextLine>
            <TextLine id="r3l32" custom="readingOrder {index:29;}">
                <Coords points="714,1391 1033,1380 1191,1393 1221,1380 1221,1348 782,1356 764,1344 714,1357"/>
                <Baseline points="719,1377 745,1376 771,1376 797,1376 823,1376 849,1376 875,1376 902,1376 928,1376 954,1376 980,1376 1006,1376 1032,1377 1059,1377 1085,1377 1111,1377 1137,1376 1163,1376 1189,1376 1216,1375"/>
                <TextEquiv>
                    <Unicode>quod alteratio est perfectio alterati, quid</Unicode>
                </TextEquiv>
            </TextLine>
            <TextLine id="r3l33" custom="readingOrder {index:30;}">
                <Coords points="717,1421 797,1434 898,1420 1221,1426 1208,1383 999,1397 954,1383 926,1402 898,1385 717,1394"/>
                <Baseline points="722,1414 748,1415 774,1415 800,1415 826,1415 852,1415 878,1415 904,1415 930,1415 956,1415 982,1415 1008,1415 1034,1415 1060,1415 1086,1415 1112,1414 1138,1414 1164,1414 1190,1414 1216,1414"/>
                <TextEquiv>
                    <Unicode>est in potentia, secundum quod est</Unicode>
                </TextEquiv>
            </TextLine>
            <TextLine id="r3l34" custom="readingOrder {index:31;}">
                <Coords points="712,1458 754,1473 773,1458 1034,1470 1211,1458 1211,1435 1179,1424 1129,1436 1091,1421 712,1424"/>
                <Baseline points="717,1453 742,1453 768,1453 794,1453 819,1453 845,1453 871,1453 897,1453 922,1453 948,1453 974,1453 1000,1453 1025,1453 1051,1453 1077,1453 1103,1453 1128,1453 1154,1453 1180,1453 1206,1453"/>
                <TextEquiv>
                    <Unicode>in potentia, &amp; dicitur quod transla¬</Unicode>
                </TextEquiv>
            </TextLine>
            <TextLine id="r3l35" custom="readingOrder {index:32;}">
                <Coords points="714,1498 811,1509 847,1497 1213,1498 1213,1469 714,1470"/>
                <Baseline points="719,1492 744,1491 770,1491 796,1491 821,1491 847,1491 873,1491 899,1491 924,1491 950,1491 976,1491 1002,1491 1027,1492 1053,1492 1079,1492 1105,1492 1130,1492 1156,1492 1182,1492 1208,1491"/>
                <TextEquiv>
                    <Unicode>tio est perfectio translati, secundum</Unicode>
                </TextEquiv>
            </TextLine>
            <TextLine id="r3l36" custom="readingOrder {index:33;}">
                <Coords points="715,1543 975,1528 1184,1550 1214,1537 1214,1508 990,1497 966,1521 935,1500 715,1509"/>
                <Baseline points="720,1532 745,1532 771,1531 797,1531 822,1531 848,1531 874,1531 900,1531 925,1530 951,1530 977,1530 1003,1530 1028,1530 1054,1530 1080,1530 1106,1530 1131,1530 1157,1530 1183,1530 1209,1530"/>
                <TextEquiv>
                    <Unicode>quod est in potentia. Deinde incoepit</Unicode>
                </TextEquiv>
            </TextLine>
            <TextLine id="r3l37" custom="readingOrder {index:34;}">
                <Coords points="717,1574 1207,1579 1215,1537 1185,1550 997,1538 941,1554 887,1538 852,1550 717,1542"/>
                <Baseline points="722,1570 747,1570 773,1569 799,1569 824,1569 850,1569 876,1569 901,1569 927,1569 953,1569 978,1569 1004,1569 1030,1569 1055,1569 1081,1569 1107,1569 1132,1569 1158,1569 1184,1570 1210,1570"/>
                <TextEquiv>
                    <Unicode>declarare etiam quod ex hac defini</Unicode>
                </TextEquiv>
            </TextLine>
            <TextLine id="r3l38" custom="readingOrder {index:35;}">
                <Coords points="716,1618 1219,1617 1219,1579 716,1581"/>
                <Baseline points="721,1607 746,1607 772,1608 798,1608 824,1608 850,1608 876,1608 902,1608 928,1607 954,1607 980,1607 1006,1607 1032,1607 1058,1607 1084,1607 1110,1607 1136,1607 1162,1607 1188,1607 1214,1608"/>
                <TextEquiv>
                    <Unicode>tione potest quis scire omnes defini</Unicode>
                </TextEquiv>
            </TextLine>
            <TextLine id="r3l39" custom="readingOrder {index:36;}">
                <Coords points="719,1654 1181,1661 1215,1653 1215,1616 1123,1633 989,1615 969,1629 853,1616 719,1628"/>
                <Baseline points="724,1648 749,1648 775,1648 800,1647 826,1647 851,1647 877,1647 903,1647 928,1647 954,1647 979,1647 1005,1647 1030,1647 1056,1647 1082,1647 1107,1647 1133,1647 1158,1647 1184,1648 1210,1648"/>
                <TextEquiv>
                    <Unicode>tiones vltimarum specierum, vt aedi</Unicode>
                </TextEquiv>
            </TextLine>
            <TextLine id="r3l40" custom="readingOrder {index:37;}">
                <Coords points="713,1691 1172,1698 1214,1691 1214,1655 1147,1653 1123,1672 1043,1653 999,1667 713,1658"/>
                <Baseline points="718,1685 743,1686 769,1686 795,1686 821,1686 847,1686 873,1686 898,1686 924,1686 950,1686 976,1686 1002,1686 1028,1686 1053,1685 1079,1685 1105,1685 1131,1685 1157,1685 1183,1686 1209,1686"/>
                <TextEquiv>
                    <Unicode>ficationis, &amp; medicinationis. Adifi</Unicode>
                </TextEquiv>
            </TextLine>
            <TextLine id="r3l41" custom="readingOrder {index:38;}">
                <Coords points="717,1730 895,1729 928,1742 945,1730 1215,1731 1215,1692 717,1701"/>
                <Baseline points="722,1726 747,1726 773,1726 799,1725 824,1725 850,1725 876,1725 901,1724 927,1724 953,1724 978,1724 1004,1724 1030,1724 1055,1724 1081,1724 1107,1724 1132,1724 1158,1724 1184,1724 1210,1724"/>
                <TextEquiv>
                    <Unicode>catio enim est perfectio aedificati se</Unicode>
                </TextEquiv>
            </TextLine>
            <TextLine id="r3l42" custom="readingOrder {index:39;}">
                <Coords points="717,1770 844,1771 863,1785 876,1771 1213,1769 1199,1734 1112,1732 1095,1749 994,1731 717,1741"/>
                <Baseline points="722,1764 747,1764 773,1764 798,1763 824,1763 849,1763 875,1763 901,1763 926,1763 952,1763 977,1763 1003,1763 1028,1763 1054,1763 1080,1763 1105,1763 1131,1763 1156,1763 1182,1763 1208,1763"/>
                <TextEquiv>
                    <Unicode>cundum quod aedificatum. &amp; simi¬</Unicode>
                </TextEquiv>
            </TextLine>
            <TextLine id="r3l43" custom="readingOrder {index:40;}">
                <Coords points="713,1810 1085,1818 1199,1810 1213,1781 712,1771"/>
                <Baseline points="718,1802 743,1802 769,1802 795,1802 821,1802 846,1802 872,1802 898,1802 924,1802 950,1802 975,1802 1001,1802 1027,1802 1053,1802 1079,1802 1104,1801 1130,1801 1156,1801 1182,1801 1208,1800"/>
                <TextEquiv>
                    <Unicode>liter Medicinatio est perfectio me¬</Unicode>
                </TextEquiv>
            </TextLine>
            <TextLine id="r3l44" custom="readingOrder {index:41;}">
                <Coords points="718,1850 1222,1850 1211,1810 1117,1823 1105,1811 937,1822 718,1810"/>
                <Baseline points="723,1841 749,1841 775,1841 801,1841 827,1842 853,1842 879,1842 905,1842 931,1841 957,1841 983,1841 1009,1841 1035,1841 1061,1841 1087,1841 1113,1841 1139,1841 1165,1841 1191,1842 1217,1842"/>
                <TextEquiv>
                    <Unicode>dicinati secundum quod est inedici¬</Unicode>
                </TextEquiv>
            </TextLine>
            <TextLine id="r3l45" custom="readingOrder {index:42;}">
                <Coords points="714,1891 1090,1890 1089,1861 1068,1845 1024,1861 990,1852 949,1861 930,1850 890,1861 869,1846 815,1862 713,1861"/>
                <Baseline points="719,1881 745,1881 771,1882 797,1882 823,1882 849,1882 875,1882 902,1882 928,1881 954,1881 980,1881 1006,1880 1032,1880 1058,1879 1085,1878"/>
                <TextEquiv>
                    <Unicode>natum, &amp; similiter de aliis.</Unicode>
                </TextEquiv>
            </TextLine>
            <TextEquiv>
                <Unicode>nem secundum hunc modum in vno¬
quoque, aliorum motuum.
Dicit &amp; declaratum est igitur ex
hoc sermone, quae est definitio Mo
tus vniversaliter, &amp; similiter definitio suarum
primarum specierum. non enim latet
quomodo oportet definire vnanquamque spe¬
cierum primarum ex sua definitione
simpliciter, &amp; maxime, cum susten
tatur super alia definitione, in qua
dicitur quod est perfectio moti, secundum quod 
est motum. est enim notior. &amp; sic &amp; 
Alteratio erit perfectio alterati, &amp; 
Translatio perfectio translari, &amp; Aug
mentatio perfectio augmentati. Et
dixit Et notius est quam hoc dicere quod 
perfectio agentis, &amp;c. propter quae¬ 
stionem dictam de motu, vtrum sit
in motore, aut in moto, aut in vtroque.
&amp; intendebat declarare, quod dicere ip¬
sum esse perfectionem motoris est
notius quam dicere ipsum esse perfectio
nem moti, quemadmodum dicere
ipsum esse perfectionem moti est no¬
tius quam dicere ipsum esse perfectionem,
eiusl, quod est in potentia, secundum quod est
in potentia, non secundum quod est in actu, &amp; 
si ista definitio magis demonstrat
substantiam eius. &amp; secundum hoc dicitur,
quod alteratio est perfectio alterati, quid
est in potentia, secundum quod est
in potentia, &amp; dicitur quod transla¬
tio est perfectio translati, secundum
quod est in potentia. Deinde incoepit
declarare etiam quod ex hac defini
tione potest quis scire omnes defini
tiones vltimarum specierum, vt aedi
ficationis, &amp; medicinationis. Adifi
catio enim est perfectio aedificati se
cundum quod aedificatum. &amp; simi¬
liter Medicinatio est perfectio me¬
dicinati secundum quod est inedici¬
natum, &amp; similiter de aliis.</Unicode>
            </TextEquiv>
        </TextRegion>
    </Page>
</PcGts>
