<?xml version="1.0" encoding="UTF-8" standalone="yes"?>
<PcGts xmlns="http://schema.primaresearch.org/PAGE/gts/pagecontent/2013-07-15" xmlns:xsi="http://www.w3.org/2001/XMLSchema-instance" xsi:schemaLocation="http://schema.primaresearch.org/PAGE/gts/pagecontent/2013-07-15 http://schema.primaresearch.org/PAGE/gts/pagecontent/2013-07-15/pagecontent.xsd">
    <Metadata>
        <Creator>prov=University of Rostock/Institute of Mathematics/CITlab|PLANET AI GmbH/Gundram Leifert/gundram.leifert@planet-ai.de:name=cod-dsKs3a-m1(htr_id=29297)::::v=2.6.7
prov=University of Rostock/Institute of Mathematics/CITlab|PLANET AI GmbH/Tobias Gruening/tobias.gruening@planet-ai.de:name=de.uros.citlab.module.baseline2polygon.B2PSeamMultiOriented:v=2.6.7
prov=University of Rostock/Institute of Mathematics/CITlab|PLANET AI GmbH/Tobias Gruening/tobias.gruening@planet-ai.de:name=/net_tf/LA73_249_0mod360.pb:de.uros.citlab.segmentation.CITlab_LA_ML:v=2.6.6
Transkribus</Creator>
        <Created>2021-01-11T16:37:05.742-05:00</Created>
        <LastChange>2021-02-13T05:27:47.749+01:00</LastChange>
        <TranskribusMetadata docId="570401" pageId="23568078" pageNr="210" tsid="52610727" status="IN_PROGRESS" userId="25065" imgUrl="https://files.transkribus.eu/Get?id=QZTDJOSNJCRAPOQADNAJEVDC&amp;fileType=view" xmlUrl="https://files.transkribus.eu/Get?id=FUHBHIXJMFDSYNAVYSHTJBSF" imageId="18092969"/>
    </Metadata>
    <Page imageFilename="Averroes_Physica_JuntSecunda_04-0210.jpg" imageWidth="1416" imageHeight="2066">
        <ReadingOrder>
            <OrderedGroup id="ro_1613222762298" caption="Regions reading order">
                <RegionRefIndexed index="0" regionRef="TextRegion_1611533993813_562"/>
                <RegionRefIndexed index="1" regionRef="TextRegion_1611533993813_561"/>
            </OrderedGroup>
        </ReadingOrder>
        <TextRegion orientation="0.0" id="TextRegion_1611533993813_562" custom="readingOrder {index:0;}">
            <Coords points="189,127 718,127 718,1940 189,1940"/>
            <TextLine id="line_1611533986948_553" custom="readingOrder {index:0;}">
                <Coords points="184,205 514,211 557,197 571,211 701,218 701,172 263,165 245,179 208,164 184,178"/>
                <Baseline points="189,199 215,199 242,199 268,199 295,199 322,199 348,199 375,199 402,199 429,199 455,199 482,199 509,199 535,199 562,199 589,199 615,199 642,199 669,200 696,200"/>
                <TextEquiv>
                    <Unicode>si infinitum, vt declaratum est ex hoc</Unicode>
                </TextEquiv>
            </TextLine>
            <TextLine id="r2l5" custom="readingOrder {index:1;}">
                <Coords points="193,243 423,242 447,256 608,242 645,257 694,242 694,216 624,205 430,222 385,207 193,215"/>
                <Baseline points="198,238 223,238 249,238 275,238 301,238 327,238 353,238 378,238 404,238 430,238 456,238 482,238 508,238 533,237 559,237 585,237 611,237 637,237 663,237 689,237"/>
                <TextEquiv>
                    <Unicode>sermone, est secundum quod est infinitum per ac¬</Unicode>
                </TextEquiv>
            </TextLine>
            <TextLine id="r2l6" custom="readingOrder {index:2;}">
                <Coords points="197,282 699,282 699,253 197,246"/>
                <Baseline points="202,276 227,276 253,276 279,276 305,275 331,275 357,275 383,275 409,275 435,275 460,276 486,276 512,276 538,276 564,276 590,276 616,276 642,277 668,277 694,277"/>
                <TextEquiv>
                    <Unicode>cidens, non est esntum entium, in eo</Unicode>
                </TextEquiv>
            </TextLine>
            <TextLine id="r2l8" custom="readingOrder {index:3;}">
                <Coords points="194,325 698,329 698,285 194,293"/>
                <Baseline points="199,314 225,314 251,315 277,315 303,315 329,316 355,316 381,316 407,316 433,316 459,316 485,316 511,315 537,315 563,315 589,315 615,315 641,315 667,316 693,316"/>
                <TextEquiv>
                    <Unicode>quod est infinitum, vt Antiqui ponunt:</Unicode>
                </TextEquiv>
            </TextLine>
            <TextLine id="r2l10" custom="readingOrder {index:4;}">
                <Coords points="199,361 682,363 693,331 385,324 313,336 238,323 199,344"/>
                <Baseline points="204,354 229,354 254,353 280,353 305,353 331,353 356,353 382,354 407,354 433,354 458,354 484,354 509,354 535,354 560,355 586,355 611,354 637,354 662,354 688,354"/>
                <TextEquiv>
                    <Unicode>ed, si fuerit efntum, erit secundum quod est sub¬</Unicode>
                </TextEquiv>
            </TextLine>
            <TextLine id="r2l12" custom="readingOrder {index:5;}">
                <Coords points="190,403 687,402 693,369 190,370"/>
                <Baseline points="195,393 220,393 246,392 272,392 298,392 324,392 350,392 376,392 402,392 428,392 454,392 480,392 506,392 532,392 558,392 584,392 610,392 636,392 662,392 688,391"/>
                <TextEquiv>
                    <Unicode>stantia, vt sonus non est efntum di¬</Unicode>
                </TextEquiv>
            </TextLine>
            <TextLine id="r2l14" custom="readingOrder {index:6;}">
                <Coords points="199,442 693,442 693,405 670,399 619,398 597,416 561,399 411,414 199,404"/>
                <Baseline points="204,432 229,432 254,431 280,431 305,431 331,431 356,431 382,431 407,431 433,432 458,432 484,432 509,432 535,432 560,432 586,432 611,432 637,432 662,432 688,432"/>
                <TextEquiv>
                    <Unicode>ctionum, secundum quod est iuisibilis, sed secundu</Unicode>
                </TextEquiv>
            </TextLine>
            <TextLine id="r2l16" custom="readingOrder {index:7;}">
                <Coords points="200,484 695,480 695,445 200,445"/>
                <Baseline points="205,473 230,472 256,471 281,470 307,470 332,470 358,470 383,470 409,470 434,470 460,470 485,470 511,471 536,471 562,471 587,471 613,471 638,471 664,471 690,470"/>
                <TextEquiv>
                    <Unicode>quod est audibilis. quod igitur existima¬</Unicode>
                </TextEquiv>
            </TextLine>
            <TextLine id="r2l18" custom="readingOrder {index:8;}">
                <Coords points="202,515 617,526 692,513 692,484 202,485"/>
                <Baseline points="207,510 232,510 257,509 282,509 308,509 333,510 358,510 383,510 409,510 434,510 459,510 484,510 510,510 535,510 560,510 585,510 611,510 636,510 661,510 687,510"/>
                <TextEquiv>
                    <Unicode>uerunt quod ex hoc, quod est principium,</Unicode>
                </TextEquiv>
            </TextLine>
            <TextLine id="r2l20" custom="readingOrder {index:9;}">
                <Coords points="198,554 376,553 393,566 408,553 701,554 689,517 651,531 576,516 534,530 509,516 315,530 198,517"/>
                <Baseline points="203,548 228,548 254,549 280,549 306,549 332,549 358,549 384,549 410,549 436,549 462,549 488,549 514,549 540,549 566,549 592,549 618,549 644,549 670,549 696,549"/>
                <TextEquiv>
                    <Unicode>&amp; efntum, sequitur vt sit infinitum, est</Unicode>
                </TextEquiv>
            </TextLine>
            <TextLine id="r2l22" custom="readingOrder {index:10;}">
                <Coords points="194,595 549,592 602,607 691,593 691,554 548,568 194,557"/>
                <Baseline points="199,587 224,588 250,588 275,589 301,589 327,589 352,589 378,589 404,589 429,589 455,589 480,589 506,589 532,589 557,588 583,588 609,588 634,587 660,587 686,587"/>
                <TextEquiv>
                    <Unicode>falsum, si concesserimus aliquid es¬</Unicode>
                </TextEquiv>
            </TextLine>
            <TextLine id="r2l24" custom="readingOrder {index:11;}">
                <Coords points="193,634 681,635 692,598 610,611 513,595 193,599"/>
                <Baseline points="198,628 223,628 249,628 275,628 300,628 326,628 352,628 378,628 403,628 429,628 455,628 481,628 506,628 532,628 558,628 584,628 609,628 635,628 661,628 687,628"/>
                <TextEquiv>
                    <Unicode>se tale scilicet substantiam infinitam existe</Unicode>
                </TextEquiv>
            </TextLine>
            <TextLine id="r2l26" custom="readingOrder {index:12;}">
                <Coords points="199,672 375,682 697,666 697,644 652,633 556,646 487,634 199,643"/>
                <Baseline points="204,666 229,666 255,666 281,666 306,667 332,667 358,667 383,667 409,667 435,668 460,668 486,668 512,668 537,668 563,668 589,667 614,667 640,666 666,665 692,665"/>
                <TextEquiv>
                    <Unicode>tem per se. quod autem infinitum est sub¬</Unicode>
                </TextEquiv>
            </TextLine>
            <TextLine id="r2l28" custom="readingOrder {index:13;}">
                <Coords points="201,715 695,712 681,671 655,686 542,673 461,687 425,674 231,685 201,673"/>
                <Baseline points="206,706 231,706 256,705 282,705 307,705 333,705 358,705 384,705 409,706 435,706 460,706 486,706 511,706 537,706 562,706 588,705 613,705 639,705 664,705 690,705"/>
                <TextEquiv>
                    <Unicode>stantia per accidens manifestum est.</Unicode>
                </TextEquiv>
            </TextLine>
            <TextLine id="r2l30" custom="readingOrder {index:14;}">
                <Coords points="199,756 677,754 696,751 696,711 675,723 598,711 579,724 466,712 199,722"/>
                <Baseline points="204,744 229,744 255,744 280,744 306,744 332,744 357,745 383,745 409,745 434,745 460,745 485,745 511,745 537,745 562,745 588,745 614,744 639,744 665,744 691,743"/>
                <TextEquiv>
                    <Unicode>quoniam substantia existens per se infini</Unicode>
                </TextEquiv>
            </TextLine>
            <TextLine id="r2l32" custom="readingOrder {index:15;}">
                <Coords points="194,791 635,800 697,789 697,749 619,769 581,753 558,767 520,753 440,765 413,749 375,765 194,758"/>
                <Baseline points="199,783 224,783 250,783 276,783 302,784 328,784 354,784 380,784 406,784 432,784 458,784 484,784 510,784 536,784 562,784 588,784 614,783 640,783 666,783 692,783"/>
                <TextEquiv>
                    <Unicode>ta est elementum per accidens, secundum quod est</Unicode>
                </TextEquiv>
            </TextLine>
            <TextLine id="r2l33" custom="readingOrder {index:16;}">
                <Coords points="197,834 694,834 700,789 600,806 413,791 317,809 197,792"/>
                <Baseline points="202,824 227,823 253,823 279,823 305,823 331,823 357,823 383,823 409,823 435,823 461,823 487,823 513,823 539,824 565,824 591,824 617,824 643,824 669,823 695,823"/>
                <TextEquiv>
                    <Unicode>infinita, &amp; nullum elementorum est</Unicode>
                </TextEquiv>
            </TextLine>
            <TextLine id="r2l35" custom="readingOrder {index:17;}">
                <Coords points="195,875 426,867 447,882 600,864 657,881 702,867 702,837 679,831 195,837"/>
                <Baseline points="200,864 226,863 252,863 278,863 304,863 330,863 356,863 383,863 409,863 435,863 461,863 487,863 513,863 540,863 566,863 592,863 618,863 644,863 670,862 697,861"/>
                <TextEquiv>
                    <Unicode>elementum, secundum quod accidit ei aliquid: </Unicode>
                </TextEquiv>
            </TextLine>
            <TextLine id="r2l37" custom="readingOrder {index:18;}">
                <Coords points="199,908 238,923 268,906 435,906 453,922 487,906 682,909 696,906 696,869 647,883 538,869 521,886 398,870 199,877"/>
                <Baseline points="204,900 229,901 255,901 280,902 306,902 332,902 357,902 383,902 409,902 434,902 460,902 485,902 511,902 537,902 562,901 588,901 614,901 639,901 665,901 691,902"/>
                <TextEquiv>
                    <Unicode>ergo in secunda figura, substantia in</Unicode>
                </TextEquiv>
            </TextLine>
            <TextLine id="r2l39" custom="readingOrder {index:19;}">
                <Coords points="194,954 596,946 634,961 699,946 699,908 464,924 422,909 241,924 194,911"/>
                <Baseline points="199,940 225,941 251,941 277,941 303,942 329,942 355,942 381,942 407,942 433,942 459,942 485,942 511,941 537,941 563,941 589,941 615,941 641,941 667,941 694,941"/>
                <TextEquiv>
                    <Unicode>finita non est elementum, secundum quod est</Unicode>
                </TextEquiv>
            </TextLine>
            <TextLine id="r2l41" custom="readingOrder {index:20;}">
                <Coords points="195,988 693,986 693,956 674,948 638,960 195,953"/>
                <Baseline points="200,980 225,980 251,981 277,981 302,981 328,981 354,981 379,981 405,982 431,982 456,981 482,981 508,981 533,981 559,981 585,981 610,980 636,980 662,980 688,979"/>
                <TextEquiv>
                    <Unicode>infinita. Prima propositio manife¬</Unicode>
                </TextEquiv>
            </TextLine>
            <TextLine id="r2l43" custom="readingOrder {index:21;}">
                <Coords points="203,1026 339,1037 701,1026 690,997 203,990"/>
                <Baseline points="208,1019 233,1019 259,1020 285,1020 310,1021 336,1021 362,1021 387,1021 413,1021 439,1021 464,1021 490,1021 516,1021 541,1021 567,1021 593,1021 618,1021 644,1021 670,1021 696,1021"/>
                <TextEquiv>
                    <Unicode>sta est ex praedictis, secunda vero ma</Unicode>
                </TextEquiv>
            </TextLine>
            <TextLine id="r2l45" custom="readingOrder {index:22;}">
                <Coords points="201,1065 349,1078 439,1059 498,1074 686,1066 697,1037 201,1038"/>
                <Baseline points="206,1060 231,1059 257,1059 282,1059 308,1059 333,1059 359,1059 385,1059 410,1060 436,1060 461,1060 487,1060 512,1060 538,1061 564,1061 589,1060 615,1060 640,1060 666,1059 692,1058"/>
                <TextEquiv>
                    <Unicode>nifesta est per se. Et, cum declara¬</Unicode>
                </TextEquiv>
            </TextLine>
            <TextLine id="r2l47" custom="readingOrder {index:23;}">
                <Coords points="199,1104 351,1116 578,1102 651,1118 701,1104 701,1077 674,1068 388,1068 362,1083 199,1069"/>
                <Baseline points="204,1098 229,1098 255,1099 281,1099 307,1099 333,1099 359,1099 385,1099 411,1099 437,1099 462,1099 488,1099 514,1099 540,1099 566,1099 592,1098 618,1098 644,1098 670,1098 696,1098"/>
                <TextEquiv>
                    <Unicode>uit, quod secundum quod est infinitum non est prin</Unicode>
                </TextEquiv>
            </TextLine>
            <TextLine id="r2l49" custom="readingOrder {index:24;}">
                <Coords points="196,1146 640,1154 699,1146 699,1104 652,1118 460,1106 443,1121 420,1106 330,1108 313,1125 196,1109"/>
                <Baseline points="201,1138 226,1138 252,1138 278,1138 304,1138 330,1138 356,1138 382,1138 408,1138 434,1138 460,1138 486,1138 512,1138 538,1138 564,1138 590,1138 616,1138 642,1138 668,1139 694,1138"/>
                <TextEquiv>
                    <Unicode>cipium, incoepit destruere aliquid</Unicode>
                </TextEquiv>
            </TextLine>
            <TextLine id="r2l51" custom="readingOrder {index:25;}">
                <Coords points="194,1186 356,1182 392,1199 471,1183 678,1187 690,1186 690,1146 627,1161 526,1145 505,1157 464,1146 256,1157 234,1144 194,1155"/>
                <Baseline points="199,1178 224,1178 250,1178 275,1178 301,1178 326,1178 352,1178 378,1178 403,1177 429,1177 454,1177 480,1177 505,1177 531,1177 557,1177 582,1178 608,1178 633,1178 659,1178 685,1178"/>
                <TextEquiv>
                    <Unicode>esse existens per se. infinitum &amp; di</Unicode>
                </TextEquiv>
            </TextLine>
            <TextLine id="r2l53" custom="readingOrder {index:26;}">
                <Coords points="195,1226 699,1218 687,1188 639,1197 625,1183 600,1197 523,1184 399,1200 195,1189"/>
                <Baseline points="200,1218 226,1218 252,1217 278,1217 304,1217 330,1217 356,1217 382,1217 408,1218 434,1218 460,1218 486,1218 512,1218 538,1218 564,1218 590,1217 616,1217 642,1216 668,1216 694,1215"/>
                <TextEquiv>
                    <Unicode>Et etiam, &amp;c. i. &amp;, si infinitum est exi¬</Unicode>
                </TextEquiv>
            </TextLine>
            <TextLine id="r2l55" custom="readingOrder {index:27;}">
                <Coords points="190,1265 467,1262 538,1278 571,1261 683,1266 692,1228 190,1231"/>
                <Baseline points="195,1259 220,1259 246,1258 272,1258 298,1257 324,1257 350,1257 376,1257 402,1257 428,1257 453,1257 479,1257 505,1257 531,1257 557,1257 583,1257 609,1257 635,1257 661,1257 687,1257"/>
                <TextEquiv>
                    <Unicode>stens per se quanto magis vt illud</Unicode>
                </TextEquiv>
            </TextLine>
            <TextLine id="r2l56" custom="readingOrder {index:28;}">
                <Coords points="198,1304 701,1307 701,1274 616,1264 506,1286 402,1264 198,1276"/>
                <Baseline points="203,1297 228,1297 254,1297 280,1297 306,1297 332,1297 358,1297 384,1297 410,1297 436,1297 462,1297 488,1297 514,1297 540,1297 566,1297 592,1297 618,1297 644,1298 670,1298 696,1298"/>
                <TextEquiv>
                    <Unicode>cui accidit infinitum, sit existens per</Unicode>
                </TextEquiv>
            </TextLine>
            <TextLine id="r2l58" custom="readingOrder {index:29;}">
                <Coords points="196,1340 422,1336 451,1355 525,1341 694,1346 694,1309 409,1321 345,1303 196,1305"/>
                <Baseline points="201,1336 226,1336 252,1335 278,1335 303,1335 329,1335 355,1335 380,1335 406,1336 432,1336 457,1336 483,1336 509,1336 534,1336 560,1336 586,1336 611,1336 637,1336 663,1336 689,1336"/>
                <TextEquiv>
                    <Unicode>sce scilicet subiectum. v. g. numerus, &amp; men</Unicode>
                </TextEquiv>
            </TextLine>
            <TextLine id="line_1611533986954_555" custom="readingOrder {index:30;}">
                <Coords points="184,1378 671,1386 696,1378 696,1348 184,1349"/>
                <Baseline points="189,1373 199,1374 226,1375 253,1375 281,1375 308,1375 335,1375 363,1376 390,1376 417,1376 445,1375 472,1375 499,1375 527,1375 554,1375 581,1375 609,1375 636,1375 663,1375 691,1376"/>
                <TextEquiv>
                    <Unicode>sura, sed subiectum non est existens</Unicode>
                </TextEquiv>
            </TextLine>
            <TextLine id="r2l63" custom="readingOrder {index:31;}">
                <Coords points="194,1433 235,1418 440,1418 459,1434 484,1419 655,1426 696,1418 696,1386 486,1382 292,1401 272,1383 194,1389"/>
                <Baseline points="199,1414 224,1414 250,1414 276,1414 302,1414 328,1414 354,1414 380,1414 406,1414 432,1414 457,1414 483,1414 509,1414 535,1414 561,1414 587,1414 613,1414 639,1414 665,1414 691,1414"/>
                <TextEquiv>
                    <Unicode>per se, quanto magis infinitum non</Unicode>
                </TextEquiv>
            </TextLine>
            <TextLine id="r2l65" custom="readingOrder {index:32;}">
                <Coords points="199,1467 693,1463 701,1429 233,1420 199,1435"/>
                <Baseline points="204,1454 229,1454 255,1454 281,1454 307,1454 333,1454 359,1454 385,1454 411,1454 437,1454 462,1454 488,1454 514,1454 540,1454 566,1454 592,1453 618,1453 644,1453 670,1453 696,1453"/>
                <TextEquiv>
                    <Unicode>erit existens per se. &amp; ista declaratio</Unicode>
                </TextEquiv>
            </TextLine>
            <TextLine id="r2l67" custom="readingOrder {index:33;}">
                <Coords points="199,1498 280,1498 297,1513 316,1498 590,1497 614,1511 699,1498 699,1463 199,1469"/>
                <Baseline points="204,1492 229,1492 255,1492 281,1493 307,1493 332,1493 358,1493 384,1493 410,1493 436,1493 461,1493 487,1493 513,1493 539,1493 565,1493 590,1493 616,1493 642,1492 668,1492 694,1492"/>
                <TextEquiv>
                    <Unicode>est Logica, &amp; demonstratiua quodam</Unicode>
                </TextEquiv>
            </TextLine>
            <TextLine id="r2l68" custom="readingOrder {index:34;}">
                <Coords points="201,1538 685,1538 695,1504 201,1509"/>
                <Baseline points="206,1532 231,1532 256,1531 282,1531 307,1531 333,1531 358,1531 384,1531 409,1532 435,1532 460,1532 486,1532 511,1532 537,1532 562,1532 588,1532 613,1531 639,1531 664,1531 690,1530"/>
                <TextEquiv>
                    <Unicode>modo. Quod autem subiectum in¬ </Unicode>
                </TextEquiv>
            </TextLine>
            <TextLine id="r2l70" custom="readingOrder {index:35;}">
                <Coords points="193,1578 364,1590 411,1574 659,1587 697,1573 697,1550 631,1541 193,1544"/>
                <Baseline points="198,1571 224,1570 250,1570 276,1570 302,1569 328,1569 354,1569 380,1569 406,1570 432,1570 458,1570 484,1570 510,1570 536,1570 562,1570 588,1570 614,1569 640,1569 666,1568 692,1567"/>
                <TextEquiv>
                    <Unicode>finiti est dignius vt sit separatum ma¬</Unicode>
                </TextEquiv>
            </TextLine>
            <TextLine id="r2l72" custom="readingOrder {index:36;}">
                <Coords points="195,1631 246,1614 265,1627 369,1613 699,1625 699,1589 598,1577 583,1589 319,1589 305,1576 195,1589"/>
                <Baseline points="200,1610 226,1610 252,1609 278,1609 304,1609 330,1609 356,1609 382,1609 408,1609 434,1609 460,1610 486,1610 512,1610 538,1610 564,1609 590,1609 616,1609 642,1608 668,1608 694,1607"/>
                <TextEquiv>
                    <Unicode>gis qua infinitum declaratur per duas, pro¬</Unicode>
                </TextEquiv>
            </TextLine>
            <TextLine id="r2l74" custom="readingOrder {index:37;}">
                <Coords points="200,1665 696,1658 696,1629 638,1616 621,1629 465,1630 449,1614 425,1629 368,1615 353,1629 250,1617 200,1630"/>
                <Baseline points="205,1648 230,1648 256,1648 281,1648 307,1648 332,1648 358,1648 384,1648 409,1649 435,1649 460,1649 486,1649 511,1649 537,1649 563,1649 588,1649 614,1648 639,1648 665,1648 691,1648"/>
                <TextEquiv>
                    <Unicode>positiones sic. Infinitum dicitur in subie</Unicode>
                </TextEquiv>
            </TextLine>
            <TextLine id="r2l76" custom="readingOrder {index:38;}">
                <Coords points="198,1698 632,1704 685,1696 685,1661 198,1667"/>
                <Baseline points="203,1687 228,1687 253,1688 278,1688 303,1688 328,1688 353,1688 378,1688 403,1688 428,1688 454,1688 479,1688 504,1688 529,1688 554,1688 579,1688 604,1688 629,1688 654,1688 680,1688"/>
                <TextEquiv>
                    <Unicode>cto: &amp; omne, quod dicitur in subie</Unicode>
                </TextEquiv>
            </TextLine>
            <TextLine id="r2l77" custom="readingOrder {index:39;}">
                <Coords points="200,1733 545,1728 603,1748 697,1733 688,1696 552,1708 525,1693 455,1696 427,1712 304,1695 261,1714 200,1698"/>
                <Baseline points="205,1727 230,1727 256,1727 281,1727 307,1727 333,1727 358,1727 384,1727 410,1727 435,1728 461,1728 486,1728 512,1728 538,1727 563,1727 589,1727 615,1727 640,1727 666,1727 692,1727"/>
                <TextEquiv>
                    <Unicode>cto, subiectum. eius est magis exi¬</Unicode>
                </TextEquiv>
            </TextLine>
            <TextLine id="r2l79" custom="readingOrder {index:40;}">
                <Coords points="202,1777 391,1787 452,1772 503,1789 534,1770 703,1773 703,1741 644,1734 605,1749 559,1734 442,1745 202,1734"/>
                <Baseline points="207,1767 232,1767 258,1767 284,1767 310,1767 336,1767 362,1767 387,1767 413,1767 439,1767 465,1767 491,1767 517,1768 542,1768 568,1768 594,1768 620,1768 646,1768 672,1768 698,1767"/>
                <TextEquiv>
                    <Unicode>stens per se quae illud. ergo subiectum</Unicode>
                </TextEquiv>
            </TextLine>
            <TextLine id="r2l81" custom="readingOrder {index:41;}">
                <Coords points="203,1813 356,1817 373,1830 409,1811 669,1818 659,1774 587,1785 523,1774 465,1789 445,1775 413,1792 203,1778"/>
                <Baseline points="208,1805 233,1806 258,1806 284,1806 309,1806 334,1806 360,1807 385,1807 410,1807 436,1807 461,1807 486,1807 512,1807 537,1807 562,1808 588,1807 613,1807 638,1807 664,1807"/>
                <TextEquiv>
                    <Unicode>infiniti magis est existens per se</Unicode>
                </TextEquiv>
            </TextLine>
            <TextLine id="r2l83" custom="readingOrder {index:42;}">
                <Coords points="202,1855 697,1853 697,1823 678,1820 526,1828 511,1813 437,1825 400,1814 374,1830 202,1813"/>
                <Baseline points="207,1846 232,1846 258,1847 283,1847 309,1847 334,1847 360,1847 385,1847 411,1847 436,1847 462,1847 487,1847 513,1847 538,1847 564,1847 589,1847 615,1847 640,1846 666,1846 692,1846"/>
                <TextEquiv>
                    <Unicode>infinitum: sed quantum, &amp; numerus</Unicode>
                </TextEquiv>
            </TextLine>
            <TextLine id="r2l85" custom="readingOrder {index:43;}">
                <Coords points="199,1898 707,1907 707,1866 690,1853 505,1869 486,1856 448,1868 199,1857"/>
                <Baseline points="204,1887 230,1887 256,1888 282,1888 308,1888 335,1888 361,1888 387,1888 413,1887 439,1887 466,1887 492,1887 518,1887 544,1887 570,1887 597,1887 623,1888 649,1888 675,1889 702,1889"/>
                <TextEquiv>
                    <Unicode>sunt subiecta infiniti. ergo quantum,</Unicode>
                </TextEquiv>
            </TextLine>
            <TextEquiv>
                <Unicode>si infinitum, vt declaratum est ex hoc
sermone, est secundum quod est infinitum per ac¬
cidens, non est esntum entium, in eo
quod est infinitum, vt Antiqui ponunt:
ed, si fuerit efntum, erit secundum quod est sub¬
stantia, vt sonus non est efntum di¬
ctionum, secundum quod est iuisibilis, sed secundu
quod est audibilis. quod igitur existima¬
uerunt quod ex hoc, quod est principium,
&amp; efntum, sequitur vt sit infinitum, est
falsum, si concesserimus aliquid es¬
se tale scilicet substantiam infinitam existe
tem per se. quod autem infinitum est sub¬
stantia per accidens manifestum est.
quoniam substantia existens per se infini
ta est elementum per accidens, secundum quod est
infinita, &amp; nullum elementorum est
elementum, secundum quod accidit ei aliquid: 
ergo in secunda figura, substantia in
finita non est elementum, secundum quod est
infinita. Prima propositio manife¬
sta est ex praedictis, secunda vero ma
nifesta est per se. Et, cum declara¬
uit, quod secundum quod est infinitum non est prin
cipium, incoepit destruere aliquid
esse existens per se. infinitum &amp; di
Et etiam, &amp;c. i. &amp;, si infinitum est exi¬
stens per se quanto magis vt illud
cui accidit infinitum, sit existens per
sce scilicet subiectum. v. g. numerus, &amp; men
sura, sed subiectum non est existens
per se, quanto magis infinitum non
erit existens per se. &amp; ista declaratio
est Logica, &amp; demonstratiua quodam
modo. Quod autem subiectum in¬ 
finiti est dignius vt sit separatum ma¬
gis qua infinitum declaratur per duas, pro¬
positiones sic. Infinitum dicitur in subie
cto: &amp; omne, quod dicitur in subie
cto, subiectum. eius est magis exi¬
stens per se quae illud. ergo subiectum
infiniti magis est existens per se
infinitum: sed quantum, &amp; numerus
sunt subiecta infiniti. ergo quantum,</Unicode>
            </TextEquiv>
        </TextRegion>
        <TextRegion orientation="0.0" id="TextRegion_1611533993813_561" custom="readingOrder {index:1;}">
            <Coords points="718,127 1236,127 1236,1940 718,1940"/>
            <TextLine id="r2l2" custom="readingOrder {index:0;}">
                <Coords points="731,209 865,197 995,218 1034,199 1220,217 1220,172 1200,181 1176,165 856,165 827,177 732,165"/>
                <Baseline points="736,197 761,198 786,198 811,198 836,198 862,197 887,197 912,197 937,197 962,197 988,197 1013,197 1038,197 1063,197 1088,198 1114,198 1139,198 1164,199 1189,200 1215,200"/>
                <TextEquiv>
                    <Unicode>&amp; numerus sunt magis separabilia quid</Unicode>
                </TextEquiv>
            </TextLine>
            <TextLine id="r2l4" custom="readingOrder {index:1;}">
                <Coords points="722,242 980,253 1101,239 1122,255 1192,244 1216,257 1216,218 1187,207 999,220 975,206 722,209"/>
                <Baseline points="727,236 752,237 777,237 803,237 828,237 854,238 879,238 905,238 930,238 956,238 981,237 1007,237 1032,237 1058,237 1083,237 1109,237 1134,237 1160,237 1185,238 1211,238"/>
                <TextEquiv>
                    <Unicode>infinitum. deinde componitur in syllo hy</Unicode>
                </TextEquiv>
            </TextLine>
            <TextLine id="r2l7" custom="readingOrder {index:2;}">
                <Coords points="728,294 1028,278 1112,295 1132,283 1219,290 1219,263 1196,249 728,252"/>
                <Baseline points="733,276 758,276 783,276 808,276 834,276 859,276 884,276 910,276 935,276 960,276 986,276 1011,276 1036,276 1062,276 1087,277 1112,277 1138,277 1163,278 1188,278 1214,279"/>
                <TextEquiv>
                    <Unicode>pothetico. Si infinitum est separatum,</Unicode>
                </TextEquiv>
            </TextLine>
            <TextLine id="r2l9" custom="readingOrder {index:3;}">
                <Coords points="728,343 761,321 1132,319 1199,336 1228,331 1228,293 728,294"/>
                <Baseline points="733,315 758,315 784,316 810,316 836,316 861,316 887,316 913,316 939,315 965,315 990,315 1016,315 1042,315 1068,316 1094,316 1119,316 1145,317 1171,317 1197,318 1223,319"/>
                <TextEquiv>
                    <Unicode>quantum &amp; numerus erunt magis</Unicode>
                </TextEquiv>
            </TextLine>
            <TextLine id="r2l11" custom="readingOrder {index:4;}">
                <Coords points="728,362 1223,370 1204,337 1127,324 1019,336 1003,324 856,325 728,343"/>
                <Baseline points="733,354 758,354 784,355 809,355 835,355 860,355 886,355 911,355 937,355 962,355 988,355 1013,355 1039,355 1064,355 1090,355 1115,355 1141,356 1166,357 1192,358 1218,359"/>
                <TextEquiv>
                    <Unicode>neparata. deinde destruetur consequens,</Unicode>
                </TextEquiv>
            </TextLine>
            <TextLine id="r2l13" custom="readingOrder {index:5;}">
                <Coords points="722,401 1224,402 1224,372 1174,365 1150,377 1096,364 1079,381 1042,364 722,365"/>
                <Baseline points="727,393 752,393 778,393 804,394 830,394 856,394 882,394 908,394 934,394 960,393 985,393 1011,393 1037,394 1063,394 1089,394 1115,394 1141,395 1167,396 1193,397 1219,398"/>
                <TextEquiv>
                    <Unicode>&amp; concludetur autecedens. &amp; in hoc</Unicode>
                </TextEquiv>
            </TextLine>
            <TextLine id="r2l15" custom="readingOrder {index:6;}">
                <Coords points="726,441 1227,450 1227,413 1188,405 758,414 726,401"/>
                <Baseline points="731,432 756,432 782,433 808,433 834,434 860,434 886,434 911,434 937,434 963,434 989,434 1015,434 1041,434 1066,434 1092,434 1118,435 1144,435 1170,436 1196,437 1222,437"/>
                <TextEquiv>
                    <Unicode>sermone sunt duo syllogismi cathe</Unicode>
                </TextEquiv>
            </TextLine>
            <TextLine id="r2l17" custom="readingOrder {index:7;}">
                <Coords points="730,490 770,478 807,490 858,480 967,491 1130,483 1130,453 1029,444 1003,454 939,443 920,453 804,442 730,451"/>
                <Baseline points="735,472 761,472 787,473 813,473 839,473 865,473 891,473 917,473 943,473 969,473 995,473 1021,473 1047,473 1073,474 1099,474 1125,475"/>
                <TextEquiv>
                    <Unicode>gorici, &amp; vnus hypotheticus.</Unicode>
                </TextEquiv>
            </TextLine>
            <TextLine id="r2l19" custom="readingOrder {index:8;}">
                <Coords points="767,538 907,531 1088,545 1110,531 1221,529 1221,485 1099,505 1039,492 965,504 767,493"/>
                <Baseline points="772,528 798,528 824,528 850,528 876,528 902,528 928,528 954,527 980,527 1007,527 1033,527 1059,526 1085,526 1111,525 1137,524 1163,523 1189,521 1216,520"/>
                <TextEquiv>
                    <Unicode>Manifestum autem &amp; quod non com</Unicode>
                </TextEquiv>
            </TextLine>
            <TextLine id="r2l21" custom="readingOrder {index:9;}">
                <Coords points="729,583 1047,588 1075,574 1227,570 1218,530 1172,543 1134,531 1114,548 728,540"/>
                <Baseline points="734,572 759,571 785,571 811,570 836,570 862,570 888,570 913,570 939,570 965,569 990,569 1016,569 1042,569 1067,569 1093,568 1119,568 1144,567 1170,566 1196,565 1222,564"/>
                <TextEquiv>
                    <Unicode>tingit esse infinitum, vt actu exi¬</Unicode>
                </TextEquiv>
            </TextLine>
            <TextLine id="r2l23" custom="readingOrder {index:10;}">
                <Coords points="733,622 1225,618 1224,581 1199,578 1100,593 732,581"/>
                <Baseline points="738,614 763,614 788,613 814,613 839,613 864,613 890,613 915,613 940,612 966,612 991,612 1017,612 1042,612 1067,612 1093,611 1118,611 1143,611 1169,610 1194,609 1220,608"/>
                <TextEquiv>
                    <Unicode>stens, &amp; vt substantiam, ac prin</Unicode>
                </TextEquiv>
            </TextLine>
            <TextLine id="r2l25" custom="readingOrder {index:11;}">
                <Coords points="732,665 1018,659 1036,675 1219,658 1218,629 1191,621 1138,636 1079,621 731,629"/>
                <Baseline points="737,657 762,657 787,656 812,656 837,656 862,655 887,655 912,655 937,655 962,655 988,655 1013,655 1038,655 1063,655 1088,655 1113,654 1138,653 1163,652 1188,651 1214,650"/>
                <TextEquiv>
                    <Unicode>cipium. erit enim quicquid ip¬</Unicode>
                </TextEquiv>
            </TextLine>
            <TextLine id="r2l27" custom="readingOrder {index:12;}">
                <Coords points="731,706 898,704 929,721 942,707 1225,701 1225,675 1207,666 1119,661 1092,681 981,663 954,678 917,662 853,681 731,664"/>
                <Baseline points="736,699 761,699 786,699 812,699 837,698 863,698 888,698 914,698 939,698 965,698 990,698 1016,698 1041,697 1067,697 1092,697 1118,697 1143,696 1169,696 1194,695 1220,695"/>
                <TextEquiv>
                    <Unicode>sius accipiatur, infinitum, si parti¬</Unicode>
                </TextEquiv>
            </TextLine>
            <TextLine id="r2l29" custom="readingOrder {index:13;}">
                <Coords points="731,746 1219,746 1219,724 1185,709 1125,723 1104,707 1017,721 919,721 896,704 875,716 731,708"/>
                <Baseline points="736,742 761,741 786,741 811,740 836,740 861,740 886,740 912,740 937,740 962,740 987,741 1012,741 1037,741 1063,741 1088,741 1113,741 1138,741 1163,740 1188,739 1214,739"/>
                <TextEquiv>
                    <Unicode>bile est. infinito enim esse, &amp; in¬ </Unicode>
                </TextEquiv>
            </TextLine>
            <TextLine id="r2l31" custom="readingOrder {index:14;}">
                <Coords points="724,791 1216,794 1216,758 1187,749 724,749"/>
                <Baseline points="729,783 754,783 779,783 805,783 830,783 855,783 881,783 906,783 931,783 957,783 982,783 1008,783 1033,783 1058,783 1084,783 1109,783 1134,783 1160,783 1185,784 1211,784"/>
                <TextEquiv>
                    <Unicode>finitum idem est, si substantia in¬</Unicode>
                </TextEquiv>
            </TextLine>
            <TextLine id="r2l34" custom="readingOrder {index:15;}">
                <Coords points="733,834 1229,838 1229,804 1151,813 1110,790 928,806 891,793 861,804 847,790 765,805 733,791"/>
                <Baseline points="738,825 763,825 789,826 814,826 840,826 865,826 891,826 917,826 942,826 968,826 993,826 1019,826 1044,826 1070,826 1096,826 1121,826 1147,827 1172,827 1198,828 1224,829"/>
                <TextEquiv>
                    <Unicode>finitum sit, &amp; non de subiecto, qua</Unicode>
                </TextEquiv>
            </TextLine>
            <TextLine id="r2l36" custom="readingOrder {index:16;}">
                <Coords points="728,875 1213,882 1230,876 1230,837 1178,851 1136,836 968,845 941,832 912,845 728,845"/>
                <Baseline points="733,868 758,868 784,869 810,869 836,869 862,869 888,869 914,869 940,869 966,869 991,869 1017,869 1043,869 1069,869 1095,869 1121,869 1147,870 1173,870 1199,871 1225,872"/>
                <TextEquiv>
                    <Unicode>re aut indiuisibile est, aut in infi</Unicode>
                </TextEquiv>
            </TextLine>
            <TextLine id="r2l38" custom="readingOrder {index:17;}">
                <Coords points="732,922 1223,922 1223,881 1036,880 966,901 935,877 732,885"/>
                <Baseline points="737,911 762,911 787,911 812,912 838,912 863,912 888,912 914,912 939,912 964,912 990,911 1015,911 1040,911 1066,911 1091,911 1116,911 1142,911 1167,912 1192,912 1218,912"/>
                <TextEquiv>
                    <Unicode>nita diuisibile. multa autem infini</Unicode>
                </TextEquiv>
            </TextLine>
            <TextLine id="r2l40" custom="readingOrder {index:18;}">
                <Coords points="734,962 1183,963 1223,946 1100,921 1070,940 1049,919 1025,932 902,921 860,934 835,919 734,932"/>
                <Baseline points="739,954 764,954 789,954 814,954 839,954 865,954 890,954 915,954 940,954 965,954 991,954 1016,954 1041,954 1066,954 1091,954 1117,954 1142,955 1167,955 1192,955 1218,956"/>
                <TextEquiv>
                    <Unicode>ta esse idem impossibile est. At vero</Unicode>
                </TextEquiv>
            </TextLine>
            <TextLine id="r2l42" custom="readingOrder {index:19;}">
                <Coords points="736,1002 1232,1009 1232,971 1185,962 736,973"/>
                <Baseline points="741,995 766,996 792,996 817,996 843,997 868,997 894,997 920,997 945,997 971,997 996,997 1022,997 1047,997 1073,997 1099,997 1124,997 1150,997 1175,997 1201,998 1227,998"/>
                <TextEquiv>
                    <Unicode>vt aeris aer pars est, sic &amp; infini</Unicode>
                </TextEquiv>
            </TextLine>
            <TextLine id="r2l44" custom="readingOrder {index:20;}">
                <Coords points="736,1051 1223,1050 1223,1020 1166,1005 736,1014"/>
                <Baseline points="741,1040 766,1040 791,1039 816,1039 841,1039 866,1039 891,1039 916,1040 941,1040 966,1040 992,1040 1017,1040 1042,1040 1067,1040 1092,1040 1117,1040 1142,1040 1167,1040 1192,1040 1218,1039"/>
                <TextEquiv>
                    <Unicode>tum infiniti, si quidem substan¬</Unicode>
                </TextEquiv>
            </TextLine>
            <TextLine id="r2l46" custom="readingOrder {index:21;}">
                <Coords points="728,1090 1085,1099 1221,1087 1222,1061 1194,1050 1061,1061 1030,1048 876,1062 811,1046 729,1059"/>
                <Baseline points="733,1082 758,1082 783,1082 809,1082 834,1082 860,1082 885,1082 910,1082 936,1082 961,1082 987,1082 1012,1082 1038,1082 1063,1083 1088,1083 1114,1083 1139,1083 1165,1084 1190,1084 1216,1084"/>
                <TextEquiv>
                    <Unicode>tia est, &amp; principium. Impartibile.</Unicode>
                </TextEquiv>
            </TextLine>
            <TextLine id="r2l48" custom="readingOrder {index:22;}">
                <Coords points="728,1130 802,1145 848,1130 1095,1138 1107,1126 1232,1130 1232,1101 1130,1091 1105,1116 1073,1092 728,1104"/>
                <Baseline points="733,1122 759,1123 785,1124 811,1124 837,1124 863,1125 889,1125 915,1125 941,1125 967,1125 993,1125 1019,1126 1045,1125 1071,1125 1097,1125 1123,1125 1149,1125 1175,1125 1201,1124 1227,1124"/>
                <TextEquiv>
                    <Unicode>ergo, &amp; indiuisibile est. At esse</Unicode>
                </TextEquiv>
            </TextLine>
            <TextLine id="r2l50" custom="readingOrder {index:23;}">
                <Coords points="733,1178 936,1186 1231,1170 1231,1141 1216,1133 1140,1144 1112,1133 1090,1148 1056,1133 733,1141"/>
                <Baseline points="738,1168 763,1168 789,1167 815,1167 840,1167 866,1167 892,1167 917,1167 943,1168 969,1168 994,1168 1020,1168 1046,1168 1071,1168 1097,1168 1123,1168 1148,1167 1174,1167 1200,1167 1226,1166"/>
                <TextEquiv>
                    <Unicode>tale nequit quod actu est ifini¬</Unicode>
                </TextEquiv>
            </TextLine>
            <TextLine id="r2l52" custom="readingOrder {index:24;}">
                <Coords points="730,1218 1226,1218 1226,1171 1177,1188 1155,1176 980,1193 807,1196 730,1181"/>
                <Baseline points="735,1210 760,1210 786,1211 811,1211 837,1211 862,1211 888,1211 914,1211 939,1211 965,1211 990,1210 1016,1210 1041,1210 1067,1210 1093,1210 1118,1210 1144,1210 1169,1210 1195,1210 1221,1210"/>
                <TextEquiv>
                    <Unicode>tum. quantum enim quid esse</Unicode>
                </TextEquiv>
            </TextLine>
            <TextLine id="r2l54" custom="readingOrder {index:25;}">
                <Coords points="727,1259 771,1258 811,1267 872,1258 905,1266 905,1233 876,1217 843,1232 829,1221 810,1220 791,1229 727,1228"/>
                <Baseline points="732,1251 760,1252 788,1253 816,1254 844,1254 872,1254 900,1253"/>
                <TextEquiv>
                    <Unicode>necesse est.</Unicode>
                </TextEquiv>
            </TextLine>
            <TextLine id="r2l57" custom="readingOrder {index:26;}">
                <Coords points="778,1305 926,1318 1053,1303 1069,1319 1126,1305 1227,1324 1221,1269 1157,1277 1139,1261 1096,1261 1072,1277 1039,1260 1002,1280 906,1261 891,1276 778,1274"/>
                <Baseline points="783,1299 808,1299 834,1298 860,1298 886,1298 912,1298 937,1298 963,1298 989,1298 1015,1298 1041,1298 1067,1298 1092,1298 1118,1298 1144,1298 1170,1298 1196,1298 1222,1297"/>
                <TextEquiv>
                    <Unicode>Et manifestum est quod impos¬</Unicode>
                </TextEquiv>
            </TextLine>
            <TextLine id="line_1611534005094_571" custom="readingOrder {index:27;}">
                <Coords points="731,1358 797,1353 830,1370 846,1356 993,1355 1019,1370 1037,1354 1171,1353 1223,1369 1223,1324 1201,1334 1168,1309 1145,1325 1082,1313 1059,1329 1039,1309 960,1326 908,1309 871,1325 841,1309 814,1328 793,1310 731,1309"/>
                <Baseline points="736,1347 761,1347 786,1347 812,1347 837,1348 863,1348 888,1348 914,1348 939,1348 965,1348 990,1348 1015,1347 1041,1347 1066,1347 1092,1347 1117,1347 1143,1347 1168,1347 1194,1347 1208,1345 1218,1345"/>
                <TextEquiv>
                    <Unicode>sibile est infinitum sit, sicut illa, qui</Unicode>
                </TextEquiv>
            </TextLine>
            <TextLine id="r2l62" custom="readingOrder {index:28;}">
                <Coords points="731,1405 952,1402 981,1418 1001,1402 1052,1422 1072,1403 1219,1404 1219,1372 1127,1360 907,1376 865,1361 835,1377 731,1358"/>
                <Baseline points="736,1396 761,1396 786,1397 811,1397 836,1397 861,1397 886,1397 912,1397 937,1397 962,1396 987,1396 1012,1396 1037,1396 1063,1396 1088,1396 1113,1396 1138,1395 1163,1395 1188,1396 1214,1396"/>
                <TextEquiv>
                    <Unicode>sunt in actu, &amp; quasi substantia,</Unicode>
                </TextEquiv>
            </TextLine>
            <TextLine id="r2l64" custom="readingOrder {index:29;}">
                <Coords points="728,1456 789,1466 805,1450 849,1450 877,1466 894,1450 960,1449 990,1466 1017,1449 1122,1451 1156,1466 1178,1447 1228,1450 1228,1405 1193,1420 1153,1405 1136,1421 966,1430 728,1420"/>
                <Baseline points="733,1444 758,1444 784,1444 810,1444 836,1444 861,1444 887,1444 913,1444 939,1444 965,1444 990,1444 1016,1444 1042,1444 1068,1444 1094,1444 1119,1444 1145,1444 1171,1444 1197,1443 1223,1443"/>
                <TextEquiv>
                    <Unicode>&amp; principium. quonia necesse est</Unicode>
                </TextEquiv>
            </TextLine>
            <TextLine id="r2l66" custom="readingOrder {index:30;}">
                <Coords points="731,1499 792,1514 854,1497 906,1514 967,1498 998,1517 1023,1498 1127,1497 1154,1514 1175,1498 1235,1498 1235,1468 1197,1474 1177,1457 1149,1473 929,1478 847,1453 824,1469 731,1461"/>
                <Baseline points="736,1492 762,1492 788,1493 814,1493 840,1493 866,1493 892,1493 918,1493 944,1493 970,1493 996,1493 1022,1493 1048,1493 1074,1493 1100,1493 1126,1492 1152,1492 1178,1492 1204,1491 1230,1491"/>
                <TextEquiv>
                    <Unicode>vt quodcunque acceperis ex eo sit in </Unicode>
                </TextEquiv>
            </TextLine>
            <TextLine id="r2l69" custom="readingOrder {index:31;}">
                <Coords points="734,1554 1038,1547 1099,1567 1127,1547 1224,1554 1224,1517 1083,1520 1062,1501 1023,1500 996,1520 952,1500 904,1516 878,1505 855,1525 734,1504"/>
                <Baseline points="739,1541 764,1541 789,1541 814,1542 840,1542 865,1542 890,1542 915,1542 941,1542 966,1542 991,1542 1016,1542 1042,1542 1067,1542 1092,1542 1117,1542 1143,1542 1168,1542 1193,1542 1219,1542"/>
                <TextEquiv>
                    <Unicode>finitum, si est diuisibile. quoniam,</Unicode>
                </TextEquiv>
            </TextLine>
            <TextLine id="r2l71" custom="readingOrder {index:32;}">
                <Coords points="736,1597 765,1595 786,1617 912,1592 956,1608 1238,1593 1231,1565 1056,1565 1042,1552 995,1563 958,1549 845,1569 810,1553 776,1568 736,1558"/>
                <Baseline points="741,1589 766,1589 792,1589 818,1589 844,1589 870,1590 896,1590 922,1590 948,1590 974,1590 999,1590 1025,1590 1051,1590 1077,1590 1103,1590 1129,1590 1155,1590 1181,1590 1207,1590 1233,1590"/>
                <TextEquiv>
                    <Unicode>si infinitum est substantia, &amp; non </Unicode>
                </TextEquiv>
            </TextLine>
            <TextLine id="r2l73" custom="readingOrder {index:33;}">
                <Coords points="735,1642 834,1640 872,1658 1100,1647 1124,1665 1174,1643 1235,1650 1235,1614 1177,1601 1104,1620 1033,1613 1016,1628 978,1602 940,1619 919,1599 854,1616 735,1608"/>
                <Baseline points="740,1638 765,1638 791,1637 817,1637 843,1637 868,1637 894,1638 920,1638 946,1638 972,1638 997,1638 1023,1638 1049,1639 1075,1639 1101,1639 1126,1639 1152,1639 1178,1638 1204,1638 1230,1638"/>
                <TextEquiv>
                    <Unicode>dicitur in subiesto, tunc quiditas</Unicode>
                </TextEquiv>
            </TextLine>
            <TextLine id="r2l75" custom="readingOrder {index:34;}">
                <Coords points="732,1699 879,1699 908,1684 954,1706 1224,1698 1230,1661 1176,1650 1155,1664 1009,1666 981,1649 937,1666 813,1665 776,1649 732,1663"/>
                <Baseline points="737,1686 762,1686 788,1686 814,1686 839,1686 865,1686 891,1687 916,1687 942,1687 968,1687 993,1687 1019,1687 1045,1688 1070,1688 1096,1688 1122,1688 1147,1688 1173,1687 1199,1687 1225,1687"/>
                <TextEquiv>
                    <Unicode>infiniti, &amp; infinitum erit idem.</Unicode>
                </TextEquiv>
            </TextLine>
            <TextLine id="r2l78" custom="readingOrder {index:35;}">
                <Coords points="734,1747 777,1758 801,1739 875,1755 920,1738 990,1754 1077,1734 1143,1754 1234,1738 1234,1716 1184,1717 1167,1701 1128,1716 1087,1701 1024,1709 1006,1727 972,1698 927,1717 900,1697 810,1716 734,1709"/>
                <Baseline points="739,1732 764,1733 790,1733 816,1734 842,1734 867,1735 893,1735 919,1735 945,1736 971,1736 996,1736 1022,1736 1048,1736 1074,1736 1100,1736 1125,1736 1151,1736 1177,1736 1203,1736 1229,1735"/>
                <TextEquiv>
                    <Unicode>ergo necesse est, aut vt sit in¬ </Unicode>
                </TextEquiv>
            </TextLine>
            <TextLine id="r2l80" custom="readingOrder {index:36;}">
                <Coords points="730,1794 885,1783 952,1810 1034,1793 1122,1810 1139,1794 1230,1794 1241,1766 1129,1761 1085,1776 1030,1746 1004,1761 911,1749 887,1773 855,1747 731,1757"/>
                <Baseline points="735,1783 760,1783 785,1783 810,1783 835,1784 860,1784 885,1784 910,1784 935,1785 960,1785 985,1786 1010,1786 1035,1786 1060,1786 1085,1786 1110,1786 1135,1786 1160,1786 1185,1785 1210,1785 1235,1784"/>
                <TextEquiv>
                    <Unicode>diuisibile diuisionibus, quarum</Unicode>
                </TextEquiv>
            </TextLine>
            <TextLine id="r2l82" custom="readingOrder {index:37;}">
                <Coords points="731,1842 943,1839 973,1861 996,1842 1119,1850 1134,1838 1160,1858 1231,1835 1231,1820 1178,1797 1087,1821 1000,1797 940,1817 871,1796 823,1814 783,1796 731,1806"/>
                <Baseline points="736,1834 761,1833 787,1833 813,1833 839,1833 864,1833 890,1834 916,1834 942,1834 968,1835 993,1835 1019,1835 1045,1835 1071,1835 1097,1835 1122,1835 1148,1835 1174,1835 1200,1834 1226,1833"/>
                <TextEquiv>
                    <Unicode>nulla est non infinita, &amp; sic e¬</Unicode>
                </TextEquiv>
            </TextLine>
            <TextLine id="r2l84" custom="readingOrder {index:38;}">
                <Coords points="734,1891 785,1891 801,1907 832,1890 896,1890 912,1906 990,1890 1015,1906 1079,1882 1113,1906 1145,1889 1238,1898 1238,1860 1154,1861 1135,1844 1025,1869 951,1845 914,1861 855,1861 839,1845 734,1861"/>
                <Baseline points="739,1884 765,1884 791,1884 817,1884 843,1884 869,1885 895,1885 921,1885 947,1885 973,1885 999,1886 1025,1886 1051,1886 1077,1886 1103,1886 1129,1885 1155,1885 1181,1885 1207,1884 1233,1884"/>
                <TextEquiv>
                    <Unicode>runt plura infinita, &amp; infinitum</Unicode>
                </TextEquiv>
            </TextLine>
            <TextEquiv>
                <Unicode>&amp; numerus sunt magis separabilia quid
infinitum. deinde componitur in syllo hy
pothetico. Si infinitum est separatum,
quantum &amp; numerus erunt magis
neparata. deinde destruetur consequens,
&amp; concludetur autecedens. &amp; in hoc
sermone sunt duo syllogismi cathe
gorici, &amp; vnus hypotheticus.
Manifestum autem &amp; quod non com
tingit esse infinitum, vt actu exi¬
stens, &amp; vt substantiam, ac prin
cipium. erit enim quicquid ip¬
sius accipiatur, infinitum, si parti¬
bile est. infinito enim esse, &amp; in¬ 
finitum idem est, si substantia in¬
finitum sit, &amp; non de subiecto, qua
re aut indiuisibile est, aut in infi
nita diuisibile. multa autem infini
ta esse idem impossibile est. At vero
vt aeris aer pars est, sic &amp; infini
tum infiniti, si quidem substan¬
tia est, &amp; principium. Impartibile.
ergo, &amp; indiuisibile est. At esse
tale nequit quod actu est ifini¬
tum. quantum enim quid esse
necesse est.
Et manifestum est quod impos¬
sibile est infinitum sit, sicut illa, qui
sunt in actu, &amp; quasi substantia,
&amp; principium. quonia necesse est
vt quodcunque acceperis ex eo sit in 
finitum, si est diuisibile. quoniam,
si infinitum est substantia, &amp; non 
dicitur in subiesto, tunc quiditas
infiniti, &amp; infinitum erit idem.
ergo necesse est, aut vt sit in¬ 
diuisibile diuisionibus, quarum
nulla est non infinita, &amp; sic e¬
runt plura infinita, &amp; infinitum</Unicode>
            </TextEquiv>
        </TextRegion>
    </Page>
</PcGts>
