1416 2066
185 139 693 195 Ista est Quarta declaratio quod
185 183 686 234 translanio est primus motuum na¬
185 222 689 274 turaliter. Et fundatur super tres, pro¬
185 261 698 311 positiones. quarum Vna est, quod mo¬
202 309 690 339 tum ex se non inuenitur nisi in hoc
201 337 687 378 motu. nihil enim est alteratum ex se.
201 376 687 418 nec alterat se, nisi per accidens. Se¬
201 414 697 458 cunda autem est quod motum ex se est prin
198 460 692 502 cipium rerum motatum. Tertia ve
205 493 690 530 to est quod motus, qui inuenitur in prio
203 532 689 570 motu, est primus motuum. Et. d. pri
200 568 693 610 ma intentione. quoniam accidit ei per acci
202 605 690 656 dens quandoque, vt moueat illud, quid mo¬
206 642 688 682 uetur ab ipso alio modo motuum: si¬
201 682 693 732 cut aecidit animalibus, quando mouen¬
199 719 695 763 tur in loco, scilicet quod corpus calesit. ani¬
206 757 691 802 mal enim in tali motu scilicet alteratione, mo¬
194 795 693 835 uetur ex se, sed non primitus, sed me
205 833 692 885 diante motu locali. & augmentatum etiam
202 871 699 914 amen existimatur augeri ex se, se per accuns.
205 948 697 994 Quod motus alui alatione non sint con¬
291 989 603 1035 tinui. Cap. 1.
316 1061 695 1115 Vod igitur latio primus
316 1106 695 1155 motuum sit, manifestum
320 1149 694 1203 est ex his. Quae autem latio
342 1189 698 1242 prima sit, nunc demon¬
198 1231 700 1274 strandum est. simul autem &
202 1273 692 1321 quod nunc, & quod prius sup¬
206 1312 696 1362 positum est, quod contingit quen¬
202 1356 693 1395 dam motum continuum esse.
207 1396 705 1442 & perpetuum, manifestum erit
204 1440 484 1482 eadem methodo.
247 1493 701 1558 Apparet igitur ex hoc quod
204 1548 694 1603 translatio est primus motuum.
207 1590 682 1651 Quae autem translatio sit prima
207 1648 693 1682 declaratum erit nunc. & mani¬
197 1684 697 1747 festabitur cum hoc per hanc ean¬
196 1732 703 1795 dem viam illud, quod posuimus
194 1781 700 1842 positione in hoc loco, & prius, sci¬
725 141 1219 206 licet quoniam possibile est vt aliquo
722 197 1199 242 motus sit continuus, et aeternus.
759 253 1238 314 Declaratum est igitur ex omnibus
723 293 1229 346 istis demonstrationibus, quod transla¬
727 340 1227 386 tio est primus motuum uatura, &
721 380 1229 422 tempore. & ista propositio erat prius
723 412 1223 458 accepta pro vera, & declarauit ipsam
723 451 1225 490 hic. Et, quia translatio est duobus
725 487 1225 530 modis, recta, & circularis, & fuit de¬
725 526 1219 566 claratum quod motus aeternus est con¬
724 572 1226 602 tinuus, & accepit pro vero quod motus
728 601 1223 642 continuus est motus localis, ex quo
725 639 1219 687 declarauit quod motus localis est pri¬
726 684 1225 727 mus motuum secundum tpens, incoepit hoc de
725 717 1219 768 clarare, & quaerere in quo motu in¬
729 753 1221 794 uenitur continuatio, per quod declarabi¬
724 797 1216 842 tur quod translatio sit continua, & quae
726 827 1217 880 translatio in rei veritate est prima.
728 869 1213 919 Et ideo d. Quae autem translatio, &c.
728 905 1212 946 & d. hoc, quia nondum est declara¬
726 946 1227 986 tum, nisi hoc scilicet quod translatio simpli¬
723 980 1215 1026 citer est prior. D.d. & manifestabi¬
726 1022 1220 1066 tur cum hoc per hanc eandem viam,
728 1061 1220 1098 i. per hunc modum consyderandi.
730 1093 1219 1150 & intendit per prius, illud, quid dixit
726 1136 1219 1178 in Sexto, scilicet quod motus circularis solus
731 1180 1223 1220 pont esse aeternus: sed illic non com
729 1212 1228 1264 pleuit perscrutationem de hoc. In
726 1249 1218 1291 initio vero tractatus istius, & ante
724 1290 1219 1330 hunc sermonen non solummo decla¬
728 1333 1225 1370 rauit possibile esse, vt sit hic motus con
730 1366 1220 1410 tinuus, sed declarauit quod necesse est
733 1405 1237 1444 vt sit hic motus continuus. Ex hocl
727 1445 1219 1495 ergo sermone, quem nititur decla¬
726 1481 1216 1534 rare, apparent duo. Quorum vnum est
727 1519 1229 1562 illud, quod prius posuit scilicet quod possibile est
734 1566 1222 1601 vt sit hic motus continuus, aeternus.
728 1600 1229 1642 Secundum autem est quis motus sit
729 1638 1225 1685 motus continuus, quem declara¬
728 1675 1222 1714 tum est esse aeternum necessario. &
727 1713 1223 1762 hoc declarabitur, quando declara¬
730 1743 1226 1795 bit quod motum impossibile est esse
730 1796 902 1834 conunuum,
