1416 2066
208 181 704 234 poris debet sciri per notiorem mo
228 229 716 266 tuum, & priorem illorum, qui est mo
226 262 715 306 tus diurnus, vt post dicet. D.d. illud,
226 301 711 353 quod sequitur ex hoc, & est, quod dice¬
225 342 714 390 re motum esse in tempore est idem cum
221 381 715 418 dicere tempus mensurare illum mo¬
224 420 698 459 tum, haec est intentio eius, quid dicimus
223 456 702 504 quod numeratum est in numero. &. d.
224 501 707 538 motum enim esse in tempore, &c. i. &
222 532 710 578 cum ita sit de modo mensurationis mo
225 573 721 623 tus a tempore. ergo intentio eius, quid
220 612 715 659 dicimus quod motus est in tempore, est
222 649 715 699 quod motus mensuratur per tempus,
227 688 717 741 licet quoniam motus mensurat ipsum, non
222 727 714 778 esse ipsius: tempus vero mensurat
224 765 716 811 de motu vtrunque scilicet quantitatem, &
220 810 712 851 esse. & hoc accidit motui: quia non
228 844 715 898 est ens secundum omnes suas partes in actu: si¬
231 885 717 935 cut est dispositio in mensura. & for¬
228 932 715 962 te hoc intendebat, cum. d. mensurat in
229 965 718 1002 simul, &c. D.d. & intentio eius, quid
228 1010 716 1050 est in tempore, &c. i. & intentio eius,
227 1038 719 1090 quod dicimus, quod omnis motus est in
227 1084 711 1130 tempore, nihil aliud est quae hoc, quod ten
226 1118 549 1170 pus mensurat esse eius.
267 1184 713 1242 Manifestum est quod et aliis hoc
227 1228 714 1282 est ipsum in tempore esse, men¬
224 1270 707 1319 surari ipsorum esse a tpere. In tpers
226 1314 719 1362 enim esse duorum est alterum. vnum
223 1357 707 1410 quidem esse tunc, quando tempus est
218 1401 715 1443 alterum autem, vt quaedam dici¬
228 1443 715 1496 mus, quod in numero sunt. hoc au¬
225 1484 719 1530 tem significat, aut vt partem nume
223 1528 715 1571 ri, & passionem, & omnino quod nu¬
225 1573 719 1623 meri aliquid est, aut quod est ip¬
226 1612 706 1658 sius numerus. Quam autem nume
220 1656 707 1702 rus tempus est, ipsum quidem nunc,
222 1701 711 1753 & prius, & quaecumque sunt huiusmodi
220 1740 709 1787 sic in tempore sunt, vt in numero
227 1781 719 1840 vnitas, & impar & par. haec enim
219 1835 718 1875 numeri aliquid, illa vero tempo¬
215 1876 718 1922 ris aliquid sunt. Res autem, vt in
742 181 1252 226 numero, ita in tempore sunt si au¬
744 223 1226 266 tem hoc est, continentur a numero,
745 269 1231 315 sicut & ea, quae sunt in loco, a loco.
792 317 1234 378 Et manifestu est quod de alus¬
740 365 1233 427 intentio eius, quod sunt in tempo¬
738 417 1235 476 re, est, quod tempus numerat qui¬
743 460 1241 531 ditatem eorum Quonia aliquid esse
745 512 1237 571 in tempore habet duas intetiones.
743 561 1235 619 quarum vna est, vt aliquid sit, cum
747 608 1233 658 tempus fuerit, & alia, sicut dici¬
742 658 1236 706 mus, de quibusdam rebus, quod sunt
748 708 1227 763 inumero. & iste sermo significat,
747 756 1235 818 aut illud. quod est quasi pars nume¬
739 804 1235 858 ri, aut accidens ei, & vniuersali¬
739 852 1223 920 ter aliquod attributum numero,
750 901 1234 963 aut quod habet numerum. Et, quia
742 949 1229 1006 tempus est numerus, instas prius,
748 996 1239 1059 & posterius, & alia similia sunt
745 1049 1235 1107 in tempore, sicut vnitas in nume¬
744 1093 1238 1154 ro, & par, & impar. ista enim attri
748 1141 1235 1203 buuntur numero, & illa tempori.
753 1189 1241 1250 Et res sunt in tempore, sicut sunt
751 1245 1237 1298 in numero. &, cum ita sit, nume¬
738 1288 1236 1338 rus continet illas, sicut locus conti
746 1337 1120 1395 net illud, quod est in loco.
778 1396 1239 1447 Et manifestum est etiam quod intentio
743 1444 1243 1487 eius, quod alia sunt in tpre, est quod tempus
746 1484 1239 1515 mensurat essentiam illorum, i. esse
742 1521 1241 1563 eorum, & quod attributio illorum tempori¬
749 1554 1245 1593 est, secundum quod tempus continet illa ad mo
747 1592 1241 1634 dum eius, quod numerus continet nu¬
747 1630 1241 1683 meratum. Et, cum posuit hoc po¬
748 1668 1237 1714 sitione, incoepit declarare illud, &. d.
746 1708 1247 1762 Qam aliquid esse in tempore habet
745 1753 1231 1800 duas intentiones, &c. i. & hoc appa¬
743 1788 1241 1838 ret, quoniam dicere aliquid esse in tem¬
751 1829 1238 1867 pore habet alteram istarum duarum
745 1868 1240 1922 intentionum. Quarum vna est, vt
