1416 2066
163 164 661 200 materia & forma fundarentur. & ideo po¬
163 192 669 226 fuit in materia ante dimensiones intermi¬
166 223 662 254 natas formam corporeitatis substantiae. Et
164 254 669 286 si hoc esset, vt inquit Commen tunc forma il¬
163 284 677 317 la esset indiuisibilis, & non haberet diui sio
169 317 670 354 nem per suum subiectum, & ipsam esse
162 349 666 379 aeternam. & ipsam non habere contrarium
162 376 676 410 sibi succedens in eodem subiecto. Et, si ita
165 409 672 442 esset, tunc nullam aliam foriuam sibi reci¬
164 439 674 478 peret, praeter istam sibi primam. Et nequis
171 469 670 506 credat me somniare ista, decreui adducere
171 501 677 533 verba eius formaliter, in primo cap. de sub¬
168 533 675 570 stan. orbis. inquit enim sic. Vnde putauit Auic.
167 562 669 604 quod dispositio trium dimensionum existen¬
174 602 681 626 tium in materia simpliciter scilicet non termina
174 628 673 658 tarum est dispositio dimensionum termina¬
172 656 678 690 tarum in ea, & declarans hoc subdit. qua¬
178 692 677 722 propter dixit, necesse est primam formam
178 719 671 753 existere in prima materia, antequam dimen¬
175 750 677 786 siones existant in ea. ecce quod non dicit, vt di¬
172 783 673 818 cunt Moderni quod Aui. posuerit illam formam
181 813 679 847 specificam. & ideo reputauit quod eadem est
174 846 675 883 dispositio vtrorunque. sed quia putauit quod di
178 878 678 914 mensio interminata fundatui in composi¬
179 907 685 939 to ex materia & forma corporis, in hoc di¬
179 939 676 970 cit esse conuenientiam. Vnde etiam ipse
181 968 671 1002 Auic. in. 2. suae met. cap. 4. de prioritate for¬
183 1001 675 1034 mae ad materiam, dicit materiam non de¬
174 1032 680 1071 pendere a forma. inquantum est forma spe
184 1068 681 1098 cie designata in suo esse, sed solum a forma
178 1094 674 1130 inquantum est forma. cum igitur forma cor¬
183 1132 683 1164 poris sit illa, a qua dependet in suo esse, si¬
182 1164 675 1195 cut patet per ipsum cap. 2. illius secundi, se¬
180 1189 673 1227 quitur quod illa sit generata. Et hoc idem habet
182 1217 677 1259 ipse in illo loco, si ponderentur bene verba
182 1251 683 1290 etus. Mirum, profecto mirum, quod Aui. qui fuit
182 1282 675 1322 adeo perfectus Logicus teste suo aduersario
186 1315 674 1353 I. de anima com. 30. ignorauerit corpus de
188 1349 680 1388 praedicamento substantiae esse genus, &
179 1383 679 1410 non speciem specialissimam, cum tamen om¬
182 1407 683 1443 nes Sorticuli hoc sciant. & videant Auic. i.
183 1438 679 1474 sufficientiae suae cap. 2. & videbunt errorem
185 1473 687 1506 suum. Auer. postea in illo loco impugnat
188 1502 683 1546 Auic. & sua verba sunt ista. Ex quo accidunt
193 1533 677 1569 ci multa impossibilia. quorum vnum est,
187 1566 679 1598 formam non diuidi per diuisionem mate¬
185 1600 679 1634 riae. quapropter non recipiet diuisionem: &
185 1628 677 1667 ipsam esse aeternam non diuisibilem per di
185 1660 682 1691 uisionem sui subiecti, & ipsam non habere
193 1690 685 1722 contratium sibi succedens in eodem subie¬
190 1723 677 1754 cto, quod si ita esset, tunc materia nullam reci¬
194 1756 674 1787 peret formam praeter istam sibi primam
189 1788 683 1818 haec ille. Patet autem omnia ista inconue¬
190 1817 685 1850 nientia sequi contra Auer. si ipse ponat talem
188 1848 680 1882 formam, vel sub ratione generis, vel sub ra¬
191 1881 685 1914 tione speciei. & ideo erubescant Moderni
704 157 1212 194 imponere istum errorem tanto Philosopho,
706 186 1216 222 cum ipse oppositum sentiat vbique. vnd: &. i.
707 221 1216 258 physi. com. 6x. &. i. cap. de substartia orbis. &
701 252 1213 290 12. meta. com. 14. oppositum tenet. Rener¬
707 289 1209 323 tamur igitur eo, vnde diuertinius, & dica¬
703 317 1206 347 mus Auer. non sibi contradicere. vnde di¬
700 348 1206 379 cta sua vera sunt in hac materia. nam quan
709 378 1212 411 do dicit quod, si materia esset dentidata ab om
701 408 1211 441 ni forma, non posset aliam recipere. hoc ve¬
703 441 1207 475 rum est, nam secundum ipsum & Arist. alteratio
706 471 1211 502 est necessario ad generationem. &, quia su¬.
705 501 1213 538 biectum alterationis proximum est ens in
708 540 1212 571 actu, tunc materia nuda non posset alterari.¬
709 566 1217 602 modo, si alteratio esset impossibis vtique & im
706 597 1213 635 possibis est gneatio, & econtra. I. de genera. tex. com.
707 633 1210 665 I. in. 3. autem phy. dicit materiam non recipere
709 656 1207 691 in ratione subiecti foriam, vt est ens actu,
707 690 1207 722 sed vt est ens in potentia. bene tamen materia al
710 724 1212 755 terabilis est, vt ens actu. & si non esset alte
711 755 1211 790 rabilis vt ens actu, neque etiam suscipere pos¬
711 781 1211 822 set formam vt ens in potentia, propter es¬
708 813 1215 851 sentialem ordinem & concomitantiam exi¬
709 842 1209 876 stentem inter ista. & sic sedatur contradictio.
706 877 1213 914 Rnsio autem Modernorum nulla est, quia, vt di¬
707 906 1211 939 ctum est, materia dependet a forma substam
710 941 1211 971 tiamli, quo ad esse accidentium in ipsa, prout
702 970 1205 1002 talia terminata sunt. terminus enim est a for¬
707 1002 1209 1034 ma, sed non dependet a forma in esse acci¬
705 1032 1205 1065 dentium interminatorum in ipsa, prout ta¬
709 1063 1207 1098 lia interminata sunt a forma. quia vt sic ma
710 1095 1206 1131 teria per suammet quiditatem, seu naturam
707 1126 1209 1159 substernitur talibus accidentibus, quatenus
706 1157 1211 1195 sunt. interminata, cum interminatio sit a
707 1189 1207 1226 materia. Et ideo materia non indiger for¬
705 1227 1213 1258 ma pro inhaerentia accidentium intermina
708 1251 1202 1290 torum, inquantum interminata sunt, nisi
715 1289 1207 1317 per accidens, inquantum identificantur ter¬
711 1317 1214 1354 minatis, non autem vt ratione distinguuntur,
706 1349 1149 1378 ab illis, & hoc non viderunt Moderni.
738 1373 1208 1411 Tertia contradi. est in tex. 10. Dicit Philo
711 1405 1207 1451 sophus quod solus Plato generat tempus. Huius
713 1444 1211 1474 tamen oppositum manifeste deducitur ex
710 1472 1212 1506 his, quae scribuntur in. 12. primae phileso¬
717 1502 1203 1543 phiae in tex. com. 36. vbi dicitur quod Lcucip¬
712 1537 1206 1576 pus, & Plato semper dicunt motumi exti¬
712 1567 1200 1602 tisse, sed tempus apud Platonem nihil aliud
712 1599 1204 1639 est nisi, motus, & reuolutio totius, comple¬
708 1635 1207 1671 ta, vt dicitur in. 4. phy. in tex. com. 0i. patet autem
713 1661 1208 1700 quod, si posuit motum esse aeternum, quod posuerit
714 1693 1196 1723 etiam tempus esse aeternum. Propter quod
723 1721 1202 1755 uidam defendentes Platonem dicunt non
711 1757 1204 1790 dissentire in sensu ab Aristo. vnde dicunt
718 1784 1203 1818 Platonem tenuisse mundum & motum es
709 1819 1205 1855 se aeternum. sed ideo dixit mundum gene¬
709 1846 1205 1886 ratum, quia partes mundi praecedunt natu¬
713 1885 1202 1916 ra ipsum non tempore, vt scribit Commen
