1416 2066
182 173 704 234 uneam rectam sit continuus, ex hoc scilicet
194 221 701 283 quod illud, quod resfectitur, neces¬
198 268 702 323 se est quod quiescat, non solum modo
194 317 698 379 illud, quod mouetur secundum li¬
194 364 707 421 neam recta, sed etiam illud, quod
198 408 705 467 mouetur per circulum. non enim est ea
205 453 699 515 dem intentio aliquid moueri circu
199 500 696 562 lariter, & aliquid moueri per cum
200 548 699 610 culum. forte enim mouetur eudo super
202 596 696 657 ipsum, et forte, cum peruenerit ad
203 653 695 698 illum locum, a quo incoepit moue¬
203 687 702 746 ri, reuertetur. & homo certus est,
203 736 699 794 quoniam talis motus necesse est vt
202 781 698 843 quiescat non sensu tantum, sed ra¬
194 829 696 890 tione. Et hoc est principium illius.
198 876 702 938 quonia hic sunt tria, principium,
202 925 695 978 & medium, & postremum, medi
198 973 697 1030 um apud vtrunque extremorum est
210 1013 695 1077 vtrunque, & est in numero, vnum,
202 1061 699 1124 & in respectu duo. Et etiam illud,
194 1108 697 1176 quod est in potentia, est aliud ab eo,
199 1156 693 1218 quod est in actu Et ideo quodcunque
202 1204 700 1266 punctum imaginaueris inter duo
182 1253 697 1311 gextrema. est medium in potentia,
199 1300 703 1356 & non est in actu, nisi quando di¬
203 1341 703 1406 uiserit illam, & quando cessaue¬
202 1387 702 1451 rit quiesces apud illum punctum,
204 1442 702 1499 deinde incoeperit moueri, tunc igi¬
731 172 1245 235 tur medius punctus erit principi¬.
729 221 1236 283 um, & finis, principium postremi
728 268 1229 330 & finis primi. Verbi gratia quod
734 317 1231 374 Amoueatur, & quiescat apud
735 372 1231 410 E, deinde moueatur ad &C. cum au¬
728 409 1229 458 tem mouetur secundum continua¬
731 452 1237 514 tionem, impossibile erit vt A sit
731 501 1235 563 in B, aut separetur ab ipso, sed erit
733 557 1231 613 in eo tantum in instanti, non in tem
729 597 1235 658 pore omnino, & instas non diuidit,
726 644 1232 706 totum, s. lineam. Si igitur aliquis
729 692 1223 748 posuerit quod, cum Atrasfertur,
733 738 1215 786 erit in E, & separabitur ab eo
732 781 1229 844 tunc erit quiescens. impossibile enim
731 829 1238 890 est vt Asit insimul in E, & sepa
731 877 1239 938 retur ab eo. ergo hoc erit in duobus
733 924 1226 986 puctis diuersis temporibus. ex quo
726 972 1235 1029 sequitur vt Aquiescat in pun¬
732 1020 1227 1074 cto B. & similiter in alis pun¬
734 1067 1235 1114 ctis. quoniam ratio est eadem in
731 1109 1245 1175 omnibus. Quando autem Amo¬
731 1157 1208 1218 tum vtitur E, quod medium est
730 1204 1233 1267 pro principio, & fine, necesse est
741 1253 1231 1318 vt quiescat, quia ponit ipsum duo.
730 1300 1236 1355 sed quia incoepit a puncto A, sepa
731 1349 1231 1394 ratur a principio, & sic in puncto
730 1394 1217 1450 C cum completur suus motus.
730 1439 872 1499 quiescat.
193 1724 706 1778 Quia declaratio pdicta super hoc,
208 1765 722 1821 quod illud, quod mouetur, & post resse
203 1803 722 1853 ctitur super lineam rectam, non est motus com
739 1724 1243 1778 tinuus, est dec laratio vniversalis omnibus qua¬
712 1764 1237 1815 tuor transniutationibus, incoepit de¬
712 1803 1245 1850 clarare hoc de motoin loco. &, quia de
