1433 2075
182 133 691 182 formae. & dicunt hanc potentiam esse pro¬
183 172 695 218 priam materiae naturalitatem. Aliam vero di¬
186 203 687 243 cunt potentiam esse respectiuam, quae non
182 235 686 274 vna ratione est sed, si ad formam genericam, gene¬
188 269 695 305 ralis est: si ad specificam specihica: si ad indiui¬
183 308 695 343 dua indiuidualis. primo igitur modo poten
187 329 691 371 tia est dicitura substantialis, vel loco diriae po¬
187 361 693 401 sita: secundo modo est relatio. & dicunt po
191 403 693 435 tentiam secundo modo dictam esse ge¬
182 429 691 466 nerabilem & corruptibilem omnino. & ideo
189 460 695 499 dicunt istam secundam potentiam differre a
186 491 695 526 materia. Ista sunt dicta omnium ferem Auerroi¬
182 524 695 562 starum vsque ad nostra tempora. Et licet nos fe
185 557 690 593 cerimus prolixam satis quodnem hoc anno super
178 589 691 626 isto loco, vbi diffuse satis materiam istanm
182 621 689 662 pertractauimus: tunc tamen quaedam breuiter
186 645 684 689 volo colligere pro vtilitate vestra, & pro in
187 679 692 716 quisitione veritatis. Et, quia omnis contradictor
188 711 686 754 super inquisitione veritatis in primis excu¬
187 742 693 779 sandus est, dico salua reuerentia omnium tali¬
189 779 692 810 ter opinantium quod ipsi non habent mentem
189 806 697 843 Auerr. nec recte glosant eius verba. omnes istae
188 840 696 878 tres responsiones concordant super hoc pum
193 872 689 906 sto, quod in materia est duplex potentia, vna que
190 900 689 938 est relatio, alia quae est distincta a telatione
190 936 698 970 & per consequens illa est absoluta. omne enim
190 968 686 1002 ens distinctum contra relationem est ens ab
188 996 688 1034 solutum. Sed istud est purus error, & cotra
189 1033 693 1064 omnes Peripateticos. Nam quaero de potentia
188 1061 688 1098 illa absoluta quid sit, vtru sit potentia acti
189 1097 694 1131 ua, an potentia passiua: an, vt alii dicunt, sit
194 1124 693 1161 aliqua potentia obiectiua. &, si fingendi da
186 1156 696 1194 retur licentia, non posset in casu verificari,
195 1188 695 1230 nisi alterum istorum. Non est dicendum quod
193 1219 692 1258 sit potentia actiua: quia omnes dicunt quod per
190 1251 686 1290 istam potentiam materia recipit formam
193 1284 693 1322 Nec obiectiua. quia, si obiectiua, ista est res
191 1316 688 1357 relatiua ad actum entitatiuum, & per con
186 1347 694 1380 sequens non est absoluta. Si passiua, vt dicere
188 1379 689 1413 videntur omnes. tunc arguatur sic. Poten
196 1413 695 1450 tia passiua non est aliquid absolutum: quia
191 1442 694 1484 suum esse est ad aliud se habere. nam po¬
195 1474 695 1514 tentia passiua est principium transmutandi
190 1509 693 1545 ab altero inquantum alterum. patet autem,
190 1539 693 1575 quod hoc importat respectum ad actum rece¬
194 1573 695 1605 ptui ab agente vt ab agente: sicut potentia
187 1603 691 1642 actiua importat respectum ad actum, vt im
194 1635 693 1676 primitur in passum vt in passum. quaelibet
189 1665 691 1707 ligitur potentia tespectiua est. ergo vti distin
193 1701 698 1738 ctione, vbi non opus est, est distinguere de
189 1726 698 1762 lana caprina. Praeterea specialiter contra ter
186 1763 689 1805 tiam viam, falsum est quod potentia respecti
194 1797 693 1835 ua sit corruptibilis omnino. Nam poten¬
188 1828 689 1858 tia respectiua specifica, & generica sunt eter
194 1860 691 1899 nae simpliciter, & a parte ante, & a parte
184 1890 698 1923 post respectu primi termini, ad quem primo
714 141 1240 174 referuntur, cum species sint aeternae secundum Philo
714 173 1234 217 sophos. bene verum est quod potentiae istae respe¬
718 204 1237 243 ctu formae indiuidualis, quam per acc idens &
719 234 1227 281 secundario respiciunt, sunt corruptibiles per
719 267 1237 306 accidens a parte post tantum, sicut recte de
723 303 1231 338 clarat Com. i. coeli. com. 120. &. 4. phy. com. 120.
717 332 1231 371 Et propter hoc aliter nobis visum est dicere
718 364 1229 399 quod quaelibet potentia in materia existens re¬
718 397 1223 430 spectus est. Et vlterius dico potentiam ista
723 430 1224 462 vno modo esse de essentia materiae, & alio
722 460 1228 499 modo minime. vnde indubitanter credo
721 491 1234 527 Auerr. imitatum fuisse Themistium in sua
717 523 1231 556 disgressione speciali & aurea, quam facit su
728 556 1231 587 per primo phy. cuius opinio, vt summatim
716 588 1232 620 dicam, consistit in hoc piincto. Materia du¬.
727 617 1240 650 pliciter potest consyderari. Vno modo in se,
723 649 1237 682 & quo ad sua praedicata, quae in suo esse qui
727 676 1239 713 ditatiuo sibi attribuuntur, & sic, cum mate
725 716 1227 746 ria sit quoddam ens absolutum, cum sub¬
722 740 1235 779 stantia sit, sic non includit quiditatiue, & es
724 772 1234 811 sentialiter aliquem modum petentiae, neque
727 806 1231 839 remotam, neque propinquam, neque passiuam,
728 836 1237 874 neque actiuam, neque obiectiuam. Nam vt di¬
728 868 1233 906 xit Auicem. 3. suae meta. Equinitas est tantum
726 901 1233 931 equinitas, nec vna, nec plures, nec singula¬
728 933 1241 963 ris, nec vniuersalis, nec actu, nec potentia. Et
731 962 1231 994 stam primam consyderationem subtiles
722 994 1238 1026 nominauere primum signum naturae. Alia
723 1028 1235 1058 est consideratio materiae, vt habet compa¬
722 1060 1234 1096 rationem ad alia, & ad ipsam formam, quam
723 1089 1234 1122 recipit, & ad agens, a quo ipsam formam reci
730 1118 1237 1160 pit. & in tali consyderatione, quae consyde¬
723 1157 1237 1192 ratio in comparatione consistit, ipsa mate
721 1184 1233 1223 ria includit quiditatiue ipsam potentiam, quae
725 1219 1227 1259 potentia est potentia passiua, quae potentia
733 1253 1235 1283 assiua non est res absoluta, immo est rela¬
725 1285 1237 1315 tio quaedam, quae identificatur realiter cum essen¬
724 1309 1231 1345 tia materiae: & est diitura substantialis mate¬
724 1346 1222 1378 riae eo modo, quo Auer. loquitur de dicituris,
729 1370 1235 1409 dum dixit. Actus & potentia sunt differen¬
731 1409 1231 1442 iae valde oppositae entis, & circuunt omne
729 1437 1230 1478 genus. Declaraui enim alias de intentione Com.
724 1465 1233 1506 duplex esse genus, & duplices esse differen¬
732 1497 1232 1546 lias scilicet per analogiam, & per vniuocationem,
728 1529 1230 1570 vnde sicut ens, secundum ipsum, genus est analo¬
730 1562 1245 1608 gum, ita actus & potentia sunt differentiae.
728 1592 1235 1636 analogicae entis: quas Moderniores moda¬
724 1628 1233 1674 les differentias nuncupauere. ens igitur per
724 1661 1230 1706 potentiam constituit materiam, sicut ens
722 1688 1233 1734 per actum constituit formam. Vnde Philo¬
724 1719 1239 1762 sophus. 12. meta. tex com. s. volens declara¬
727 1748 1238 1794 re quod sit esse materiae, diuidit prius esse
725 1788 1230 1831 per potentiam & actum, & concludit mate
723 1821 1230 1858 riam esse ens in potentia. Et, si consyderetur
724 1852 1239 1896 probatio Philosophi & processus eius, lo¬
721 1884 1237 1930 quitur de potentia passiua & receptiua ma¬
