1416 2066
140 173 647 203 oporteret ipsum fumere numerum motuum
144 202 656 242 ab Astrologo. sed ad quam vtilitatemi non
142 238 653 266 ad vtilitatem propriam. quid enim Naturalis
146 267 650 306 vult facere de numero, aut in quo sibi de¬
144 298 650 330 seruit talis numerus abstractorum: si igitur
147 329 660 362 hoc faceret Naturalis, hoc esset ad vtilitatem
146 359 651 394 Metaphysicae, quae sumit subiectum suum
146 397 653 426 esse a Naturali philosophia. Et quia scientia
141 427 652 458 debet cognoscere numerum sui subiecti, no¬
148 453 646 490 luit Arist. demonstrare numerum in Natu¬
146 491 647 523 rali philosophia, sed solum esse. quia esse ab¬
149 516 653 554 stractorum Naturalis per medium proprium
149 549 651 590 nullo indigens auxilio alicuius alterius ar¬
147 578 655 611 tificis potest demonstrare. Numerum autem
147 610 651 643 non potest efficaciter demonstrare per so¬
143 641 651 674 lum motum, sed indiget alio artifice. ideo
147 674 653 708 numerum voluit demrare in Metaphysica, in
154 705 649 739 luens habitum vtriusque. scientia enim specia
148 735 653 771 lis debet adiuuare specialem scientiam in
148 768 653 803 his, quae sunt sibi propria. sicut plerunque
150 802 647 835 Mathematicus adiuuat Naturalem in na¬
150 828 647 866 turalibus: vt est videre. 9. phy. com. 76. sed ver
147 862 649 898 le Mathematicum seruire naturali non pro¬
152 894 654 929 pter se, sed propter Diuinum, esset multo te
152 924 652 961 dio afficere ipsum. Et ideo, sicut mihi vide¬
150 956 655 988 tur, ista fuit causa, quod Arist. voluit istam de.
150 986 656 1021 terminationem de numero abstractorum
146 1020 648 1058 in scientia Diuina fieri. quia Diuinus indiget
158 1050 654 1082 cognitione sui subiecti & numeri eius: esse
153 1084 651 1114 autem subiecti a solo Naturali potuit acci
156 1116 659 1146 pere. non potuit autem numerum accipere
152 1145 654 1176 a solo Naturali aliquo manifesto medio:
154 1175 657 1210 ideo ipse Diuinus numerum in Metaphysi
152 1209 648 1242 ca a duobus artificibus probatum sumit
150 1238 645 1273 Dixi autem notabiliter manifesto medio
156 1276 658 1311 quia Commenta. bent vult Naturalem posse
152 1303 651 1332 ostendere multitudinem abstractorum, quia
148 1331 656 1366 in eis est natura intellectus possibilis. sed
155 1363 657 1394 medium istud non est sensatum, sed satis
151 1398 655 1426 obscurum, sicut vides. Et ideo primus ma¬
157 1429 655 1462 gister nihilynquam dixit sine forti ratione,
152 1458 649 1498 sicut dicit Commen. I. de generatione. 36.
154 1493 647 1531 com. Ne autem videamur dixisse ista gra¬
150 1525 646 1555 tis. volo confirmare istam sententiam au¬
158 1554 659 1586 thoritate Auer. I. coeli com. So. vbi dicit quod vni
157 1582 659 1618 tas mundi potest demonstrari ex duabus
162 1615 657 1650 scientiis scilicet Naturali & Diuna. & Aristo. in
154 1648 658 1682 illo tex. vult hoc declarare. Et ibi Com. dicit
151 1681 651 1717 quod Philosophus dicit illam rationem Diui¬
155 1717 659 1746 nam esse, ad probandum mundum vnum
159 1741 649 1778 esse, quia sumit quaedam, quae sunt princi¬
165 1770 657 1802 ia in Diuina scientia, & non sunt probata
162 1804 646 1836 in scientia Diuina, sed in scientia Natura¬
152 1836 651 1869 li: sicut quod omne, quod non est in materia,
152 1871 646 1905 est vnum: & quod motus circularis est sine prin¬
158 1899 658 1946 cipio & fine: & quod ab vno mouente non est
676 171 1190 203 nisi vnum motum, quae omnia prsobata sum
686 205 1191 235 in Philosophia Naturali, licet sint etiam
682 235 1191 266 scripta in Metaphysica, sicut patet. 12. meta¬
676 265 1186 298 a29. vsquad 49. Eccc igitur quido secundum Auer¬
685 295 1195 338 Arist. quandoque appellat aliquam consyde¬
685 329 1191 363 rationem diuinam. non quia a medio diui¬
685 359 1183 394 no procedat, sed quia in Dluina scientia per¬
686 392 1184 426 tractatur, & scribitur Et sic patet quod secundum Auer¬
682 422 1184 458 sententiam, tenentis substantias abstractas
680 458 1190 490 esse a Diuino non posse demonstrati, habe
680 486 1188 517 mus consequenter dicere quod nec eas esse in
683 524 1187 556 tali numero est demonstrabile ab ipso. Di¬
679 548 1187 587 cere autem illam esse conclusionem diui¬
681 588 1188 618 nam, & quod est medium diuinum ad eam,
688 612 1187 649 ignotum tamen nobis, est loqui sine rauo¬
684 641 1190 682 ne, quia, vt dicit Commen, in prooemio primi¬
684 673 1189 714 phy. Arist. inuenit istas tres scientias, & com¬
695 702 1181 737 leuit. Contradictionis autem sedatio ex dictis
680 739 1189 770 liquet: et mihi hoc non fuitdeclaratum nisi cum
678 771 1182 802 maximo labore, & ab aliis nihil inuenimus.
711 799 1184 835 Decimaquarta contradi. est in te. 33. Ari.
685 830 1187 866 ostendit motum localem priorem esse na¬
681 860 1183 898 tura tempore & perfectione respectu alio¬
684 894 1183 928 rum. Sed quod non sit natura prior, elicitur ex
681 924 1190 957 sententia eius. i. physi. tex. com. 24. vbi contra
687 959 1191 997 Melissum, ponentem vnum principium &
690 986 1182 1021 nfinitum, & propterea immobile, arguit
683 1020 1183 1050 Philosophus, quod licet non posset moueri mo¬
682 1050 1183 1082 tu locali, quid prohibet vt possit alterari.
690 1077 1185 1118 igitur alteratio potest esse sine motu loca¬
681 1111 1187 1151 li. Et confirmatur per Themistium ibidem,
683 1143 1181 1178 dicentem quod neque calefaciendis rebus, ne¬
687 1176 1186 1214 que frigefaciendis opus est loco. modo non
682 1212 1190 1247 est ista conditio prioris secundum naturam, vt po¬
685 1240 1191 1275 steriora possint esse sine eos vt patet. 3. met.
687 1276 1201 1307 ca. de priori. Nisi esset quod argumentum est:
682 1300 1190 1338 ad hominem. quia posito quod corpus aliquod
690 1331 1185 1363 esset infinitum occupans torum, & non pos¬
686 1365 1190 1398 set localiter moueri de vno loco ad alium
689 1396 1192 1426 locum, nihil vetaret illud posse alterari. qua
687 1426 1191 1458 non est necesse, vt quod alteratur transfera
685 1460 1191 1499 tur secundum locum, vt dicitur. I. de generatione
684 1490 1191 1522 & corruptione. tex. com. 2.3. quia aliquid in
687 1524 1190 1554 eodem loco existens alterari potest. & sic
678 1551 1186 1587 habet Philosophus intentum suum contra
684 1585 1186 1618 Antiquos. Nec hoc contradicit Arist. nam
682 1615 1191 1651 si non esset motus loralis corporis coelestis,
684 1653 1191 1682 nulla alteratio esset. ipse enim est tanquam vna
682 1677 1187 1714 omnium natura constantium. E. phy. tex. com. 1.
719 1709 1178 1750 Decimaquinta contradictio est super
684 1739 1201 1778 eodem tex. Aristote. habet quod raritas & t
680 1770 1179 1802 densitas principia sunt omnium passionum.
685 1802 1183 1834 nam graue & leue, molle & durum, calidum
684 1832 1185 1866 & frigidum raritates & densitates quaedam
683 1869 1183 1900 esse videntur. Huius tamen oppositum ha¬
679 1897 1180 1939 bet ia. 2. de generatione & corruptiono te¬
