1416 2066
185 180 688 226 rit, erit tpers. &, quia proportio esse ali¬
200 220 695 274 cuius ad rpeos est similis proportioni
203 261 685 307 esse eius ad locum, & est manifestum
202 301 685 354 qores non attribuitur loco, ita. quod erit,
196 341 690 387 cum fuerit locus, ideo necesse est, vt ita
205 379 677 430 attribuatur tempori. & ideo dixit post, ne
204 419 688 468 que intentio, &c. Et, cum dedit rationem ad
205 456 689 507 destruendum vt aliquid attribuatur lo¬
202 497 697 546 eo attributiodoe communiunctionis, incoepit
202 534 681 579 confirmare rationem suam inducendo
202 573 683 618 inopinabile sequens hanc positionem,
205 616 691 664 in loco scilicet dicere quod intentio eius, quid
202 660 684 707 est aliquid esse in loco, est quod, cum fue
204 693 680 747 rit locus, ent res & dixit: Qui, si in
202 732 678 784 tentio eius, quid est aliquid esse in loco¬
185 773 687 823 &c. i. quoniam si intentio eius, quid est ali¬
203 807 689 860 quid esse in loco est vt sit, quand locus fue
196 845 683 893 nttunc intentio eius non erit, nisi hoc,
202 886 689 935 quod locus rei sit omne, quod, cum fuerit, erit
203 924 689 970 res secundum communiunctionem, non secundum essen¬
205 966 691 1010 tiam. &, cum ita sit, & coniunctiones
198 1005 687 1058 sunt plures, tunc idem erit in pluiibus
207 1043 680 1095 insimus. & magis inopinabile est quod
202 1083 687 1133 si locus est illud, quid, cum fuerit, erit
205 1121 682 1170 res, &, quando milium fuerit, erit coelum,
203 1158 681 1200 tunc sequitur vt coelum sit in milio,
202 1197 680 1242 D.d. sed hoc est per accidens, i. sed ista
203 1237 675 1292 consecutio est per accidens, scilicet dicere
208 1275 679 1328 quod, cum fuerit milium, erit coelum. & si¬
204 1316 690 1369 militer dicere, quod, cum fuerit rpeos, erit
185 1356 682 1402 homo, &, cum fuerit homo, erit tem¬
196 1398 687 1444 pus. D.d. necessarium vero est, &c. i.
200 1429 682 1480 consecutio autem necessaria est, vt sem
204 1476 681 1525 per sequatur ex esse alicuius in tpe esse
205 1509 687 1564 tperis proprii illi rei, non esse tperis sim
201 1549 685 1597 pliciter: & similiter comnsecutio necessaria
196 1596 688 1632 motus ex esse alicuius, quid est in mo
194 1628 688 1679 tu, non est consecuno simpescier scilicet quod, cum ali¬
200 1668 685 1718 quid fuerit, erit motus simpecitur: sed
202 1704 688 1759 consecutio necessaria in hoc est, quod, cum
199 1744 691 1786 aliquid fuerit, erit motus proprius
192 1786 688 1826 ei. Et intendebat per hoc declarare
199 1821 681 1863 dturniam inter consecutionem essentia¬
194 1863 682 1906 lem, & accidentalem, dicere enim ali¬
720 181 1222 236 quid esse in tempore proprio sibi esti
718 221 1210 276 dicere, quod, cum fuerit, erit perper hoc illud
723 263 1207 315 tempus proprium ei. ista igitur est com
723 301 1209 346 consecutio necessaria. & non est dicituria
711 340 1207 394 inter dicere quod aliquid est in tempore,
715 388 1207 426 aut dicere quod, cum fuerit tempus, erit
713 420 1161 467 illud, quod est in illo tempore.
752 484 1195 545 Qam autem est, vt in numero
716 533 1203 583 esse in tempore, accipietur ali¬
721 573 1205 626 quod maius tempus omni eo, quid
716 621 1199 658 est in tempore. Quapropter ne¬
715 661 1206 711 cesse est omnia ea, quae in tem¬
717 700 1207 756 pore suut, contineri a tempore, si¬
723 743 1197 794 cut, & alia, quaecunque in aliquo
722 785 1198 843 sunt: vt ea, quae in loco sunt, a
712 827 1204 883 loco. Et pari itaque aliquid a tem
718 870 1200 922 pore, sicut & dicere conmsueuimus
715 908 1210 955 quod tabefacit tempus, & senescunt
716 956 1213 1000 omnia tempore, & obliuiscuntur,
715 997 1200 1050 propter tempus, sed non didicit,
714 1042 1203 1093 nec nouum factum est, nec pulchrum.
716 1093 1204 1131 corruptionis enim causa per se ma
716 1124 1206 1177 gis est tempus. numerus enim ipsius
719 1165 1206 1211 motus est: motus autem expessit
719 1211 1201 1264 id, quod inest. Quare manifestum
716 1256 1194 1311 est quod ea, quae semper sunt, qua
716 1299 1200 1338 tenus semper sunt, non sunt in ten
716 1348 1193 1390 pore. non enim continentur a tempore
711 1387 1200 1426 neque mensuratur esse ipsorum a tem
723 1422 1205 1481 pore. Signum autem huius est, quod ne¬
715 1466 1211 1514 que patiuntur quicquam a tempo¬
714 1517 1205 1562 re, tanque non existentia in tpere.
760 1564 1215 1626 Et, si res non inuenitur in tem
708 1613 1212 1674 pore, nisi secundum quod est in nu
718 1656 1206 1727 mero, possibile est inuenire tepus
710 1709 1210 1770 maius tempore cuiuslibet existen
718 1756 1210 1818 tis in tempore. Vnde necesse est vt
713 1805 1203 1866 omnia existentia in tempore con¬
711 1853 1213 1914 tineatur a tempore, sicut alia ex¬
