1416 2066
169 173 679 231 us est perfectio moti per se, i. secundum quod est
185 217 681 270 motum, non perfectio motoris. Et
182 259 676 299 induxit hanc differentiam ad hoc, quod
181 296 678 338 definiat motum per istam aliam defi¬
183 332 666 387 nitionem trrsquae est notior prima.
180 370 673 418 sed prima demonstrat magis substam
177 411 681 457 tiam motus. ista. enim definitio est ma¬
176 453 668 502 terialis, prima autem est secundum formam
198 492 679 539 Accidit autem hoc tactu motiui.
183 541 674 581 quare simul & patitur. formam autem
174 578 676 627 semper afferet aliquam id, quod
175 628 679 665 mouet, aut hanc, aut talem, aut
183 668 682 706 tantam, quae principium, atque cau
183 705 682 748 sa motus erit, cum moueatur vt
183 743 673 790 actu homo facit ex eo quod po¬
187 788 678 843 tentia existit homo, hominem.
219 827 681 874 Et hoc semper accidit per conta
180 877 673 939 ctum motoris. & forma semper in
178 924 675 987 ducit illud, quod mouet, aut ad hoc
174 972 672 1030 aut ad hanc dispositionem, aut ac
179 1020 683 1082 hanc quantitatem, & est illud, quod
182 1068 674 1130 est principium, & cam motus quan
180 1117 679 1179 do mouet. v. g. quoniam. homo, qui
181 1165 681 1226 est in perfectione, facit hominem
180 1220 625 1275 ex homine, qui est in potentia.
218 1269 678 1314 Dicit: & motus sit in moto per con
184 1317 669 1358 tactum motoris, & motor mouet per
169 1349 681 1386 suam formam, & forma semper indu
178 1385 674 1426 cit illud, quod mouet scilicet motum ad
174 1426 683 1468 illud, ad quod naturaliter inducit. si
186 1461 678 1516 igitur forma fuerit demonstrata sim
190 1503 676 1546 pliciter, i. in substantia, mouebit ad
186 1542 678 1586 substantiam demiratam, &, si fuerit
195 1586 675 1631 iualis, mouebit ad qualitatem demon¬
183 1616 677 1669 stratam, &, si fuerit quanta, mouebit
183 1661 672 1709 ad quantitatem demtratam, &, si ha¬
189 1701 679 1746 puerit naturam mouendi ad aliquem
180 1737 677 1779 locum, mouebit ad illum. D.d. &est
175 1776 674 1824 illud, quid est principium, i. & illud, quid
175 1816 679 1866 est in actu in motore, per quod mo¬
178 1852 676 1899 uet, est illud, per quod motor induxit
702 181 1211 231 illud, quod est in potentia in actum.
711 221 1210 272 v. g. quoniam homo, qui est in actu
708 258 1215 300 facit. v. g. de sanguine menstruoso,
708 302 1215 350 qui est homo in potentia, hominem,
702 336 1204 386 in actu. Et inducit hoc ad declaran
704 374 1207 418 dum quod motor non mouet, nisi secundum
715 421 1193 465 quod est in actu, & quod motum mouetur,
704 452 1200 498 secundum quod est in potentia: & ideo, si mo¬
712 492 1205 542 tor mouetur, est per accidens, non Se¬
710 533 1208 571 cundum quod est motor: ergo motus est
713 570 1177 617 perfectio moti secundum quod est motum.
740 637 1176 683 Motus an sit magis in mouente, an in
827 669 1086 718 mobili. Cap. 6.
739 725 1197 778 CTquod dubitatur etiam ma¬
742 769 1204 817 CAnifestum est, quod motus est in
709 805 1200 864 AAipso mobili. actus enim est hu
708 853 1201 898 ius, & ab ipso motiuo. motiui
708 897 1205 938 autem actus non alius est. oportet
712 941 1210 986 enim esse actum vtriusque. Motiuum
714 981 1207 1026 enim est eo, quod potest, Mouens ant
711 1020 1211 1066 eo, quod agit: se est actiuum ipsius mo
709 1065 1201 1107 bilis. quare similiter vnus est ambo¬
709 1105 1214 1155 rum actus. sicuti enim idem spatium
713 1149 1205 1203 est vnum ad duo, & duo ad vnum,
702 1200 1210 1234 & accliue, & decliue: haec enim
710 1237 1207 1283 vnum quidem sunt, ratio tamen non
712 1285 1201 1322 vna est: similiter quoque & in mo¬
706 1321 992 1370 uente, & in moto.
738 1357 1220 1430 Apparet igitur ex hoc illud, in
707 1421 1217 1475 quo accidit qo. & e, quonia motus
707 1457 1201 1518 est in moto, & est perfectio eius,
706 1507 1211 1564 quod est a motore. & actio moti
707 1553 1211 1614 nihil aliud est quam hoc debet enim
707 1605 1213 1666 ee perfectio utriusque Motor enim e mo
702 1652 1211 1718 tor eius, quod pot ad motu, & mo¬
709 1701 1217 1762 uet, secudum quod agit, & ita se habet
703 1748 1209 1813 ad motum, sicut agens. actio igitur,
717 1796 1210 1855 vtriusque est eadem, & eodem mo. quem
707 1845 1211 1906 admodum idem spatium in respectu
