1416 2066
168 181 682 237 aut dulce, aut earo, aut os: sed in
184 228 676 290 vnaquaque rerum illud, quod vincit
179 277 678 338 in ea, existimatur. quod natura
178 324 375 382 eius est illius.
217 372 687 425 Hoc, quod dicit,. Et etiam, si alterum
183 412 685 462 contrariorum, &c. est alia res, quae indu¬
179 453 685 501 xit eos dicere, quod entia erant insimul:
178 493 683 537 quoniam, quia opinabantur quod generatio
178 530 677 577 est ex contrarijs: & quod contraria sunt,
180 577 676 620 quae sunt principia, oportet vt non
180 608 685 650 sint oenerabilia, neque corruptibilia.
184 637 682 691 & idemo oportet apud eos contraria
179 691 679 736 esse insimul: & quaedam exeunt a qui¬
182 724 680 762 busdam. Et, cum induxit illud primum
168 762 681 802 indubitabile, quid mouit eos ad opi¬
189 800 670 843 nandum entia esse insimul, & quod ge
180 837 687 881 neratio est exitus, & resolutio, incoe
188 884 682 926 pit declarare illam ambiguitatem, &
182 916 685 962 quoquomodo excusat Anaxa. eos,
186 964 676 1007 qui dicunt esse impossibile, quod generatio
182 997 677 1034 est aliquid esse, quod non erat. & d.
188 1033 682 1083 Qam, cum omne generatum, &c. &
174 1070 677 1114 sermo eius in hoc manifestus est per se.
203 1111 675 1159 D.d. & prper paruitatem, &c. i. excu¬
180 1148 680 1185 sant se in hoc, quod sensus contradicit
180 1184 682 1238 huic opinioni, dicentes quod hoc, quod
188 1226 684 1271 apparet sensui scilicet quod generatio sit ex
180 1262 681 1306 non ente, est perper paruitatem partium,
183 1301 682 1354 non quod in rei veritate est generatio
168 1341 680 1379 ex non ente. D.d. & ideo dicunt, &c.
179 1378 673 1418 idest, & quia coacti sunt ad creden¬
179 1418 684 1467 dum, quod ens, quod generatur ex ente, &
182 1455 681 1498 quod hoc, quod apparet sensui, est
180 1495 677 1544 peccatum sensus ex paruitate partium,
176 1533 671 1578 ex quibus est generatio, dixerunt quod
186 1568 681 1610 omne est mixtum cum omni, licet non
181 1612 672 1651 appareat sensui: & quod necesse est omne
183 1645 678 1696 generari ex omni, non vt aliqua ter
185 1685 682 1735 minata generarentur ex aliquibus ge¬
185 1724 677 1770 neratis terminatis. D.d. & illa, quae
186 1765 669 1802 videntur esse diuersa, &c. i. & Anaxa
180 1800 681 1851 goras, qui est coactus ad credendum
187 1837 683 1898 omne generari ex omni, excusat se ex
708 181 1228 232 hoc, quod apparet sensu, scilicet quia resl
712 229 1209 274 videntur diuersae, dicendo & hoc, quod res
718 259 1210 313 videntur diuersae, est perper illud, quod
710 302 1204 351 dominatur in illa re mixta ex partibui
710 336 1216 378 infinitis. v. g. quoniam tunc existimatur
711 376 1215 430 hoc esse aqua, quando partes aquosae fue¬
716 414 1213 459 rint in eo plures qui aliae partes infini
714 460 1216 498 tae mixtae in eo: & tunc existimantur
718 500 1210 544 quod haec est caro, quando partes carnosae
709 532 1214 583 fuerint in eo plures aliis partibus in
710 572 1210 618 finitis commixtis in eo: non quia in car
712 608 1212 649 ne non sint nisi partes carnosae tamndum,
713 647 1211 698 sicut existimatur: neque in aqua nisi
719 684 1217 735 partes aquosae: sed in aqua, & aere, &
713 724 1213 774 in omni, quod distinguitur, non di¬
711 761 1217 815 stinguitur nisi perper illud, quod habet
710 801 1215 842 dominium in eo ex partibus consimi
709 838 1219 883 libus infinitis in numero, non in for¬
713 878 1221 931 ma. dicunt igitur, quod nihil est hic, quid
714 917 1214 963 totum sit album purum, aut nigrum pu
713 965 1211 1003 rum, aut dulce purum, aut caro pu¬
709 995 1214 1033 ra, aut os purum, sed vnaquaeque res exi¬
711 1036 1208 1074 stimatur esse de natura illius, quod
712 1069 1209 1120 magis est in ea: & quod illud est de na¬
715 1109 1217 1161 tura eius pura: & quod non est nisi illa
706 1149 1137 1202 natura pura: & hoc est falsum.
706 1229 1216 1266 Nationes afferuntur contraasserentes prin
775 1268 1143 1315 cipia esse infinita. Cap. 1.
780 1332 1206 1392 Iigitur infinitum, secundum quod in¬
783 1380 1204 1433 finitum, ignotum est, secundum mul
715 1360 748 1424 c
715 1420 1201 1475 Atitudinem quidem, aut magni¬
711 1461 1207 1514 tudinem infinitum ignotum quan¬
713 1505 1205 1559 tum quoddam est: secundum formam
710 1543 1210 1597 quoque infinitum ignotum quale
710 1596 1211 1635 quoddam est. principiis autem exi¬
707 1632 1212 1674 stentibus infinitis secundum multitu¬
713 1673 1217 1715 dinem, & secundum speciem, impossibile
707 1713 1211 1767 est ea, quae sunt ex his, cognosce¬
707 1752 1215 1802 re: sic enim cognoscere composi
714 1795 1211 1842 tum arbitramur, cum cognosci
708 1837 1146 1882 mus ex quibus, & quot sit.
