1416 2066
194 174 692 217 dicitur vnus numero modo secundo, in
204 216 695 255 duxit hoc vocabulum: & dixit: Et
203 254 693 290 forte dicitur vnus motus &c. i. cum
206 292 694 332 solummodo fuerit continuus scilicet quia,
205 336 693 377 cum continuatione non erit perfe¬
204 363 683 414 ctio. & haec est dispo motus recti.
250 404 696 451 Amplius autem aliter praeter di
205 444 705 497 ctos, dicitur motus vnus, regularis.
203 488 701 530 irregularis enim est quidem vt non vi
210 527 697 577 deatur vnus, sed magis regularis,
213 566 699 612 vtrectus. irregularis. enim diuisibilis
214 606 693 659 est. videtur autem differre, sicut magis,
213 653 701 690 & minus. Est autem in omni motu quid
209 687 694 731 regulariter est, aut non. etenim
203 727 701 770 alterabitur regulariteri, & feretur
208 773 697 810 super regulare, vt circulum, aut
203 809 699 850 rectam: & circa augmentatio¬
203 848 695 898 nem similiter, & diminutionem,
254 889 696 938 Et dicitur, vnus motus alio mo
203 933 690 994 do ab istis. dictis motus aequalis.
205 981 700 1042 quonia motus diuersus quasi non
204 1029 692 1074 existimatur esse vnus, sed motus ae¬
204 1068 693 1137 qualis est dignior hic vt linea recta.
203 1116 705 1181 quonique motus diuersus est diuisibi
211 1164 699 1230 as, videtur igitur quod diuersitas
203 1212 705 1274 iter duos motus est quasi additio, et
205 1260 695 1325 diminutio. Et i quolibet motu est
211 1308 698 1355 aequalitas & inaequalitas. quonia,
207 1351 705 1412 quadoque, alteratur res aequaliter, et
210 1399 695 1450 trasfertur ex aliquo aequaliter, v.
210 1444 700 1507 gr. per circulum, aut per lineam
206 1492 701 1554 rectam: & similiter & iaugme
212 1539 479 1594 to, et diminutione.
245 1597 705 1648 Cum declarauit, quod vnus motus
203 1636 697 1684 in numero est duobus modis, com¬
210 1673 699 1722 pletus, & non completus, & quod com¬
215 1710 693 1759 pletus est dignior vt sit vnus nume
211 1755 692 1794 ro vult declarare etiam quod de isto
203 1782 699 1833 est diguior vt sit vnus numero ille,
726 172 1235 226 qui est aequalis. & sic motus conti¬I
726 215 1219 265 nuus perfectus aequalis erit ille, qui dicitur
725 254 1219 302 dignius vnus numero. Et dixit: Et
730 293 1218 330 dicitur vnus motus alio modo, &c. i. &
731 330 1221 370 vnus motus in numero dicitur alio modo
730 365 1231 415 a duobus modis praedictis scilicet motus
729 402 1227 452 continuus completus aequalis, qui est
726 441 1219 490 dignior vt sit vnus. v. g. motus per lineam
728 476 1207 522 rectam, qui est dignior vt sit vnus, qua
730 515 1218 565 motus per lineam tortuosam. quoniam, que
730 551 1224 594 admodum linea tortuosa existimatur
734 589 1219 634 esse composita ex recta, & circulari,
729 629 1221 666 similiter motus per illam est diuersus, & mo¬
733 663 1217 710 tus diuersus existimatur esse plus quai
730 700 1217 753 vnus motus. sed motus aequalis est digni
732 741 1207 790 or vt sit vnus: & est ille, qui est per si¬
730 774 1223 827 neam rectam. D.dedit causam, prper quam
727 812 1226 851 motus diuersus non est vnus in rei
730 851 1224 902 veritate, & dixit: quoniam motus diuersus
731 890 1222 930 est diuisibilis. i. & causa in hoc, quod mo
728 927 1225 970 tus diuersus non est vnus simpecile, est,
731 965 1227 1010 quu a diuiditur in velocitatem, & tar¬
734 997 1228 1042 dita tem, & iste modus diuersitatis est si
729 1038 1219 1085 mils diuersitati, quae est secundum addi¬
726 1077 1221 1114 tionem, & diminutionem in rebus diuersis,
733 1112 1221 1164 secundum magis, & minus. Et intendit,. quoniam
730 1149 1218 1197 est diuersitas, quae non extrahit motu d
739 1196 1221 1236 vna spe in aliam, sed facit aliquam mul¬
733 1224 1223 1266 titudinem, & hoc intendebat, cum dixit:
736 1262 1224 1314 vidersal ivitur quod diuersitas, &c. i. quod ista di¬
731 1291 1217 1349 uersitas est de genere diuersitatis, quae ac¬
732 1335 1219 1379 cidit in rebus secundum additionem, & dimi¬
728 1374 1218 1418 nutionem. Et intendebat quod velocitas,
730 1413 1220 1451 & tarditas non diuidunt motum, secundum quod
732 1450 1218 1498 genus diuiditur in spes. & dixit: quafi
726 1485 1214 1533 additio & diminutio, quia velocitas
730 1524 1210 1562 & tarditas sunt de qualitate, & addi
728 1561 1216 1602 tio, & diminutio sunt de quantitate.
730 1597 1219 1648 D.d. a Et in quolibet motu est aequa
727 1632 1218 1674 litas, & inaequalitas. i. & in quolibet
730 1676 1214 1724 gnere motuum inuenitur aequalitas, & ina
732 1718 1210 1762 qualitas, quando in alteratione inuenitur in
730 1752 1223 1799 aequalitas. quoniam alteratio est in quibus
727 1786 1221 1827 dam pertibus eiusdem motus intensior, & ve
