<?xml version="1.0" encoding="UTF-8" standalone="yes"?>
<PcGts xmlns="http://schema.primaresearch.org/PAGE/gts/pagecontent/2013-07-15" xmlns:xsi="http://www.w3.org/2001/XMLSchema-instance" xsi:schemaLocation="http://schema.primaresearch.org/PAGE/gts/pagecontent/2013-07-15 http://schema.primaresearch.org/PAGE/gts/pagecontent/2013-07-15/pagecontent.xsd">
    <Metadata>
        <Creator>prov=University of Rostock/Institute of Mathematics/CITlab|PLANET AI GmbH/Gundram Leifert/gundram.leifert@planet-ai.de:name=cod-dsKs3a-m1(htr_id=29297)::::v=2.6.7
prov=University of Rostock/Institute of Mathematics/CITlab|PLANET AI GmbH/Tobias Gruening/tobias.gruening@planet-ai.de:name=de.uros.citlab.module.baseline2polygon.B2PSeamMultiOriented:v=2.6.7
prov=University of Rostock/Institute of Mathematics/CITlab|PLANET AI GmbH/Tobias Gruening/tobias.gruening@planet-ai.de:name=/net_tf/LA73_249_0mod360.pb:de.uros.citlab.segmentation.CITlab_LA_ML:v=2.6.6
Transkribus</Creator>
        <Created>2021-01-11T16:37:55.260-05:00</Created>
        <LastChange>2021-02-13T09:05:46.298+01:00</LastChange>
        <TranskribusMetadata docId="570401" pageId="23568844" pageNr="842" tsid="52611600" status="IN_PROGRESS" userId="25065" imgUrl="https://files.transkribus.eu/Get?id=QTCOGRGYUFYHGZTMGKDWTKWC&amp;fileType=view" xmlUrl="https://files.transkribus.eu/Get?id=LCPZBJULSEVKGYKRIANSIYLW" imageId="18093731"/>
    </Metadata>
    <Page imageFilename="Averroes_Physica_JuntSecunda_04-0842.jpg" imageWidth="1416" imageHeight="2066">
        <ReadingOrder>
            <OrderedGroup id="ro_1613222917128" caption="Regions reading order">
                <RegionRefIndexed index="0" regionRef="TextRegion_1613154876219_5610"/>
                <RegionRefIndexed index="1" regionRef="TextRegion_1613154872645_5606"/>
            </OrderedGroup>
        </ReadingOrder>
        <TextRegion orientation="0.0" id="TextRegion_1613154876219_5610" custom="readingOrder {index:0;}">
            <Coords points="173,141 688,141 688,1909 173,1909"/>
            <TextLine id="line_1613154876410_5613" custom="readingOrder {index:0;}">
                <Coords points="168,217 189,231 223,218 420,229 677,211 677,196 636,181 209,181 168,194"/>
                <Baseline points="173,210 191,210 218,210 244,211 271,211 298,211 324,211 351,211 378,211 405,211 431,211 458,211 485,211 511,211 538,211 565,211 591,211 618,212 645,212 672,212"/>
                <TextEquiv>
                    <Unicode>quod intendit hic, quemadmodum non in¬ </Unicode>
                </TextEquiv>
            </TextLine>
            <TextLine id="r3l5" custom="readingOrder {index:1;}">
                <Coords points="175,258 595,267 614,250 667,258 667,228 175,229"/>
                <Baseline points="180,251 205,251 230,251 256,251 281,251 306,251 332,251 357,251 382,251 408,251 433,251 459,251 484,251 509,251 535,251 560,251 585,251 611,251 636,251 662,250"/>
                <TextEquiv>
                    <Unicode>tendit declarare hic quod, cum corpus cir¬</Unicode>
                </TextEquiv>
            </TextLine>
            <TextLine id="r3l7" custom="readingOrder {index:2;}">
                <Coords points="178,298 670,297 670,269 643,260 178,269"/>
                <Baseline points="183,289 208,289 233,289 259,288 284,288 309,288 335,288 360,288 385,288 411,288 436,288 462,288 487,288 512,289 538,289 563,289 588,289 614,289 639,290 665,290"/>
                <TextEquiv>
                    <Unicode>culare mouetur, non mutat locum secundum</Unicode>
                </TextEquiv>
            </TextLine>
            <TextLine id="r3l9" custom="readingOrder {index:3;}">
                <Coords points="172,338 648,339 672,332 672,297 580,313 501,294 480,308 172,301"/>
                <Baseline points="177,326 202,326 228,326 254,326 280,326 305,326 331,326 357,326 383,327 409,327 434,327 460,327 486,327 512,327 538,327 563,327 589,327 615,328 641,328 667,328"/>
                <TextEquiv>
                    <Unicode>totum, neque est in eo punctus in actu, a</Unicode>
                </TextEquiv>
            </TextLine>
            <TextLine id="r3l11" custom="readingOrder {index:4;}">
                <Coords points="174,379 434,370 460,386 475,371 513,383 668,371 659,339 174,341"/>
                <Baseline points="179,364 204,365 229,365 255,365 280,366 306,366 331,366 357,366 382,366 408,365 433,365 459,365 484,365 510,365 535,365 561,365 586,365 612,365 637,365 663,366"/>
                <TextEquiv>
                    <Unicode>quo incoepit, &amp; ad quem peruenit, &amp;</Unicode>
                </TextEquiv>
            </TextLine>
            <TextLine id="r3l13" custom="readingOrder {index:5;}">
                <Coords points="182,408 487,419 611,406 668,418 668,380 628,373 520,384 493,373 458,388 416,372 182,382"/>
                <Baseline points="187,402 212,402 237,402 262,402 287,402 312,402 337,402 362,402 387,402 412,403 437,403 462,403 487,403 512,403 537,403 562,403 587,403 612,403 637,403 663,403"/>
                <TextEquiv>
                    <Unicode>vtitur loco eius illo, quid mouetur su per</Unicode>
                </TextEquiv>
            </TextLine>
            <TextLine id="r3l15" custom="readingOrder {index:6;}">
                <Coords points="171,446 665,450 665,421 643,412 440,429 379,411 300,423 171,413"/>
                <Baseline points="176,441 201,440 226,440 252,440 277,439 303,440 328,440 354,440 379,440 405,441 430,441 456,441 481,441 507,442 532,441 558,441 583,441 609,440 634,440 660,438"/>
                <TextEquiv>
                    <Unicode>spatium circulare, cum sit manife¬</Unicode>
                </TextEquiv>
            </TextLine>
            <TextLine id="r3l17" custom="readingOrder {index:7;}">
                <Coords points="177,490 669,482 669,459 615,447 565,461 472,446 411,464 353,447 256,463 177,446"/>
                <Baseline points="182,477 207,477 232,477 258,478 283,478 308,478 334,478 359,479 384,479 410,479 435,479 461,479 486,479 511,479 537,479 562,479 587,479 613,478 638,478 664,477"/>
                <TextEquiv>
                    <Unicode>stius in hoc loco. D.d. Oppositi ve¬</Unicode>
                </TextEquiv>
            </TextLine>
            <TextLine id="r3l19" custom="readingOrder {index:8;}">
                <Coords points="175,521 560,521 577,536 596,522 664,522 664,492 592,486 539,500 443,484 293,489 279,503 228,485 175,493"/>
                <Baseline points="180,516 205,516 230,515 255,515 280,515 306,515 331,515 356,516 381,516 406,516 432,516 457,517 482,517 507,517 532,517 558,517 583,517 608,516 633,516 659,515"/>
                <TextEquiv>
                    <Unicode>ro &amp;c. i. &amp; alia causa est estia scilicet quoniam mo</Unicode>
                </TextEquiv>
            </TextLine>
            <TextLine id="r3l20" custom="readingOrder {index:9;}">
                <Coords points="181,562 667,570 656,533 577,536 553,520 501,536 455,525 181,533"/>
                <Baseline points="186,553 211,553 236,553 261,554 286,554 311,554 336,554 361,554 386,555 411,555 436,555 461,555 486,555 511,556 536,556 561,556 586,556 611,555 636,555 662,555"/>
                <TextEquiv>
                    <Unicode>tus contraril non sunt nisi motus,</Unicode>
                </TextEquiv>
            </TextLine>
            <TextLine id="r3l23" custom="readingOrder {index:10;}">
                <Coords points="174,601 665,603 665,573 603,562 259,574 243,560 174,573"/>
                <Baseline points="179,591 204,591 229,591 254,592 280,592 305,592 330,592 356,592 381,592 406,591 432,591 457,591 482,591 508,591 533,591 558,591 584,591 609,591 634,592 660,592"/>
                <TextEquiv>
                    <Unicode>qui sunt in eadem longitudine secundum re</Unicode>
                </TextEquiv>
            </TextLine>
            <TextLine id="r3l24" custom="readingOrder {index:11;}">
                <Coords points="171,634 669,634 656,605 558,598 464,616 425,597 171,604"/>
                <Baseline points="176,628 201,628 227,628 253,628 278,629 304,629 330,629 355,629 381,630 407,630 432,630 458,630 484,630 509,630 535,630 561,629 586,629 612,628 638,627 664,626"/>
                <TextEquiv>
                    <Unicode>ssexionem. D.d. &amp; ideo non est remo¬</Unicode>
                </TextEquiv>
            </TextLine>
            <TextLine id="r3l26" custom="readingOrder {index:12;}">
                <Coords points="182,674 488,684 672,673 672,646 619,636 249,637 226,653 182,641"/>
                <Baseline points="187,666 212,666 237,666 262,666 288,666 313,666 338,666 363,666 389,666 414,666 439,666 464,666 490,667 515,667 540,667 565,667 591,667 616,667 641,668 667,668"/>
                <TextEquiv>
                    <Unicode>tum, &amp;c. i. motus autem super circulum</Unicode>
                </TextEquiv>
            </TextLine>
            <TextLine id="r3l28" custom="readingOrder {index:13;}">
                <Coords points="180,714 656,714 665,676 180,686"/>
                <Baseline points="185,703 210,703 235,704 260,704 285,704 310,704 335,704 360,704 385,704 410,704 435,704 460,704 485,704 510,703 535,703 560,703 585,703 610,703 635,704 660,704"/>
                <TextEquiv>
                    <Unicode>non est ressexus, &amp; ideo non est remotum</Unicode>
                </TextEquiv>
            </TextLine>
            <TextLine id="r3l30" custom="readingOrder {index:14;}">
                <Coords points="184,747 575,746 600,759 624,746 642,762 669,748 669,717 184,717"/>
                <Baseline points="189,740 214,741 239,741 264,741 289,741 314,742 339,742 364,742 389,742 414,742 439,742 464,741 489,741 514,741 539,741 564,741 589,741 614,741 639,741 664,741"/>
                <TextEquiv>
                    <Unicode>vt iste motus sit continuus, &amp; perpe</Unicode>
                </TextEquiv>
            </TextLine>
            <TextLine id="r3l33" custom="readingOrder {index:15;}">
                <Coords points="172,786 599,794 665,786 665,753 172,758"/>
                <Baseline points="177,779 202,779 227,779 253,779 278,779 304,779 329,779 354,779 380,779 405,779 431,779 456,779 482,779 507,779 532,779 558,779 583,779 609,780 634,780 660,780"/>
                <TextEquiv>
                    <Unicode>tuus. D.d. Et motus etiam in eadem, &amp;c. i.</Unicode>
                </TextEquiv>
            </TextLine>
            <TextLine id="r3l34" custom="readingOrder {index:16;}">
                <Coords points="178,826 661,826 669,788 549,799 178,789"/>
                <Baseline points="183,816 208,817 233,817 258,817 284,817 309,817 334,817 360,817 385,817 410,817 436,817 461,817 486,817 512,817 537,817 562,817 588,817 613,817 638,817 664,817"/>
                <TextEquiv>
                    <Unicode>&amp; illud, quid mouetur motu circulari</Unicode>
                </TextEquiv>
            </TextLine>
            <TextLine id="r3l36" custom="readingOrder {index:17;}">
                <Coords points="181,865 638,867 669,862 670,823 642,837 611,823 569,837 484,824 462,842 393,824 315,841 257,825 182,837"/>
                <Baseline points="186,854 211,853 236,853 261,853 286,853 311,853 336,854 362,854 387,854 412,854 437,854 462,854 487,854 513,855 538,855 563,855 588,855 613,855 638,854 664,854"/>
                <TextEquiv>
                    <Unicode>non erit in eodem loco, secundum reuersionem,</Unicode>
                </TextEquiv>
            </TextLine>
            <TextLine id="r3l38" custom="readingOrder {index:18;}">
                <Coords points="180,898 474,896 503,911 519,898 615,898 645,911 672,899 672,863 180,869"/>
                <Baseline points="185,893 210,892 235,892 261,891 286,891 311,891 337,891 362,891 387,891 413,892 438,892 464,892 489,892 514,892 540,892 565,892 590,892 616,892 641,892 667,891"/>
                <TextEquiv>
                    <Unicode>ad illud. motus autem, in quo illud, quid</Unicode>
                </TextEquiv>
            </TextLine>
            <TextLine id="r3l40" custom="readingOrder {index:19;}">
                <Coords points="180,936 301,947 449,932 538,948 671,938 671,901 180,908"/>
                <Baseline points="185,928 210,928 235,928 260,928 286,929 311,929 336,929 362,929 387,929 412,929 438,929 463,929 488,929 514,929 539,929 564,929 590,929 615,929 640,929 666,930"/>
                <TextEquiv>
                    <Unicode>mouetur, perueniet ad locum post aliud</Unicode>
                </TextEquiv>
            </TextLine>
            <TextLine id="r3l42" custom="readingOrder {index:20;}">
                <Coords points="181,978 661,976 661,945 214,949 181,938"/>
                <Baseline points="186,967 212,967 238,966 264,966 290,966 316,966 342,966 368,966 394,966 421,966 447,966 473,967 499,967 525,967 551,967 577,967 603,966 629,966 656,966"/>
                <TextEquiv>
                    <Unicode>sine reuersione ad locum, ex quo mo¬</Unicode>
                </TextEquiv>
            </TextLine>
            <TextLine id="r3l44" custom="readingOrder {index:21;}">
                <Coords points="182,1010 255,1010 272,1024 294,1009 649,1010 665,1009 665,980 182,981"/>
                <Baseline points="187,1003 213,1003 239,1004 265,1004 292,1004 318,1004 344,1005 370,1005 397,1005 423,1005 449,1005 476,1005 502,1005 528,1005 554,1005 581,1005 607,1005 633,1005 660,1005"/>
                <TextEquiv>
                    <Unicode>uebatur possibile est vt sit motus cotinuus,</Unicode>
                </TextEquiv>
            </TextLine>
            <TextLine id="r3l46" custom="readingOrder {index:22;}">
                <Coords points="184,1048 436,1048 451,1062 503,1048 588,1062 664,1050 664,1020 604,1012 437,1024 367,1013 278,1028 184,1012"/>
                <Baseline points="189,1043 215,1043 241,1043 267,1043 293,1042 319,1042 345,1042 371,1042 397,1042 424,1042 450,1043 476,1043 502,1043 528,1043 554,1043 580,1043 606,1043 632,1044 659,1044"/>
                <TextEquiv>
                    <Unicode>D.d. motus autem, in quo illud, quid mo</Unicode>
                </TextEquiv>
            </TextLine>
            <TextLine id="r3l48" custom="readingOrder {index:23;}">
                <Coords points="182,1088 661,1093 661,1061 608,1053 182,1061"/>
                <Baseline points="187,1079 213,1079 239,1079 265,1079 291,1079 317,1079 343,1079 369,1079 395,1080 421,1080 447,1080 473,1080 499,1080 525,1080 551,1081 577,1081 603,1081 629,1081 656,1081"/>
                <TextEquiv>
                    <Unicode>uetur, est in eodem loco multotiens</Unicode>
                </TextEquiv>
            </TextLine>
            <TextLine id="r3l51" custom="readingOrder {index:24;}">
                <Coords points="185,1129 662,1130 662,1101 561,1102 550,1090 535,1102 410,1101 383,1086 356,1100 321,1087 241,1102 185,1091"/>
                <Baseline points="190,1117 215,1117 241,1118 267,1118 293,1119 319,1119 345,1119 371,1119 397,1119 423,1120 449,1120 475,1120 501,1120 527,1120 553,1120 579,1119 605,1119 631,1119 657,1120"/>
                <TextEquiv>
                    <Unicode>impossibile est vt sit continuus. i. motus,</Unicode>
                </TextEquiv>
            </TextLine>
            <TextLine id="r3l53" custom="readingOrder {index:25;}">
                <Coords points="184,1164 666,1162 666,1131 602,1138 581,1125 543,1140 184,1128"/>
                <Baseline points="189,1156 215,1156 241,1156 267,1157 293,1157 320,1157 346,1157 372,1158 398,1158 425,1158 451,1158 477,1158 503,1158 529,1157 556,1157 582,1157 608,1157 634,1156 661,1156"/>
                <TextEquiv>
                    <Unicode>in quo illud, quid mouetur, erit in eo</Unicode>
                </TextEquiv>
            </TextLine>
            <TextLine id="r3l55" custom="readingOrder {index:26;}">
                <Coords points="179,1202 669,1210 669,1165 179,1169"/>
                <Baseline points="184,1193 209,1193 234,1194 259,1194 285,1194 310,1194 335,1194 360,1195 386,1195 411,1195 436,1195 461,1195 487,1195 512,1196 537,1196 562,1196 588,1196 613,1196 638,1195 664,1195"/>
                <TextEquiv>
                    <Unicode>dem loco fxressexionem, &amp; reuersionem,</Unicode>
                </TextEquiv>
            </TextLine>
            <TextLine id="r3l57" custom="readingOrder {index:27;}">
                <Coords points="184,1243 666,1242 666,1213 606,1205 184,1205"/>
                <Baseline points="189,1231 215,1231 241,1231 267,1232 293,1232 320,1232 346,1232 372,1233 398,1233 425,1233 451,1233 477,1233 503,1233 529,1233 556,1232 582,1232 608,1232 634,1232 661,1231"/>
                <TextEquiv>
                    <Unicode>impossibile est vt sit continuus. &amp; mo</Unicode>
                </TextEquiv>
            </TextLine>
            <TextLine id="r3l58" custom="readingOrder {index:28;}">
                <Coords points="180,1280 264,1274 287,1287 326,1272 422,1292 452,1277 662,1282 669,1253 181,1246"/>
                <Baseline points="186,1270 211,1269 236,1269 261,1269 286,1270 311,1270 336,1270 362,1270 387,1270 412,1271 437,1271 462,1271 487,1271 513,1271 538,1271 563,1271 588,1271 613,1271 638,1271 664,1270"/>
                <TextEquiv>
                    <Unicode>tus, in quo illud, quid mouetur erit in eo</Unicode>
                </TextEquiv>
            </TextLine>
            <TextLine id="r3l60" custom="readingOrder {index:29;}">
                <Coords points="182,1313 666,1316 666,1288 635,1277 424,1292 182,1279"/>
                <Baseline points="187,1307 213,1307 239,1307 266,1308 292,1308 318,1308 345,1309 371,1309 397,1309 424,1310 450,1310 476,1310 503,1310 529,1310 555,1310 582,1309 608,1309 634,1308 661,1308"/>
                <TextEquiv>
                    <Unicode>dem loco multotiens, non secundum reffe¬</Unicode>
                </TextEquiv>
            </TextLine>
            <TextLine id="r3l62" custom="readingOrder {index:30;}">
                <Coords points="182,1354 665,1354 665,1325 591,1317 182,1325"/>
                <Baseline points="187,1346 213,1346 239,1346 265,1346 292,1346 318,1346 344,1346 370,1346 397,1346 423,1346 449,1347 476,1347 502,1347 528,1347 554,1347 581,1348 607,1348 633,1348 660,1347"/>
                <TextEquiv>
                    <Unicode>tionem, possibile est vt sit continuus.</Unicode>
                </TextEquiv>
            </TextLine>
            <TextLine id="r3l64" custom="readingOrder {index:31;}">
                <Coords points="182,1402 258,1389 328,1402 567,1389 668,1402 668,1355 379,1367 224,1351 182,1365"/>
                <Baseline points="187,1383 212,1383 237,1383 262,1384 287,1384 312,1384 337,1384 362,1384 387,1384 412,1384 437,1384 462,1384 487,1384 512,1384 537,1384 562,1384 587,1384 612,1384 637,1384 663,1384"/>
                <TextEquiv>
                    <Unicode>quoniam illud, quod mouetur secundum ressexionem,</Unicode>
                </TextEquiv>
            </TextLine>
            <TextLine id="r3l67" custom="readingOrder {index:32;}">
                <Coords points="179,1434 459,1430 541,1443 569,1425 664,1429 664,1403 574,1403 559,1390 542,1405 468,1392 318,1405 296,1390 179,1405"/>
                <Baseline points="184,1424 209,1424 234,1423 259,1423 284,1423 309,1423 334,1423 359,1423 384,1423 409,1423 434,1423 459,1423 484,1424 509,1424 534,1424 559,1424 584,1424 609,1424 634,1423 659,1423"/>
                <TextEquiv>
                    <Unicode>necessario quescit, Et illud quod non mo</Unicode>
                </TextEquiv>
            </TextLine>
            <TextLine id="r3l69" custom="readingOrder {index:33;}">
                <Coords points="181,1470 635,1474 667,1466 666,1429 567,1429 541,1443 180,1437"/>
                <Baseline points="186,1462 211,1462 236,1461 261,1461 286,1461 311,1461 336,1461 361,1461 386,1461 411,1461 436,1461 461,1462 486,1462 511,1462 536,1462 561,1461 586,1461 611,1461 636,1460 662,1460"/>
                <TextEquiv>
                    <Unicode>uetur secundum ressexionem, non est neces¬</Unicode>
                </TextEquiv>
            </TextLine>
            <TextLine id="r3l71" custom="readingOrder {index:34;}">
                <Coords points="179,1505 320,1506 337,1520 375,1505 662,1506 662,1477 179,1473"/>
                <Baseline points="184,1500 210,1499 236,1499 262,1499 289,1499 315,1499 341,1499 367,1499 394,1499 420,1499 446,1499 473,1499 499,1499 525,1499 551,1499 578,1499 604,1499 630,1499 657,1498"/>
                <TextEquiv>
                    <Unicode>sarium vt quiescat. D.d. causam, propter</Unicode>
                </TextEquiv>
            </TextLine>
            <TextLine id="r3l73" custom="readingOrder {index:35;}">
                <Coords points="187,1554 483,1541 656,1554 656,1517 574,1506 559,1517 187,1518"/>
                <Baseline points="192,1538 217,1538 243,1538 268,1538 294,1538 319,1538 345,1538 370,1538 396,1538 421,1538 447,1537 472,1537 498,1537 523,1537 549,1537 574,1537 600,1537 625,1537 651,1537"/>
                <TextEquiv>
                    <Unicode>quam est impossibile vt illud, quid per</Unicode>
                </TextEquiv>
            </TextLine>
            <TextLine id="r3l75" custom="readingOrder {index:36;}">
                <Coords points="187,1586 659,1583 659,1556 594,1547 187,1556"/>
                <Baseline points="192,1575 217,1575 243,1575 269,1575 294,1575 320,1575 346,1576 371,1576 397,1576 423,1576 448,1576 474,1576 500,1576 525,1576 551,1575 577,1575 602,1575 628,1575 654,1574"/>
                <TextEquiv>
                    <Unicode>uenit in eundem locum secundum refsexio¬</Unicode>
                </TextEquiv>
            </TextLine>
            <TextLine id="r3l77" custom="readingOrder {index:37;}">
                <Coords points="178,1618 593,1617 635,1632 667,1619 667,1582 565,1588 544,1605 477,1587 178,1588"/>
                <Baseline points="183,1613 208,1613 233,1613 258,1613 283,1613 309,1614 334,1614 359,1614 384,1614 409,1614 435,1614 460,1614 485,1614 510,1614 535,1614 561,1614 586,1614 611,1614 636,1613 662,1613"/>
                <TextEquiv>
                    <Unicode>nem, moueatur continue, &amp; d. quoniam</Unicode>
                </TextEquiv>
            </TextLine>
            <TextLine id="r3l78" custom="readingOrder {index:38;}">
                <Coords points="182,1658 480,1670 497,1658 675,1658 675,1629 635,1636 620,1621 465,1633 385,1620 343,1640 322,1620 182,1629"/>
                <Baseline points="187,1651 212,1651 237,1651 263,1651 288,1652 314,1652 339,1652 364,1652 390,1652 415,1652 441,1652 466,1652 492,1652 517,1652 542,1653 568,1653 593,1653 619,1653 644,1653 670,1653"/>
                <TextEquiv>
                    <Unicode>necesse est, vt illud, quid mouetur hoc</Unicode>
                </TextEquiv>
            </TextLine>
            <TextLine id="r3l80" custom="readingOrder {index:39;}">
                <Coords points="182,1698 664,1698 664,1669 628,1661 182,1669"/>
                <Baseline points="187,1690 213,1690 239,1690 265,1690 291,1690 318,1690 344,1690 370,1690 396,1690 423,1690 449,1690 475,1691 501,1691 527,1691 554,1691 580,1691 606,1692 632,1692 659,1692"/>
                <TextEquiv>
                    <Unicode>motu, moueatur duobus motibus</Unicode>
                </TextEquiv>
            </TextLine>
            <TextLine id="r3l82" custom="readingOrder {index:40;}">
                <Coords points="180,1739 673,1738 673,1700 180,1708"/>
                <Baseline points="185,1727 210,1727 235,1727 261,1727 286,1727 312,1727 337,1728 362,1728 388,1728 413,1728 439,1729 464,1729 490,1729 515,1730 540,1730 566,1730 591,1730 617,1729 642,1729 668,1729"/>
                <TextEquiv>
                    <Unicode>oppositis insimul, vt declaratum est in</Unicode>
                </TextEquiv>
            </TextLine>
            <TextLine id="r3l84" custom="readingOrder {index:41;}">
                <Coords points="182,1783 269,1770 663,1777 663,1749 571,1737 182,1741"/>
                <Baseline points="187,1767 213,1767 239,1766 265,1766 291,1766 317,1766 344,1766 370,1766 396,1767 422,1767 448,1767 474,1767 501,1767 527,1767 553,1768 579,1768 605,1767 631,1767 658,1767"/>
                <TextEquiv>
                    <Unicode>praedicto sermone. D.d. Et ideo im¬</Unicode>
                </TextEquiv>
            </TextLine>
            <TextLine id="r3l86" custom="readingOrder {index:42;}">
                <Coords points="182,1824 212,1809 669,1819 669,1783 236,1772 182,1784"/>
                <Baseline points="187,1805 212,1805 237,1805 262,1805 287,1805 312,1805 337,1805 362,1805 387,1805 412,1805 438,1805 463,1805 488,1805 513,1806 538,1806 563,1806 588,1806 613,1806 638,1807 664,1807"/>
                <TextEquiv>
                    <Unicode>possibile est vt aliquid moueatur, &amp;c.</Unicode>
                </TextEquiv>
            </TextLine>
            <TextLine id="r3l88" custom="readingOrder {index:43;}">
                <Coords points="172,1850 670,1858 670,1821 639,1812 609,1827 552,1813 291,1826 204,1812 172,1824"/>
                <Baseline points="177,1845 202,1845 228,1845 254,1845 279,1845 305,1844 331,1844 356,1844 382,1844 408,1844 433,1843 459,1843 485,1843 510,1844 536,1844 562,1844 587,1845 613,1846 639,1847 665,1848"/>
                <TextEquiv>
                    <Unicode>i. &amp; hoc non accidit in ressexo, secundum</Unicode>
                </TextEquiv>
            </TextLine>
            <TextEquiv>
                <Unicode>quod intendit hic, quemadmodum non in¬ 
tendit declarare hic quod, cum corpus cir¬
culare mouetur, non mutat locum secundum
totum, neque est in eo punctus in actu, a
quo incoepit, &amp; ad quem peruenit, &amp;
vtitur loco eius illo, quid mouetur su per
spatium circulare, cum sit manife¬
stius in hoc loco. D.d. Oppositi ve¬
ro &amp;c. i. &amp; alia causa est estia scilicet quoniam mo
tus contraril non sunt nisi motus,
qui sunt in eadem longitudine secundum re
ssexionem. D.d. &amp; ideo non est remo¬
tum, &amp;c. i. motus autem super circulum
non est ressexus, &amp; ideo non est remotum
vt iste motus sit continuus, &amp; perpe
tuus. D.d. Et motus etiam in eadem, &amp;c. i.
&amp; illud, quid mouetur motu circulari
non erit in eodem loco, secundum reuersionem,
ad illud. motus autem, in quo illud, quid
mouetur, perueniet ad locum post aliud
sine reuersione ad locum, ex quo mo¬
uebatur possibile est vt sit motus cotinuus,
D.d. motus autem, in quo illud, quid mo
uetur, est in eodem loco multotiens
impossibile est vt sit continuus. i. motus,
in quo illud, quid mouetur, erit in eo
dem loco fxressexionem, &amp; reuersionem,
impossibile est vt sit continuus. &amp; mo
tus, in quo illud, quid mouetur erit in eo
dem loco multotiens, non secundum reffe¬
tionem, possibile est vt sit continuus.
quoniam illud, quod mouetur secundum ressexionem,
necessario quescit, Et illud quod non mo
uetur secundum ressexionem, non est neces¬
sarium vt quiescat. D.d. causam, propter
quam est impossibile vt illud, quid per
uenit in eundem locum secundum refsexio¬
nem, moueatur continue, &amp; d. quoniam
necesse est, vt illud, quid mouetur hoc
motu, moueatur duobus motibus
oppositis insimul, vt declaratum est in
praedicto sermone. D.d. Et ideo im¬
possibile est vt aliquid moueatur, &amp;c.
i. &amp; hoc non accidit in ressexo, secundum</Unicode>
            </TextEquiv>
        </TextRegion>
        <TextRegion orientation="0.0" id="TextRegion_1613154872645_5606" custom="readingOrder {index:1;}">
            <Coords points="688,141 1206,141 1206,1909 688,1909"/>
            <TextLine id="line_1613154866822_5604" custom="readingOrder {index:0;}">
                <Coords points="698,226 1211,217 1192,181 698,189"/>
                <Baseline points="703,210 729,210 755,210 781,210 807,211 834,211 860,211 886,211 912,211 938,211 965,211 991,211 1017,211 1043,211 1069,211 1096,211 1122,211 1148,211 1174,212 1200,212 1206,212"/>
                <TextEquiv>
                    <Unicode>quod est ressexum super lineam rectam, quoniam,</Unicode>
                </TextEquiv>
            </TextLine>
            <TextLine id="r3l4" custom="readingOrder {index:1;}">
                <Coords points="700,259 1085,266 1195,258 1195,223 700,224"/>
                <Baseline points="705,251 730,251 756,251 781,250 807,250 832,250 858,250 883,250 909,250 934,249 960,249 985,249 1011,249 1036,249 1062,249 1087,249 1113,249 1138,249 1164,249 1190,249"/>
                <TextEquiv>
                    <Unicode>hoc accidit etiam in refsexo super lineam</Unicode>
                </TextEquiv>
            </TextLine>
            <TextLine id="r3l6" custom="readingOrder {index:2;}">
                <Coords points="703,293 961,305 1195,292 1195,266 1134,257 1094,270 1064,257 951,268 936,254 901,270 703,265"/>
                <Baseline points="708,288 733,288 758,287 784,287 809,287 834,287 860,287 885,287 910,287 936,287 961,287 987,288 1012,288 1037,287 1063,287 1088,287 1113,286 1139,286 1164,285 1190,284"/>
                <TextEquiv>
                    <Unicode>circularem, aut sequitur semicircu¬</Unicode>
                </TextEquiv>
            </TextLine>
            <TextLine id="r3l8" custom="readingOrder {index:3;}">
                <Coords points="703,334 840,345 870,331 1193,329 1181,301 861,306 812,294 742,309 702,296"/>
                <Baseline points="708,326 733,326 758,326 783,326 809,326 834,326 859,326 884,326 910,326 935,326 960,326 985,326 1011,326 1036,326 1061,326 1086,325 1112,325 1137,324 1162,323 1188,323"/>
                <TextEquiv>
                    <Unicode>lum, aut super alium arcum, aut maio¬</Unicode>
                </TextEquiv>
            </TextLine>
            <TextLine id="r3l10" custom="readingOrder {index:4;}">
                <Coords points="696,370 1193,370 1193,345 1152,333 696,340"/>
                <Baseline points="701,365 726,365 752,365 777,365 803,365 829,364 854,364 880,364 906,364 931,364 957,364 982,364 1008,364 1034,364 1059,364 1085,364 1111,364 1136,363 1162,363 1188,363"/>
                <TextEquiv>
                    <Unicode>rem, aut minorem. D.d. necesse est enim</Unicode>
                </TextEquiv>
            </TextLine>
            <TextLine id="r3l12" custom="readingOrder {index:5;}">
                <Coords points="705,410 1179,410 1190,374 705,381"/>
                <Baseline points="710,403 735,402 760,402 785,402 810,401 835,401 860,401 885,401 910,402 935,402 960,402 985,402 1010,402 1035,402 1060,401 1085,401 1110,401 1135,400 1160,399 1185,399"/>
                <TextEquiv>
                    <Unicode>vt moueatur multotiens eisdem moti¬</Unicode>
                </TextEquiv>
            </TextLine>
            <TextLine id="r3l14" custom="readingOrder {index:6;}">
                <Coords points="707,450 1199,450 1199,406 1048,428 1017,408 971,422 941,408 925,422 707,417"/>
                <Baseline points="712,439 737,440 762,440 788,440 813,440 838,440 864,440 889,440 914,440 940,440 965,440 991,439 1016,439 1041,439 1067,439 1092,439 1117,440 1143,440 1168,440 1194,441"/>
                <TextEquiv>
                    <Unicode>pus. i. &amp; causa in hoc est, quoniam illud,</Unicode>
                </TextEquiv>
            </TextLine>
            <TextLine id="r3l16" custom="readingOrder {index:7;}">
                <Coords points="701,495 743,482 1196,481 1196,453 937,461 885,447 728,448 701,460"/>
                <Baseline points="706,479 731,479 757,478 782,478 808,478 833,478 859,478 884,478 910,478 935,478 961,478 986,478 1012,477 1037,477 1063,477 1088,477 1114,477 1139,476 1165,476 1191,475"/>
                <TextEquiv>
                    <Unicode>quod mouetur ressexe, non mouetur vno</Unicode>
                </TextEquiv>
            </TextLine>
            <TextLine id="r3l18" custom="readingOrder {index:8;}">
                <Coords points="694,523 1194,521 1193,492 693,493"/>
                <Baseline points="699,517 724,517 750,517 776,517 802,516 827,516 853,516 879,515 905,515 931,515 956,515 982,515 1008,514 1034,514 1060,514 1085,515 1111,515 1137,515 1163,515 1189,516"/>
                <TextEquiv>
                    <Unicode>motu, sed necesse est vt moueatur</Unicode>
                </TextEquiv>
            </TextLine>
            <TextLine id="r3l21" custom="readingOrder {index:9;}">
                <Coords points="699,563 1188,562 1188,533 1146,523 1107,537 931,524 699,533"/>
                <Baseline points="704,556 729,556 754,555 779,555 804,555 830,555 855,554 880,554 905,554 930,554 956,554 981,554 1006,554 1031,554 1056,553 1082,553 1107,553 1132,553 1157,553 1183,553"/>
                <TextEquiv>
                    <Unicode>multotiens motibus eisdem in spe¬</Unicode>
                </TextEquiv>
            </TextLine>
            <TextLine id="r3l22" custom="readingOrder {index:10;}">
                <Coords points="707,599 1193,600 1193,572 1143,563 707,565"/>
                <Baseline points="712,592 737,592 762,592 787,592 812,592 837,591 862,591 887,591 912,591 937,591 962,591 987,591 1012,591 1037,591 1062,591 1087,591 1112,591 1137,591 1162,591 1188,592"/>
                <TextEquiv>
                    <Unicode>cie, &amp; diuersis in numero pluribus.</Unicode>
                </TextEquiv>
            </TextLine>
            <TextLine id="r3l25" custom="readingOrder {index:11;}">
                <Coords points="706,642 1185,635 1193,600 1096,599 1078,612 907,597 706,603"/>
                <Baseline points="711,629 736,630 761,630 786,630 811,630 836,629 861,629 886,629 911,629 936,629 962,629 987,629 1012,629 1037,629 1062,629 1087,629 1112,629 1137,629 1162,629 1188,629"/>
                <TextEquiv>
                    <Unicode>D.d. &amp; vt transmutetur modis trans¬</Unicode>
                </TextEquiv>
            </TextLine>
            <TextLine id="r3l27" custom="readingOrder {index:12;}">
                <Coords points="699,673 1201,674 1201,641 699,645"/>
                <Baseline points="704,668 729,667 755,667 781,667 807,667 833,667 859,667 885,667 911,667 937,667 962,667 988,667 1014,667 1040,667 1066,667 1092,667 1118,666 1144,666 1170,666 1196,666"/>
                <TextEquiv>
                    <Unicode>mutationis contrarijs. i. &amp; necesse est</Unicode>
                </TextEquiv>
            </TextLine>
            <TextLine id="r3l29" custom="readingOrder {index:13;}">
                <Coords points="702,714 1197,710 1197,685 806,685 791,673 702,685"/>
                <Baseline points="707,704 732,704 758,704 783,704 809,704 834,704 860,704 885,704 911,703 936,703 962,703 987,703 1013,703 1038,703 1064,704 1089,704 1115,704 1140,704 1166,704 1192,705"/>
                <TextEquiv>
                    <Unicode>vt illud, quid mouetur ressexe, mouea</Unicode>
                </TextEquiv>
            </TextLine>
            <TextLine id="r3l31" custom="readingOrder {index:14;}">
                <Coords points="696,753 1157,754 1191,746 1191,710 1071,727 696,716"/>
                <Baseline points="701,742 726,742 752,742 777,742 803,742 828,742 854,742 879,741 905,741 930,741 956,741 981,741 1007,741 1032,741 1058,742 1083,742 1109,742 1134,742 1160,743 1186,743"/>
                <TextEquiv>
                    <Unicode>tur modis motuum contrarijs, &amp; tram s¬</Unicode>
                </TextEquiv>
            </TextLine>
            <TextLine id="r3l32" custom="readingOrder {index:15;}">
                <Coords points="699,787 1192,794 1193,758 699,757"/>
                <Baseline points="704,779 729,779 754,779 780,779 805,779 831,779 856,779 882,779 907,779 933,779 958,779 984,779 1009,779 1035,779 1060,779 1086,780 1111,780 1137,780 1162,781 1188,781"/>
                <TextEquiv>
                    <Unicode>mutationes contrariae impossibile est,</Unicode>
                </TextEquiv>
            </TextLine>
            <TextLine id="r3l35" custom="readingOrder {index:16;}">
                <Coords points="703,826 820,835 927,822 982,837 1001,824 1191,818 1173,789 703,797"/>
                <Baseline points="708,818 733,817 758,817 783,817 808,817 833,817 858,817 884,817 909,817 934,817 959,817 984,817 1009,818 1035,818 1060,818 1085,818 1110,817 1135,817 1160,817 1186,816"/>
                <TextEquiv>
                    <Unicode>vt sint eaedem. D.d. quoniam finis non com¬</Unicode>
                </TextEquiv>
            </TextLine>
            <TextLine id="r3l37" custom="readingOrder {index:17;}">
                <Coords points="699,861 751,873 783,860 1198,867 1198,838 1143,829 1001,840 699,826"/>
                <Baseline points="704,856 729,855 755,855 781,855 806,855 832,855 858,855 884,855 909,855 935,855 961,855 987,855 1012,855 1038,855 1064,855 1090,855 1115,855 1141,855 1167,855 1193,855"/>
                <TextEquiv>
                    <Unicode>iungitur cum principio, &amp;c. i. &amp; cau</Unicode>
                </TextEquiv>
            </TextLine>
            <TextLine id="r3l39" custom="readingOrder {index:18;}">
                <Coords points="703,899 901,910 922,897 941,911 964,897 1061,898 1078,911 1091,898 1193,895 1193,869 1177,862 1059,873 1011,861 996,874 916,862 898,874 775,861 746,876 703,863"/>
                <Baseline points="708,894 733,894 758,893 783,893 809,893 834,893 859,893 884,892 910,892 935,892 960,893 985,893 1011,893 1036,892 1061,892 1086,892 1112,892 1137,892 1162,891 1188,890"/>
                <TextEquiv>
                    <Unicode>sa in hoc est, quoniam punctus qui est fi¬</Unicode>
                </TextEquiv>
            </TextLine>
            <TextLine id="r3l41" custom="readingOrder {index:19;}">
                <Coords points="700,938 940,947 1008,935 1038,948 1071,934 1105,947 1191,938 1191,909 700,910"/>
                <Baseline points="705,928 730,929 755,929 780,929 806,929 831,930 856,930 882,930 907,930 932,930 958,930 983,930 1008,929 1034,929 1059,929 1084,930 1110,930 1135,930 1160,930 1186,930"/>
                <TextEquiv>
                    <Unicode>nis, &amp; punctus, qui est principium in</Unicode>
                </TextEquiv>
            </TextLine>
            <TextLine id="r3l43" custom="readingOrder {index:20;}">
                <Coords points="704,978 1181,978 1188,942 998,938 978,956 928,937 704,948"/>
                <Baseline points="709,967 735,967 761,967 788,967 814,967 840,967 867,967 893,967 919,967 946,967 972,967 998,967 1025,967 1051,967 1077,967 1104,967 1130,967 1156,967 1183,967"/>
                <TextEquiv>
                    <Unicode>motu non circulari, sunt duo ratio</Unicode>
                </TextEquiv>
            </TextLine>
            <TextLine id="r3l45" custom="readingOrder {index:21;}">
                <Coords points="701,1009 1086,1009 1129,1025 1196,1011 1196,977 927,978 907,993 872,977 701,981"/>
                <Baseline points="706,1006 731,1006 757,1005 782,1005 808,1005 833,1005 859,1005 884,1005 910,1005 935,1005 961,1005 986,1005 1012,1005 1037,1005 1063,1005 1088,1005 1114,1005 1139,1005 1165,1005 1191,1004"/>
                <TextEquiv>
                    <Unicode>ne, &amp; subiecto, &amp; non coniunguntur,</Unicode>
                </TextEquiv>
            </TextLine>
            <TextLine id="r3l47" custom="readingOrder {index:22;}">
                <Coords points="694,1051 1191,1058 1191,1028 1151,1013 1130,1027 1096,1013 694,1021"/>
                <Baseline points="699,1044 724,1043 750,1043 775,1043 801,1042 827,1042 852,1042 878,1042 904,1042 929,1042 955,1042 980,1042 1006,1043 1032,1043 1057,1043 1083,1043 1109,1043 1134,1043 1160,1043 1186,1043"/>
                <TextEquiv>
                    <Unicode>adinuicem, scilicet ita quod sit idem in subiecto,</Unicode>
                </TextEquiv>
            </TextLine>
            <TextLine id="r3l49" custom="readingOrder {index:23;}">
                <Coords points="700,1098 908,1084 1087,1098 1186,1087 1186,1060 700,1061"/>
                <Baseline points="705,1081 730,1081 755,1081 780,1081 805,1081 830,1080 855,1080 880,1080 905,1080 930,1080 955,1080 980,1079 1005,1079 1030,1079 1055,1079 1080,1079 1105,1079 1130,1079 1155,1080 1181,1080"/>
                <TextEquiv>
                    <Unicode>principium, scilicet vnius motus, &amp; finis</Unicode>
                </TextEquiv>
            </TextLine>
            <TextLine id="r3l50" custom="readingOrder {index:24;}">
                <Coords points="699,1130 1194,1130 1194,1092 880,1101 862,1088 811,1103 719,1088 699,1101"/>
                <Baseline points="704,1120 729,1119 755,1119 780,1119 806,1118 831,1118 857,1118 882,1118 908,1118 933,1118 959,1118 984,1118 1010,1118 1035,1118 1061,1119 1086,1119 1112,1119 1137,1119 1163,1119 1189,1119"/>
                <TextEquiv>
                    <Unicode>alterius. &amp; hoc intendebat, cum d.</Unicode>
                </TextEquiv>
            </TextLine>
            <TextLine id="r3l52" custom="readingOrder {index:25;}">
                <Coords points="699,1174 904,1161 977,1163 1005,1179 1023,1161 1121,1168 1189,1155 1189,1140 1153,1126 699,1133"/>
                <Baseline points="704,1157 729,1157 754,1156 779,1156 805,1156 830,1156 855,1156 880,1156 906,1156 931,1156 956,1156 981,1156 1007,1156 1032,1156 1057,1155 1082,1155 1108,1155 1133,1155 1158,1154 1184,1154"/>
                <TextEquiv>
                    <Unicode>quoniam finis non coniungitur cum prin¬</Unicode>
                </TextEquiv>
            </TextLine>
            <TextLine id="r3l54" custom="readingOrder {index:26;}">
                <Coords points="703,1201 727,1214 750,1202 1135,1201 1154,1215 1184,1202 1184,1172 1128,1162 1002,1182 703,1173"/>
                <Baseline points="708,1196 734,1196 760,1195 786,1195 812,1194 838,1194 865,1194 891,1194 917,1194 943,1194 969,1194 995,1193 1022,1194 1048,1194 1074,1194 1100,1194 1126,1194 1152,1194 1179,1194"/>
                <TextEquiv>
                    <Unicode>cipio: motus autem, qui est super</Unicode>
                </TextEquiv>
            </TextLine>
            <TextLine id="r3l56" custom="readingOrder {index:27;}">
                <Coords points="704,1243 1118,1247 1182,1241 1182,1212 1016,1200 964,1214 886,1203 704,1213"/>
                <Baseline points="709,1232 735,1232 761,1232 787,1232 813,1232 839,1232 865,1232 891,1232 917,1232 943,1232 969,1232 995,1232 1021,1232 1047,1232 1073,1232 1099,1231 1125,1231 1151,1230 1177,1229"/>
                <TextEquiv>
                    <Unicode>circulum, punctus, qui est in eo prin¬</Unicode>
                </TextEquiv>
            </TextLine>
            <TextLine id="r3l59" custom="readingOrder {index:28;}">
                <Coords points="694,1282 1186,1282 1186,1244 694,1251"/>
                <Baseline points="699,1271 724,1271 749,1271 775,1271 800,1271 825,1271 851,1270 876,1270 901,1270 927,1270 952,1270 978,1270 1003,1270 1028,1270 1054,1270 1079,1270 1104,1270 1130,1270 1155,1271 1181,1271"/>
                <TextEquiv>
                    <Unicode>cipium, idem est cum fine, scilicet</Unicode>
                </TextEquiv>
            </TextLine>
            <TextLine id="r3l61" custom="readingOrder {index:29;}">
                <Coords points="703,1329 727,1314 1178,1314 1178,1284 702,1285"/>
                <Baseline points="707,1309 732,1309 758,1309 784,1309 810,1309 836,1309 862,1309 888,1308 914,1308 940,1308 965,1308 991,1308 1017,1307 1043,1307 1069,1307 1095,1307 1121,1307 1147,1308 1173,1308"/>
                <TextEquiv>
                    <Unicode>quoniam sunt vnum subiecto, &amp; duo</Unicode>
                </TextEquiv>
            </TextLine>
            <TextLine id="r3l63" custom="readingOrder {index:30;}">
                <Coords points="699,1354 819,1349 915,1366 940,1354 1171,1354 1171,1332 1104,1317 699,1327"/>
                <Baseline points="704,1346 729,1346 755,1347 781,1347 806,1347 832,1347 858,1347 883,1347 909,1347 935,1346 960,1346 986,1346 1012,1346 1037,1346 1063,1346 1089,1345 1114,1345 1140,1345 1166,1345"/>
                <TextEquiv>
                    <Unicode>ratione, finis igitur in eo est con¬</Unicode>
                </TextEquiv>
            </TextLine>
            <TextLine id="r3l65" custom="readingOrder {index:31;}">
                <Coords points="699,1395 1183,1393 1168,1357 1084,1368 1052,1356 699,1358"/>
                <Baseline points="704,1383 730,1383 756,1384 783,1384 809,1384 835,1384 862,1383 888,1383 914,1383 941,1383 967,1383 993,1383 1020,1383 1046,1383 1072,1383 1099,1383 1125,1383 1151,1384 1178,1385"/>
                <TextEquiv>
                    <Unicode>iunctus cum principio: in circulo</Unicode>
                </TextEquiv>
            </TextLine>
            <TextLine id="r3l66" custom="readingOrder {index:32;}">
                <Coords points="695,1434 1177,1434 1177,1388 1052,1407 1001,1392 946,1405 918,1390 885,1405 845,1391 784,1410 695,1405"/>
                <Baseline points="700,1423 726,1423 752,1422 778,1422 804,1422 831,1422 857,1422 883,1422 909,1422 936,1421 962,1421 988,1421 1014,1422 1040,1422 1067,1422 1093,1422 1119,1422 1145,1422 1172,1423"/>
                <TextEquiv>
                    <Unicode>enim nullus est punctus naturali¬</Unicode>
                </TextEquiv>
            </TextLine>
            <TextLine id="r3l68" custom="readingOrder {index:33;}">
                <Coords points="699,1467 1135,1474 1187,1466 1187,1429 888,1445 854,1429 699,1437"/>
                <Baseline points="704,1459 729,1460 754,1460 779,1460 804,1460 829,1460 854,1460 880,1460 905,1460 930,1460 955,1460 980,1460 1005,1460 1031,1460 1056,1460 1081,1460 1106,1460 1131,1460 1156,1461 1182,1461"/>
                <TextEquiv>
                    <Unicode>ter, idest actu, qui sit principium, aut</Unicode>
                </TextEquiv>
            </TextLine>
            <TextLine id="r3l70" custom="readingOrder {index:34;}">
                <Coords points="699,1506 1032,1506 1047,1519 1070,1506 1187,1506 1187,1475 1167,1468 825,1484 808,1469 763,1481 699,1469"/>
                <Baseline points="704,1498 729,1498 754,1498 779,1498 804,1498 829,1498 854,1498 880,1498 905,1498 930,1498 955,1498 980,1497 1005,1497 1031,1497 1056,1497 1081,1497 1106,1497 1131,1497 1156,1498 1182,1498"/>
                <TextEquiv>
                    <Unicode>finis: &amp;, cum fuerit imaginatus in </Unicode>
                </TextEquiv>
            </TextLine>
            <TextLine id="r3l72" custom="readingOrder {index:35;}">
                <Coords points="699,1547 1179,1546 1179,1504 1108,1522 1031,1508 809,1525 776,1507 699,1517"/>
                <Baseline points="704,1538 730,1537 756,1536 782,1535 808,1535 834,1534 860,1534 886,1534 912,1534 939,1535 965,1535 991,1535 1017,1535 1043,1535 1069,1535 1095,1535 1121,1535 1147,1534 1174,1533"/>
                <TextEquiv>
                    <Unicode>circulo, tunc erit principium, &amp; fi¬</Unicode>
                </TextEquiv>
            </TextLine>
            <TextLine id="r3l74" custom="readingOrder {index:36;}">
                <Coords points="692,1579 1187,1586 1187,1549 1150,1541 1017,1558 692,1556"/>
                <Baseline points="697,1574 722,1574 748,1574 773,1574 799,1574 824,1574 850,1573 875,1573 901,1573 926,1573 952,1573 977,1573 1003,1573 1028,1573 1054,1573 1079,1573 1105,1573 1130,1574 1156,1574 1182,1575"/>
                <TextEquiv>
                    <Unicode>nis. extremitates vero lineae rectae</Unicode>
                </TextEquiv>
            </TextLine>
            <TextLine id="r3l76" custom="readingOrder {index:37;}">
                <Coords points="698,1619 818,1618 839,1633 854,1618 1054,1618 1054,1598 998,1581 943,1595 904,1582 829,1591 698,1582"/>
                <Baseline points="703,1612 729,1612 756,1612 782,1612 809,1612 836,1611 862,1611 889,1611 915,1611 942,1611 969,1611 995,1611 1022,1611 1049,1612"/>
                <TextEquiv>
                    <Unicode>sunt duo puncta in actu.</Unicode>
                </TextEquiv>
            </TextLine>
            <TextLine id="r3l79" custom="readingOrder {index:38;}">
                <Coords points="741,1667 1175,1666 1175,1629 1132,1620 951,1621 932,1632 857,1621 838,1634 819,1621 741,1621"/>
                <Baseline points="746,1653 772,1653 799,1653 825,1653 852,1653 878,1653 905,1653 931,1653 958,1653 984,1653 1011,1654 1037,1654 1064,1654 1090,1654 1117,1654 1143,1653 1170,1653"/>
                <TextEquiv>
                    <Unicode>Manifestum autem est &amp; ex hac</Unicode>
                </TextEquiv>
            </TextLine>
            <TextLine id="r3l81" custom="readingOrder {index:39;}">
                <Coords points="701,1706 1181,1706 1180,1668 1063,1677 927,1661 861,1676 700,1661"/>
                <Baseline points="706,1695 732,1696 758,1696 784,1695 810,1695 836,1695 862,1695 888,1695 914,1694 941,1694 967,1694 993,1694 1019,1694 1045,1694 1071,1694 1097,1694 1123,1694 1149,1695 1176,1695"/>
                <TextEquiv>
                    <Unicode>diuisioe quod non alios contingit mo</Unicode>
                </TextEquiv>
            </TextLine>
            <TextLine id="r3l83" custom="readingOrder {index:40;}">
                <Coords points="695,1746 1179,1746 1179,1708 1066,1717 1048,1704 1005,1718 979,1706 963,1720 873,1706 814,1717 791,1701 695,1717"/>
                <Baseline points="700,1736 726,1736 752,1735 779,1735 805,1735 831,1735 858,1735 884,1735 910,1736 937,1736 963,1736 989,1736 1016,1736 1042,1736 1068,1735 1095,1735 1121,1735 1147,1735 1174,1735"/>
                <TextEquiv>
                    <Unicode>tus esse continuos. in omnibus enim ac</Unicode>
                </TextEquiv>
            </TextLine>
            <TextLine id="r3l85" custom="readingOrder {index:41;}">
                <Coords points="701,1786 1078,1794 1126,1779 1177,1786 1177,1749 923,1757 884,1743 826,1759 784,1741 701,1755"/>
                <Baseline points="706,1777 731,1777 757,1777 783,1777 809,1777 835,1777 861,1777 887,1777 913,1777 939,1777 964,1777 990,1776 1016,1776 1042,1776 1068,1776 1094,1776 1120,1775 1146,1775 1172,1774"/>
                <TextEquiv>
                    <Unicode>cidit secundum eadem moueri saepe. vt i</Unicode>
                </TextEquiv>
            </TextLine>
            <TextLine id="r3l87" custom="readingOrder {index:42;}">
                <Coords points="694,1826 1172,1825 1172,1797 1075,1801 1055,1789 1012,1787 990,1802 952,1787 694,1797"/>
                <Baseline points="699,1817 725,1818 751,1818 777,1818 803,1819 829,1819 855,1819 881,1819 907,1819 933,1819 959,1818 985,1818 1011,1818 1037,1818 1063,1818 1089,1818 1115,1818 1141,1818 1167,1818"/>
                <TextEquiv>
                    <Unicode>alteratione per media, &amp; in eo, qu</Unicode>
                </TextEquiv>
            </TextLine>
            <TextLine id="r3l89" custom="readingOrder {index:43;}">
                <Coords points="694,1866 900,1865 921,1882 994,1862 1171,1868 1171,1836 1080,1829 694,1837"/>
                <Baseline points="699,1859 724,1860 750,1860 776,1860 802,1861 828,1861 854,1861 880,1861 906,1860 932,1860 958,1860 984,1860 1010,1860 1036,1860 1062,1859 1088,1859 1114,1859 1140,1859 1166,1860"/>
                <TextEquiv>
                    <Unicode>est quantitatis, per medias ma</Unicode>
                </TextEquiv>
            </TextLine>
            <TextEquiv>
                <Unicode>quod est ressexum super lineam rectam, quoniam,
hoc accidit etiam in refsexo super lineam
circularem, aut sequitur semicircu¬
lum, aut super alium arcum, aut maio¬
rem, aut minorem. D.d. necesse est enim
vt moueatur multotiens eisdem moti¬
pus. i. &amp; causa in hoc est, quoniam illud,
quod mouetur ressexe, non mouetur vno
motu, sed necesse est vt moueatur
multotiens motibus eisdem in spe¬
cie, &amp; diuersis in numero pluribus.
D.d. &amp; vt transmutetur modis trans¬
mutationis contrarijs. i. &amp; necesse est
vt illud, quid mouetur ressexe, mouea
tur modis motuum contrarijs, &amp; tram s¬
mutationes contrariae impossibile est,
vt sint eaedem. D.d. quoniam finis non com¬
iungitur cum principio, &amp;c. i. &amp; cau
sa in hoc est, quoniam punctus qui est fi¬
nis, &amp; punctus, qui est principium in
motu non circulari, sunt duo ratio
ne, &amp; subiecto, &amp; non coniunguntur,
adinuicem, scilicet ita quod sit idem in subiecto,
principium, scilicet vnius motus, &amp; finis
alterius. &amp; hoc intendebat, cum d.
quoniam finis non coniungitur cum prin¬
cipio: motus autem, qui est super
circulum, punctus, qui est in eo prin¬
cipium, idem est cum fine, scilicet
quoniam sunt vnum subiecto, &amp; duo
ratione, finis igitur in eo est con¬
iunctus cum principio: in circulo
enim nullus est punctus naturali¬
ter, idest actu, qui sit principium, aut
finis: &amp;, cum fuerit imaginatus in 
circulo, tunc erit principium, &amp; fi¬
nis. extremitates vero lineae rectae
sunt duo puncta in actu.
Manifestum autem est &amp; ex hac
diuisioe quod non alios contingit mo
tus esse continuos. in omnibus enim ac
cidit secundum eadem moueri saepe. vt i
alteratione per media, &amp; in eo, qu
est quantitatis, per medias ma</Unicode>
            </TextEquiv>
        </TextRegion>
    </Page>
</PcGts>
