1416 2066
183 181 676 243 tempus praeteritum cum futuro,
197 234 691 290 et extremum temporis: quia est
196 281 670 338 principium cuiusdam partis, &
201 324 687 387 finis cuiusdam. Sed hoc non est ma¬
199 372 685 435 nifestum, sicut est in puncto, quan
202 420 681 482 do ficitur: & ipsum instans est
197 468 685 534 punctus ex potentia. & secundum
196 517 684 578 quod instans est tale, semper est
195 565 683 626 aliud ab alio: & secundum quod li¬
197 619 678 683 gat, semper est idem. Et queadmo
195 668 675 730 dum igitur in lineis mathemati¬
202 717 691 763 cis, punctus acceptus in eis in ima
183 764 680 826 ginatione non semper est idem:
197 811 683 875 quonia, cum diuiserimus linea per
195 861 677 906 illum erit diuersa: secundum vero
199 908 680 971 quod est vnum est necessario idem.
195 956 676 1019 Et similiter etiam instans est quo
190 1005 678 1066 damodo diuisio temporis in poten¬
195 1053 675 1106 tia, & quodamodo extremu, &
195 1100 678 1158 adunatio duoru temporum. & aduna
198 1149 680 1195 tio, et diuisio sunt idem in eodem:
197 1196 679 1258 essentia vero eorum non est eadem.
230 1269 686 1314 Cum narrauit prius quod instans in
198 1316 687 1354 tpere est tanque punctus, & quomodo est vnus
207 1349 677 1398 punctus, & quomodo est vnus, & multus,
199 1389 678 1437 reuertitur etiam hic, & complet intentio
200 1428 679 1479 nem in eo, quia intendit inducere mo
196 1465 683 1506 dum, quo assimilatur puncto, & quo
194 1501 677 1545 differt. Et dixit: Instans vero est co
198 1544 680 1596 pulatio temporis. &c. id est, & istans
194 1582 677 1634 est cam in hoc, quod tempus praeteritum
194 1620 677 1672 est copulatum cum futuro, non di¬
198 1660 678 1701 uisum ab eo. & est eadem causa in
190 1701 680 1753 hoc, quod praeteritum diuiditur a futu
194 1741 680 1791 ro. quoniam per hoc, quod est differen¬
194 1774 682 1826 tia, vel terminus communis, est cau
194 1821 676 1858 sa continuationis praeteriti cum fu¬.
194 1861 683 1906 turo. D.d. & extremum temporis, i.
715 181 1213 235 & est extremum duorum temporum. fu¬.
717 229 1201 274 turi nanque, secundum quod est principium, prae¬
712 260 1207 310 teriti autem secundum quod est finis. Et, quia
716 299 1212 344 punctus in hoc est, sicut instans scilicet in
718 339 1207 390 hoc, quod copulat lineam, secundum quod est ter
710 373 1197 418 minus communis duabus lineis insimul
714 412 1206 459 & diuidit illam, secundum quod est finis vnius,
712 454 1205 497 & principium alterius, dedit dicitur am
710 495 1209 536 in hoc inter instans, & punctum, &
708 533 1207 578 dixit: Sed hoc non est manifestum,
717 572 1201 623 &c. i. sed haec diuisio, quae est in in¬
719 613 1204 658 stant, scilicet quoniam est principium futuri,
716 650 1209 690 & finis praeteriti, & similiter copula
715 687 1208 730 tio, non est manifesta, sicut est in
716 725 1196 778 puncto. Et causa in hoc est. quo
714 764 1204 811 niam punctus acceptus in linea est
717 808 1197 850 fixus demonstratus bis, & instans non
715 845 1194 896 est fixum, neque demonstratum bis,
709 883 1193 932 D.d. & instans est punctus ex poten
706 921 1199 970 tia, i. & instans, quia est non fixum,
711 965 1194 1011 ideo est in potentia, & punctus, quia
713 996 1196 1044 est fixus, est in actu: & sic instans se
715 1037 1201 1082 cundum veram similitudinem est
711 1076 1195 1125 punctus in potentia. D.d. & secun¬
716 1115 1206 1166 dum quod instans est tale, &c. i. & secum
711 1156 1199 1207 dum quod instans ligat tempus, & di¬
713 1192 1199 1242 uidit illud, quando accipitur, secundum quod
707 1236 1205 1274 est diuidens, est duo secundum terminos:
715 1270 1198 1322 est enim principium futuri, & finis prae
712 1309 1195 1359 teriti: & principium est aliud a fi¬
710 1355 1189 1395 ne secundum definitionem, & secun¬
713 1386 1199 1427 dum quod est differentia, vel terminus
715 1425 1205 1466 communis est idem. & hoc inten¬
710 1461 1210 1506 debat, cum dixit: & secundum quod
711 1502 1205 1555 ligat est idem. Et, quia hoc ma¬
710 1542 1195 1587 nifestius est in puncto cum lineis,
718 1580 1200 1635 quam in instanti cum tempore, d.
713 1621 1208 1668 Et quemadmodum igitur in lineis
709 1661 1205 1705 mathematicis, et cae. idest quoniam
711 1701 1201 1746 non erunt idem omnibus modis,
707 1741 1201 1791 scilicet quia est idem vno modo, &
707 1781 1207 1827 & duo alio modo. D.dedit modum,
713 1821 1207 1869 quo non sunt idem, & dixit: quo¬
706 1858 1201 1914 niam, cum diuiserimus lineam, &c¬
