1416 2066
241 180 695 218 Hoc etiam est quartum funda¬
194 218 699 258 mentum ad hoc, quod vult de defini¬
201 258 691 298 tione motus, & est, quod motus inue¬
200 300 695 338 nitur in pluribus vno praedicamen
202 341 691 378 to. Et dixit: Et non est motus, &c.
201 371 699 411 i. & non inuenitur motus extra decen
209 408 695 460 praedicamenta. quoniam transmutatum sem
199 447 691 498 per transmutatur, aut in praedica¬
204 485 690 530 mento substantiae, aut quantitatis,
204 530 689 577 aut qualitatis, aut vbi, aut in alio per¬
203 564 691 602 dicamento: & transmutatio non in¬
205 605 693 642 uenitur nisi in transmutato: ex quo
208 641 694 683 sequitur vt motus sit in pluribus vno
206 685 682 730 praedicamento. Et iste sermo com
210 717 700 768 ponitur sic. Motus est in moto: &
194 757 695 810 motum est in pluribus vno praedi¬
205 797 699 844 camento. eroo motus est in pluri¬
204 837 689 882 bus vno praedicamento. & nihil in¬
204 877 694 925 uenitur, &c. i. impossibile est inue¬
205 911 695 967 niri aliquid vnum commune istis praedica¬
199 953 701 1002 mentis, inquibus inuenitur motus,
206 993 700 1048 v. g. aliquod commune istis quatuor, quid
203 1031 701 1074 non sit vnum eorum, neque aliorum
206 1071 700 1122 praedicamentorum: ex quo sequitur,
211 1115 699 1159 vt motus non sit in alia natura a p¬
207 1148 687 1185 dicamentis, & vt non dicatur vniuo
208 1188 700 1227 ce. Et intendebat declarare, quoniam, quia
206 1227 684 1266 motus non dicitur vniuoce, ideo non ha
212 1264 684 1305 pet definitionem dictam vniuoce
206 1304 690 1347 sed secundum prius, & posterius, sed tamen tat
205 1343 696 1387 les definitiones intrant in artibus de
206 1388 695 1431 monstratiuis. Et tr quaeritur de hoc, quod
206 1420 700 1470 d. hic, quod motus non inuenitur in vno
214 1461 691 1499 ydicamento, & dictum est in libro de
212 1500 694 1546 praedicamentis ipsum esse in praedi
210 1537 693 1578 ramento passionis. & secundum hoc aut
204 1577 692 1626 non debemus computare praedica¬
208 1615 697 1667 mentum passionis, aut non debemus
206 1658 698 1704 dicere ipsum iueniri pluribus vno
215 1692 698 1733 praedicamento. Ad hoc autem dica
213 1730 697 1782 mus, quoniam motus secundum quod non differt
202 1770 699 1818 a perfectione, ad quam vadit, nisi
206 1808 701 1858 secundum magis, & minus, necesse est vt
207 1851 697 1906 sit de genere illius perfectionis. mo
731 188 1215 231 tus? enim nihil aliud est quae generatio par
726 221 1221 267 tis post aliam illius perfectionis, ad
726 255 1214 304 quam intendit motus, donec perfi¬
726 293 1220 338 ciatur, & fit in actu. vnde necesse est
728 333 1216 383 vt motus, qui est in substantia, in¬
729 373 1219 410 ueniatur in genere substantiae: &
723 406 1213 461 motus, qui est in quantitate, in gene
722 447 1216 500 re quantitatis: & similiter, qui est
723 485 1216 536 in vbi, & qualitate. secundum autem quod est
730 524 1213 575 via ad perfectionem, quae est alia ab
727 564 1217 617 ipsa perfectione, necesse est vt sit ge
724 606 1215 643 nus per se. via enim ad rem est aliud
723 645 1211 691 ab ipsa re. & secundum hoc fuit posium prae¬
725 681 1211 723 dicamentum per se. & iste modus
732 719 1211 762 est famosior, ille autem est verior
733 761 1219 801 & ideo Aristot. induxit illum mo¬
730 800 1213 841 dum famosum in praedicamentis,
727 839 1211 882 & istum modum verum in hoc libro,
771 901 1212 946 Vnumquodque autem dupliciter in¬
730 945 1218 994 est omnibus. vt hoc, aliud enim est
730 988 1216 1042 forma ipsius, aliud vero priua¬
733 1029 1214 1074 tio: et secundum Quale, hoc enim est album,
729 1071 1216 1114 illud autem nigrum: & secundum Quan
729 1115 1221 1169 tum, aliud enim perfectum est, aliud
733 1164 1216 1203 vero imperfectum. similiter au
726 1199 1218 1242 tem & secundum Lationem, hoc enim
729 1241 1220 1282 sursum, illud vero deorsum, aut
727 1280 1214 1335 aliud quidem leue, aliud vero
728 1324 1219 1379 graue. quare motus, & mutatio
731 1369 1222 1410 nis species toti sunt, quot entis.
757 1408 1221 1468 Et vnumquodque istorum omnium
728 1453 1219 1521 est duobus modis. v. g. quonia illud,
722 1501 1221 1563 quod demonstratur es Hoc, demo
733 1549 1220 1617 stratur per formam, et demostratur
729 1600 1231 1658 per priuationem: & similiter in
730 1653 1231 1706 Qualitate: aliquod enim est album, et
731 1700 1233 1758 aliquod nigru: & similiter in quam
731 1745 1219 1807 titate, aliquod est perfectum, et ali¬
735 1793 1223 1850 quod diminutum, in rTranslatioe,
730 1840 1223 1901 aliquod est superius, & aliquod
