1416 2066
189 180 698 242 etiam vt corpus sit maius loco. con
200 229 699 291 tingeret enim ex hoc aut vasuum
200 276 650 338 ee, aut aliquod corpus sine loco.
203 340 685 386 Cum destruxit corpus composi¬
195 388 687 426 tum infinitum esse, ita quod vnum corpo¬
198 424 690 471 rum, ex quibus componitur, aut plura
202 463 687 498 vno sunt infinita, & remanet secundum di¬
197 501 686 550 uisionem vt sit infinitum, ita quod sit com
194 538 690 591 positum ex corporibus infinitis in
199 581 691 624 specie, licet sint finita in magnitudi
194 616 690 658 ne, reuersus est ad destruendum hanc
199 657 692 710 partem, & dixit: Si igitur otum, &c. i. si
195 698 692 747 igitur totum conpregatum secundum conta
199 727 693 788 ctum ex corporibus simplicibus fuerit
199 773 690 827 infinitum, quia illa corpora, ex qui
199 813 696 859 bus congregatur, sunt dissimilia, scilicet
196 857 690 895 sunt diuersarum definitionum, vt ignis,
203 896 692 938 & aqua, tunc loca totius erunt dissi
205 940 697 978 milia, & ista propositio apparet ex
197 972 687 1024 hoc, quia omne corpus simplex habet lo¬
199 1021 689 1062 cum naturalem. D.d. &, sic corpus to¬
204 1053 694 1107 tius, &c. i. si contingat dicentibus hoc,
202 1097 689 1141 vt totus mundus non sit vnus, quia
194 1133 689 1171 continetur ab vno corpore, sed est vnum
204 1172 690 1211 secundum contactum tamnenu. Et, cum induxit
203 1209 691 1251 hoc improbabile, iduxit impossibi¬
201 1251 693 1299 se, quod sequitur ex hac propositione,
202 1289 685 1340 & incoepit diuisionem a principio,
203 1328 695 1370 & dixit: deinde haec corpora. &c. &
202 1369 689 1410 dixit haec ad rememorationem de il¬
204 1406 693 1458 lo, quod pdixit. declaratum est enim quod
206 1445 693 1498 impossibile est corpus infinitum esse com
203 1484 693 1538 positum ex corporibus finitis in for¬
200 1533 691 1570 ma, nisi vnum eorum, aut plura fuerint
203 1564 693 1617 infinita in magnitudine, & si non to¬
198 1604 699 1645 tum erit finitum. & hoc intendebat,
203 1647 699 1692 cum dixit: quoddam enim erit fini
207 1684 695 1737 tum, & quoddam non. i. continget enim di¬
203 1724 689 1775 centibus corpus infinitum congre¬
202 1762 684 1814 gatum ex corporibus infinitis in for¬
195 1800 695 1842 ma esse, vt quaedam sint finita in ma¬
194 1839 694 1892 gnitudine, & quaedam non, cum totum
195 1889 696 1939 sit cogregatum. D.d. vt ignis, & aqua,
726 189 1225 238 i. & illud infinitum in sua magnitu
722 228 1225 266 dine necesse est vt sit contrarium, vt
719 265 1218 310 ignis, & aqua, ex quo sequitur vt ipm
727 305 1224 346 corrumpat. Et ipse ponit in hoc ser¬
725 352 1217 386 mone quod simplicia diciuntur esse contra¬
725 389 1221 426 ria. & hoc non est verum nisi de cor¬
722 422 1228 469 poribus, quae mouentur motu recto. &
721 460 1223 519 hoc sigunat quod perserutatio eius hic
720 500 1231 550 est de nac natura, quoniam non apparuit
721 541 1225 579 hic aliam naturam esse. Et, cum dixit
723 581 1227 631 quod, si corpus infinitum magnitudi¬
722 617 1227 666 ne fuerit, necesse est vt corrumpar
718 657 1224 705 reliqua, quia est contrarium, narra
723 698 1229 738 uit quod perper hoc fugierunt Antiqui hu¬
727 736 1225 779 iusmodi corpus poni alterum extre¬
723 781 1221 827 morum elntorum, inter quae apparet con¬
724 817 1225 858 trarietas magis secundum vnum mediorum.
725 858 1223 898 media enim virsair quasi materia ex¬
723 893 1225 936 tremorum. & dixit: Et ideo nullus, &c.
720 938 1220 986 & intendit per hoc, quod dixit, quia
722 972 1222 1025 locus vtriusque, &c. i. quia ignis non
727 1012 1224 1063 habet nisi leuitatem tantdum, quae est causa
727 1062 1231 1102 motus ad superius, & locus eius est
726 1101 1219 1130 terminatus: & similiter terra non habet
727 1129 1217 1183 nisi grauitatem tamdum, quae est causa mo
723 1169 1216 1211 tus ad inferius, & locus eius etiam est ter¬
722 1212 1219 1262 minatus. sunt igitur valde contraria.
724 1249 1220 1298 aqua autem, & aer habent vtrunque scilicet gra
722 1288 1217 1338 uitatem, &leuitatem. aer enim est gra
732 1329 1211 1381 nis in loco ignis, & leuis in loco ter¬
722 1367 1205 1420 rae, & in grauitate assimilatur aquae
716 1407 1222 1450 in leuitate autem assimilatur igni. & similiter
728 1453 1225 1498 est dispositio de aqua. est enim gra¬
730 1485 1219 1540 uis in loco ignis, & leuis in loco ter¬
721 1525 1227 1563 rae. & hoc intendebat, cum dixit de
721 1571 1219 1616 clinant ad vtranque partem. i. aqua &
718 1613 1221 1655 aer. & intendebat per vtranque partem
723 1643 1200 1694 superius simpiritur, & inferius simpecrsilt.
729 1685 1224 1722 Et induxit hoc ad declarandum quod ista
720 1724 1214 1770 propositio dicens, quod contrarium cor¬
719 1762 1221 1802 rumpit contrarium, cum fuerit for¬
718 1805 1221 1842 tius illo, est propositio concessa ab
727 1840 1221 1894 Antiquis. immo declaratum est in
727 1881 1227 1936 principio istius libri, quod gneatio est ex
