1416 2066
209 172 715 226 dixit: si igitur mouet manum aliquid
223 215 716 266 aliud, tunc mouens baculum erit aliquid
222 258 721 302 aliud. i. praeter manum. D.d. Si igitur
218 291 716 330 hic est aliquid aliud. i. alius motor
222 332 722 377 praeter manum, necesse est vt hic sit
223 364 717 417 aliquid prius, quod mouet se. i. ne¬
222 412 723 445 cesse est vt hic sit motor prior natu¬
230 440 719 492 taliter manu, qui mouet se. & iste est
225 474 719 522 homo. & quod est tale in rei verita
224 517 719 554 te est calor naturalis. Et hoc est ne¬
230 564 723 603 cesse. quoniam iam posuit quod, cum illuem, per
229 603 728 643 quod est mouere, fuerit, necesse est
231 630 718 680 vt primus motor sit. &, cum primus
226 676 714 717 motor fuerit, impossibile est vt mouen
228 708 709 746 tia, quae mouentur, procedant in infini
225 742 721 787 tum. Et dixit: Si igitur hoc mouetur
223 786 724 834 & non mouetur ab alio aliquo, sequi
232 824 715 870 tur necessario vt ipse moueat se. ad
226 863 718 907 uersarius enim aut concedet quod iste pri¬
232 908 715 938 mus motor mouet, & non mouetur,
233 932 722 983 aut ponet quod non mouet, nisi mouea
230 980 722 1019 tur. Si igitur concesserit primum, hoc
224 1007 719 1051 est quaesitum: si non concesserit, tunc ne
235 1049 729 1090 cesse est vt concedat primum motorem
231 1090 721 1135 entium esse, qui mouet se. & ideo di¬
226 1125 721 1162 xit post: secundum igitur hunc modum, &c.
232 1160 728 1202 sequitur ergo necessario ex hoc, vt
226 1205 721 1242 omne motum aut moueatur a moto per
233 1234 727 1274 se, aut reducatur ad talem motum.
275 1300 722 1354 Post ea autem, quae dicta sunt,
235 1341 721 1387 & sic consyderantibus accident
230 1387 715 1426 haec eadem. Si enim ab eo, quod mo¬
234 1436 722 1474 uetur, mouetur omne, quod mo
239 1469 731 1506 uetur, aut hoc rebus ipsis inest
230 1508 724 1546 secundum accidens, vt moueat
237 1557 725 1595 quidem id, quod mouetur, non
237 1597 728 1643 tamen propterea quod mouet ipm
235 1629 729 1683 semper, aut non, sed per se. Pri¬
240 1671 728 1722 mum igitur, si secundum acci¬
238 1713 725 1756 dens, non est necesse moueri id,
240 1753 728 1794 quod mouetur. Si autem hoc est.
241 1797 728 1851 manifestum est quod contingit ali¬
751 172 1264 236 quando nihil moueri eorum, quae
751 216 1255 258 sunt. non enim necessarium est ac
749 261 1249 306 cidens, sed contingit non esse. Si
752 302 1247 351 ergo ponamus possibile esse, nul
745 340 1247 386 lum impossibile accidet, falsum
747 381 1247 427 autem fortassis. sed motum non
746 426 1249 467 esse impossibile est. ostensum eni
752 462 1241 518 est prius hoc, quod necesse est mo¬
748 505 1012 554 tum semper esse.
803 541 1251 603 Et hoc idem sequitur, si posueri
749 589 1249 651 mus consyderationem secundum hunc
751 637 1253 698 modum. Quoniam, si omne motum
749 685 1253 746 mouetur a moto, tunc necesse, est
755 731 1264 779 aut vt hoc accidat rebus per acci
750 779 1250 826 dens, ita, quod res, & si non mo¬
749 827 1255 883 uet, nisi moueatur, sed tamen non
748 868 1251 928 quia mouetur: aut non sit ita, sed
747 916 1252 978 hoc est essentialiter. Primo vero, si
750 965 1251 1024 fuerit per accidens, non sequitur ne
756 1014 1251 1067 cessario vt motor moueatur. Et, si
755 1059 1247 1119 ita fuerit, manifestum est quod est
750 1103 1246 1163 possibile in aliqua dispositione, vt
746 1148 1250 1210 nullum ens moueatur. quod enim
752 1196 1243 1259 est per accidens, non est necessariu,
757 1244 1251 1306 sed potest quin sit. &, si posueri¬
753 1292 1245 1351 mus illud, quod est possibile, quod
751 1340 1253 1394 non sit, nullum sequitur impossibi
753 1382 1253 1443 te, sed forte falsum. sed defectus mo
751 1429 1255 1490 tus, ita, quod nullus motus sit, est
750 1477 1250 1538 impossibile. iam enim declaraui¬
749 1524 1249 1586 mus quod necesse est vt semper sit
752 1581 867 1619 motus.
794 1643 1247 1692 Cum iam declarauit quod primus mo¬
759 1678 1245 1723 tor in mundo det esse motor, per quem
765 1725 1256 1769 mouetur motum ex se primum, non
763 1764 1249 1805 motus omnino, neque accuntalectus, neque
762 1791 1259 1850 cssentialciter. quoniam, si fuerit motus altero
