1416 2066
160 173 658 227 qua sustentatus est, est illa, quam prae
169 215 661 258 dixit scilicet quod transmutatio, quae est in
169 254 659 298 substantia, est generatio, & corru¬
176 293 658 342 ptio: & generatio, & corruptio non
168 328 665 377 sunt motus, quia sunt in illo, quod
168 365 652 410 est in potentia, non in actu: & mo
174 412 661 454 tum est in actu. Et hoc, quod nar¬
175 442 667 482 rauimus de Alexan. est dictum in
168 478 666 523 expositione eius in libio de Genera
175 517 667 569 tione. & idem in expositioe sua ha¬
175 556 667 595 betur, quod nos dicimus de nobis scilicet
172 591 662 635 quod elementa non sunt contraria, nisi
170 636 664 674 secundum qualitates, non secundum formas: &
177 668 669 714 eramus laeti in hoc. Et, cum decla¬
172 710 662 747 rauit quod in substantia non est motus,
172 747 665 786 declarauit etiam quod in relatione non
176 780 669 831 est motus. quoniam illud, quod transmutatur
168 828 663 869 ad relationem, tramsmutatur se quie
179 855 671 898 scente per transmutationem sui cor¬
177 893 669 946 relatiui. v. g. quoniam columna, quae est
175 932 667 970 in dextro Soc. vertitur ad sinistrum
174 964 667 1010 Ooc. quando Soc. transfertur in loco,
177 1008 668 1055 transmutatio igitur in columna est
180 1045 656 1079 per accidens: transmutatio vero re
173 1077 664 1129 latiui, quae est in Soc. licet sit per se,
178 1117 660 1168 sequitur verum motum, scilicet transla¬
175 1156 663 1202 tionem in loco. & hoc intendebat
178 1191 656 1235 cum dixit: quoniam quandoque transmu¬
182 1232 662 1267 tatur alterum correlatiuorum, &c.
190 1269 673 1319 D.d. motus igitur eorum est per
160 1301 668 1355 accidens. in illo quidem, quod non
176 1341 670 1386 transmutatur, manifestum est, in il
181 1380 662 1426 lo autem, quod transmutatur, trans
180 1421 671 1462 mutatio, per quam est relatiuum, est
179 1459 671 1504 per accidens: quia relatio, quae acci¬
180 1494 667 1543 dit ei, est propter suam transmutatio
179 1531 669 1583 nem in loco per accidens. Est igitur,
176 1569 661 1619 vtriusque per accidens. alterius qui
176 1606 664 1659 dem, quia est quiescens, reliqui ve¬
181 1649 667 1694 to, quia mouetur motu diuerso a trans
174 1685 675 1733 mutatione accidente ei: quoniam sequitur
180 1724 670 1762 suam translationem in loco ipsum
182 1757 660 1802 esse in dextro, aut in sinistro colum¬
178 1804 667 1842 nae. D.d. Neque in actione, & passio
687 173 1192 218 ne, &c. Et intendit per actionem il
692 217 1196 259 lud, quod est commune actioni agen
694 261 1188 309 tis: siue fuerit agens verum motum,
694 284 1196 342 aut aliquam transmutationem, quae
691 336 1192 371 non sit motus, & similiter intendit
696 367 1194 410 per passionem. & ideo induxit post
690 411 1193 450 Idestructionem, & dixit: neque mo¬
695 452 1187 490 toris aut moti. & quasi dicit quod actio
694 486 1191 530 & passio non habent motus, neque
695 517 1199 568 motoris, & moti, neque generati, &
692 556 1193 603 generantis, & vniversaliter transmutantis, &
694 597 1197 644 transmutati. quoniam motus non
699 629 1193 679 habet motum, neque transmutatio
701 666 1200 706 habet transmutationem vniversaliter Deinde
697 701 1124 747 incoepit declarare hoc, & dixit.
731 740 1195 787 Primum enim dupliciter com¬
700 781 1191 826 tingit motus esse motum. Aut
698 829 1179 867 vt subiecti, vt homo mouetur,
694 863 1198 908 quia ex albo in nigrum mutat.
698 904 1193 955 An ne sic & ipse motus, aut cale
700 943 1191 997 fit, aut frigesit, aut locum mutat
693 985 1197 1041 aut augetur, aut diminuitur ? Hoc
699 1029 1195 1067 autem impossibile est. non enim
696 1066 1197 1113 subiectorum aliquid est ipsa
691 1109 849 1155 mutatio.
739 1141 1195 1208 primo vero non est possibile vt
694 1196 1198 1255 motus habeat motum, nisi altero
694 1237 1200 1298 duorum modorum. Aut ita, quod
700 1285 1196 1347 sit subiectum, verbi gratia quod
699 1332 1201 1397 homo mouetur, quia trasmutatur
702 1381 1189 1446 de albedine in nigredinem: Aut,
694 1429 1192 1482 quia calefit, aut infrigidatur, aut
703 1475 1191 1537 mutat locum, aut augmentatur,
697 1523 1199 1582 aut diminuitur, sicut dicitur in
697 1567 1199 1627 motu. Sed hoc est impossibile. quo¬
695 1613 1199 1674 niam transmutatio non est de re¬
695 1660 907 1714 bus subiectis.
743 1701 1196 1757 Quia motum habere motum in
702 1742 1199 1786 telligitur duobus modis, aut ita, quod
696 1783 1203 1827 motus sit subiectus motui, secundum quod
695 1820 1199 1859 res mota est subiecta motui, aut ita
