1416 2066
183 180 695 239 semper est extra illud, quod acci¬
192 229 689 290 pis ex eo. & in hoc, quod dicut, est
198 277 689 340 quaedam similitudo, sed non vera.
199 324 687 387 in infinito enim necesse est vt hoc
195 368 694 436 sit in eo, & quod etiam illud, quod ac¬
199 429 689 478 cipitur ex eo, non erat omnino. &
198 468 691 527 hoc non est in circulo, sed aliud in
196 517 602 579 eo semper est in succes sione.
206 565 698 614 Cum declarauit naturam infiniti
201 613 693 664 secundum exemplum, icoepit declarare de¬
194 653 688 690 finitionem eius, & primo narrare er¬
201 691 697 730 rorem Antiquorum in hoc, & d. Et in
198 729 694 770 finitum, &c. i. & secundum quod diximus de na
183 770 689 817 tura infiniti, & quod est secundum potentiam,
203 805 691 850 sequitur quod definitio eius sit econtra¬
203 846 697 891 rio ei, quod dicunt. definitio enim infiniti
200 886 695 930 non est, vt Antiqui descripserunt scilicet
195 925 689 963 illud, extra quod nihil est, sed illud,
198 964 699 1002 extra quod semper est aliquid. Et si
194 997 692 1048 gnum eius est hoc, quod omnes homines
200 1040 699 1090 iunt assueti vocare annulos, quorum
200 1078 693 1130 genmae sunt rotundae infinitos. quia
198 1123 694 1163 si acceperis ex eis aliquam gemmam,
194 1162 692 1205 poteris accipere aliam extra illam. &
195 1205 690 1248 tale exemplum recessit in isto tempore,
198 1232 693 1278 quia non est notum, nedum vt sit fa¬
200 1270 696 1324 mosum: sed in tempore eius erat famo
197 1309 689 1349 sum. D.induxit dicituram inter infini¬
202 1350 685 1390 tum, secundum hoc exemplum, & verum in¬
197 1389 700 1434 finitum, & dixit: & in hoc, quod diiunt,
203 1428 698 1466 &c. i. & hoc, quod dicunt de huiusmodi an
195 1466 693 1506 nulis scilicet eos esse infinitos, habet ali¬
196 1505 697 1554 quam similitudinem ad infinitum,
202 1545 683 1586 sed non est verum infinitum. in infi¬
196 1583 697 1626 nito eni vero duo exiguntur scilicet vt hoc,
202 1623 698 1674 quod semper inuenitur ex eo aliquid
197 1660 683 1706 extra illud, sit ei naturaliter, non po
192 1699 682 1749 sitione, & quod illud, quod inuenitur ex
195 1739 691 1788 tra illud, sit aliquid, quod nunquam
190 1783 698 1826 fuit prius. & hoc non est in circulo,
188 1821 698 1870 sicut est dispositio in gemma annu¬
194 1854 691 1898 li. sed infinitum in citculo est secundum ite¬
722 181 1235 220 rationem, & reuolutionem, non secundum
722 219 1217 257 nouitatem. & hoc intendebat, cum
718 261 1219 300 dixit: & hoc non erit in circulo, &c.
724 296 1221 348 i. & in circulo non inuenitur aliquid
724 341 1213 378 extra illud, quod acceptum est ex eo,
722 373 1226 425 quod sit aliud ab eo, quod accipitur
715 413 1227 465 semper. sed inuenitur in eo aliquid ex¬
725 445 1227 504 tra illud, quod accipitur secundum iterationem,
725 492 1227 530 & consecutionem scilicet secundum iterationem
724 527 1030 570 eiusdem rei infinities.
718 589 1224 635 Datur definitio infiniti, & refellitur ea,
796 637 1141 684 quae Antiquorum. Cap. 6.
769 669 1203 722 Nfinitum igitur id est, cuius
773 716 1219 765 secundum quantitatem accipienti¬
773 757 1215 802 bus, semper aliquid accipere
722 800 1218 842 extra est. Cuius autem nihil est ex¬
718 837 1224 896 tra, i. perfectum, & totum. sic enim
731 879 1235 922 lefinimus Totum, cuius nihil
725 925 1235 971 abest: vt hominem totum, aut,
725 964 1222 1011 arculam. vt autem definimus sin
720 1004 1214 1058 gulare, sic & quod proprie est,
727 1053 1228 1090 vt totum, cuius nihil est extra.
724 1091 1223 1139 cuius autem absentia est extra,
718 1133 1175 1186 non omne est, quicquid abest.
775 1172 1227 1238 infinitum igitur est illud, ex
723 1220 1227 1282 quo, cum aliquid accipitur, possibi
723 1269 1229 1332 le est semper accipere aliquid ex¬
718 1315 1224 1371 tra illud in quantitate. Et illud, ex
727 1364 1225 1426 tra quod nihil est, illud est perfe¬
718 1413 1223 1476 ctum totale. sic enim definimus Totum,
719 1461 1221 1522 ilicet quia est illud, ex quo nihil est se¬
720 1517 1222 1570 paratu ab eo: vt dicimus totus ho¬
724 1557 1219 1602 mo, & tota arca. & sicut est de
718 1613 1225 1662 particularibus, ita est in rer veri¬
718 1652 1226 1714 tate, scilicet quod totum est illud, extra
722 1701 1230 1763 quod nihil est. & illud, extra quod
721 1749 1223 1811 aliquid est separatum, no est totu,
720 1800 1227 1859 quodcunque, sit illud separatum, siue
716 1853 1220 1914 extraneum, siue non extraneum.
