1416 2066
178 181 687 239 quidem esse, aliquando autem non esse omne
191 225 697 266 tale. Et principiorum immobilium
193 265 684 316 quidem, motiuorum autem quaedam ali¬
191 304 685 351 quando quidem esse, aliquando aut non esse.
186 349 695 387 contigat & hoc. sed nequaque omnia
198 396 686 434 quidem possibile est manifestum enim
193 428 695 474 est, quod causa quaedam iis, quae ipsa seipsa
192 479 694 514 mouent, inest, vt aliquande quidem
195 510 695 562 sint, aliquando autem non sint, quod enim ip¬
196 554 691 594 sum seipsum mouens est, omne neces¬
196 587 691 636 se est magnitudinem habete, si nihil
201 632 697 678 mouetur impartibile. id autem quod
199 680 697 715 mouet, nulla neces sitate est ex di¬
200 717 694 754 ctis. Vvt igitur alia quidem generen¬
196 756 692 801 tur, alia vero corrumpantur, &
200 796 689 835 hoc sit continue, nulla cam est im
205 844 689 881 mobilium quidem, non semper au¬
205 877 685 922 tem existentium. neque rursus eorum
211 921 695 971 quae semper quidem haec mouent,
211 955 695 1009 horum autem alia. ipsius enim quid semper
211 998 701 1053 est, & continui neque vnumquedque
210 1039 694 1092 ipsorum cam est, neque omnia. nam
210 1079 697 1122 sic se habere perpetuum. & ex
202 1120 699 1162 necessitate est. omnia autem in
209 1165 706 1202 finita, & non simul omnia sunt.
251 1236 696 1294 Vtrum aut vnumquodque, moue
207 1293 703 1330 tium, quae non mouentur, sit aeternum,
215 1332 695 1386 non est intrans modo ad propositum.
211 1373 697 1437 Quoniam aut necesse est vt sit hic ali¬
208 1420 692 1474 quid, quod in se non sit motum, &
218 1469 697 1523 sit absolutum ab omni transmuta
215 1513 689 1562 tione simpliciter, & per accidens
213 1559 701 1618 quod mouet aliquod aliud, decla¬
210 1605 697 1663 abitur hoc modo. Ponatur igitur
215 1653 702 1715 hoc ee possibile in quibusdam vt sit
213 1700 701 1762 quandoque, et no sit quadoque, sine ge¬
210 1757 706 1810 neratione, & corruptione. dignius
211 1793 705 1850 est enim illud, quod no diuiditur, quam
727 181 1242 243 do fuerit quandoque, & non fuerit,
722 229 1220 292 quandoque, vt esse cuiuslibet talis,
723 276 1225 338 aut non esse sit necessariu, vt sit si¬
727 325 1225 387 ne transmutatioe. Ponatur igitur
722 373 1227 434 quod possibile est vt quaedam prin
727 421 1233 474 cipia, et quid sunt non mota, sed sunt,
725 465 1235 525 mouentia, sint quandoque, & qua¬
725 508 1230 571 doque non sint. sed non est possibile vt
722 557 1226 622 oia sint talia. manifestu est enim quod
723 604 1235 671 hic est alia ca eorum, qui mouent se in
725 652 1223 716 ee eorum quadoque, et no esse eoru qua¬
730 698 1225 755 doque, omne enim moues se, necesse est vt ha
729 741 1242 802 beat magnitudinem, cum illud, quod V
723 788 1227 835 non diuiditur, non mouetur. motor
722 837 1224 899 autem non sequitur aliquo mo vt
727 885 1229 946 habeat magnitudinem. Causa, ve
730 933 1217 985 ro in hoc, quod quaedam generatur,
726 988 1225 1026 & quaedam corrumpuntur, et hoc
730 1024 1219 1082 esse perpetuum, non est vnum eorum,
733 1068 1225 1133 quae sunt no mota. sed no sunt sem¬
731 1116 1225 1178 per in esse mota, ita, quod ista mo¬
731 1164 1227 1210 ueant semper, & per hoc moueat
726 1200 1230 1258 alia. quod enim est tale, nec non
734 1259 1229 1306 vnum huius, neque, omnia erunt cam
726 1308 1242 1363 rei perpetiae continuae. ista enim dispo,
730 1348 1230 1411 sitio, secundum quam sunt ista, est
731 1397 1229 1454 aeterna, & necessaria. ista autem
731 1443 1230 1505 omnia sunt infinita: sed non om¬
730 1492 1042 1546 nia existunt insimul.
764 1572 1242 1622 Cum declarauit quod necesse est vt ¬
734 1613 1225 1650 sit hoc motum ex se aeternum, com
736 1649 1219 1691 positum ex motore, qui non moue
733 1685 1221 1722 tur, & ex moto aeterno, d. Vtrum autem
735 1722 1223 1763 vnumquodque, &c. & intendit animas animalium,
731 1759 1229 1807 qua sunt hic. istae enim animae mouent, &
728 1802 1227 1841 non mouentur. & quaestio in eis est
