1416 2066
185 173 714 241 C, & diuidatur in B: si igitur,
201 228 714 287 omne tempus est diuisibile: & mo
196 281 714 330 tum aut in tempore & BC moue¬
199 321 714 378 tur, aut non mouetur: & similiter
202 369 714 427 etiam in duobus temporibus XE
194 413 709 474 C: si igitur non mouetur in altero
195 460 711 523 eorum, ergo quiescit in hoc toto tem
196 509 705 571 pore. nam impossibile est vt sit mo
704 181 1238 234 tum, & non moueatur in altera.
704 229 1227 286 partium a BC:&, si mouetur in
704 273 1222 323 altero eorum tantum, tunc tempus
704 323 1231 378 a6. non est primum tempus, in quo
704 367 1231 426 mouetur. quoniam motus eius est
709 412 1235 476 in vtroque eorum. ergo necesse est vt
723 461 1229 523 moueatur in qualibet parte S C
196 1236 708 1294 Dicit: Et hoc apparet ex hoc, quid
210 1278 709 1322 dico, quoniam, cum primum tempus fue
209 1325 703 1362 rit demonstratum. v. g. tempus & c,
211 1352 701 1403 & fuerit diuisum in duo in S, cum
209 1397 707 1438 omne tempus sit diuisibile, & illud,
216 1437 709 1480 quod mouetur, necesse est ipsum mo
211 1469 698 1515 ueri in tempore a c, quod est posi¬
213 1516 703 1547 tum primum, aut non moueri, & ma
214 1543 706 1594 nifestum est quod non est quiescens in
207 1588 706 1630 eo, ergo mouetur. Et, cum posuerit
217 1615 713 1669 quod in hoc tempore necesse est vt sit
203 1660 700 1698 motum in toto, & quod aduersarius non
208 1695 707 1745 potest ponere ipsum in eo quiescens,
206 1729 707 1770 dixit: & similiter etiam, &c. i. & simi
213 1768 703 1818 liter etiam interrogabimus aduer¬
210 1805 706 1858 sarium, & dicemus es quod istud motum,
743 1237 1221 1293 quod tu concedis moueri in tempo
741 1280 1219 1331 re &c, aut concedis eriam ipsum mo
736 1324 1233 1369 ueri in vtraque parte eius, aut quiesce
737 1357 1230 1406 re in vtraque, aut moueri in altera, &
742 1390 1233 1444 quiescere in reliqua. D.d. Si igitur,
735 1437 1233 1480 non mouetui, &c. i. quae sunt partes
738 1476 1228 1519 magnitudinis, cum sit impossibile
738 1508 1232 1547 vt in ea sit quiescens. & quasi dicat,
737 1541 1227 1595 quod, si fuerit quiescens in vtraque parte
735 1580 1239 1633 magnitudinis, sequitur maximum
736 1620 1234 1659 impossibsie scilicet vt aliquid moueatur per
730 1658 1232 1698 aliquid, & quiescat in omnibus par¬
736 1696 1230 1738 tibus eius. Et, cum destruxit ipsum
734 1733 1238 1782 quiescere in vtraque parte, destruxit
733 1773 1229 1824 etiam ipsum quiescere in altera, &
734 1808 1231 1859 moueri in reliqua, & dixit: & si mo
