1416 2066
230 180 649 231 Cum declarauit quod in principio ei
188 221 673 262 quod transmutatur, cum separatur ab eo, in
192 256 670 307 quo transmutatur veniet in illud, ique
191 301 680 341 primo transmutatur, & quod initium, & finis
188 334 678 372 transmutationis sunt idiuisibilia, vnlt
191 370 677 410 declarare quod initium transmutationis
189 405 675 450 non est in actu, sed in potentia, & sili
189 442 681 493 initium eius, in quo est transmutatio, non
191 477 679 522 est in actu, sed in potentia: finis autem
193 516 677 555 tram sinutationis in actu est, & demon¬
189 555 677 594 strato: & similiter finis eius, Iquo est tranf¬
191 589 681 643 mutatio. Qam, si est necesse vt trans¬
190 628 677 666 mutatum in initio transmutationis sit in
187 664 673 706 illo, in quod transmatatur primo, & non
188 700 679 746 transmutatur, nisi in idiuisibili, & im
172 740 678 788 tium eius, in quo transmutatur, est indiui¬
189 780 685 828 sibile, sequietur vt non transmutatur in ani¬
188 813 672 858 tio transmutationis. &, cum in transmuta¬
191 853 685 891 to non iuenitur transmutatio, nisi sit iam
187 888 677 939 tramsmutatum, manifestum est quod trans¬
190 925 682 970 mutatio non habet principium, nisi
190 964 670 1002 tramsmutatio esset composita ex indiui¬
192 1003 673 1043 sibili, & rpeos similiter ergo istud principium
189 1038 676 1092 necessario est in potentia: & est illud, de
191 1078 678 1127 quo declaratum est in sermone pdicto
190 1114 681 1155 ipsum esse indiuisibile. Et expositores
184 1150 678 1194 dubitabant in hoc: quia existimabant
189 1188 679 1224 quod isti duo sermones sunt contradi¬
188 1229 682 1266 ctori, scilicet dicens quod est indiuisibile, & di
186 1264 676 1315 cens quod non est ens. Et non sunt contra¬
172 1300 680 1348 Idictorij, nisi esset declaratum quod non est
183 1341 682 1386 ens omnino: sed non fuit declaratum, nasi
184 1376 679 1428 quod est non ens in actu. & hoc ignorant
191 1413 681 1461 omnes expositores in hoc loco. id inue
190 1453 676 1490 nimus Alex. transtulisse declarationem
188 1493 673 1530 ad tempus scilicet hoc, quid declarauit quod ini¬
189 1527 673 1562 tium transmutationis est indiuisibile.
187 1564 675 1601 D.d. ipsum esse non ens. & forte inten
186 1601 678 1644 dit per hoc, quid declarauit, ipsum esse
185 1637 680 1678 idiuisibile, ipsum esse non ens in actu.
190 1676 680 1727 & quasi dicit: si istud principium fue
183 1722 685 1754 rit ens in actu, necesse est vt sit indi
188 1753 672 1794 uisibile. D.declarauit quod, si fuerit in
185 1789 679 1827 duusibile, necesse est vt non sit ens:
708 180 1208 229 &, si ponatur esse, accidet impossibile &
708 219 1194 258 iste modus declarationis est modus
710 256 1201 298 verus. Expositores autem non fece
709 299 1191 338 runt dicituram inter sermonen de princi¬
715 330 1199 379 pio, & sine in hac demrone, & dixe¬
709 367 1196 411 runt, quomodo motus habebit finem, &
702 405 1194 451 non habebit principium. & hoc, quod
712 435 1196 483 existimauerunt de hoc, est in primo
706 480 1194 528 aspectu ad deceptionem. D.d. Primum
709 517 1197 562 vero, &c. i. indiuisibile vero, quid dici¬
708 553 1194 594 tur de fine transmutationis, & fine
711 590 1195 635 eius, in quo est transmutatio, est exi¬
710 629 1193 674 stens in actu, & pont demonstrari. Et,
709 664 1199 707 cum narrauit hoc, dedit cauam, & dicit:
714 705 1190 747 quoniam possibile est vt perficiatur, &c. i.
710 740 1197 788 & hoc est ita: quia transmutatum poet
718 776 1196 824 perfici in sua tram sinutatione: & perfe
710 813 1199 850 ctio transmutationis est ies existens in
706 852 1201 896 actu, ficut aliae perfectiones, & demon¬
704 889 1196 930 strata magis qua in vno instanti. Et hoc
711 933 1195 962 manifestum est in omni transmutatione.
708 961 1200 1011 quoniam perfectio in vbi est suprius, & in qua¬
706 1003 1196 1043 litate est album, vel nigrum, & in quan
711 1037 1193 1088 titate est quantitas terminata. Ista igi¬
707 1073 1201 1114 tur, quia sunt in actu, ideo finis in eis,
718 1109 1197 1157 ui est indiuisibilis, & est vltimum
709 1151 1197 1198 tramsmutationis, est ens in actu. prin¬
713 1189 1193 1236 cipium vero transmutationis. quia non
710 1223 1188 1273 est principium alicuius permanentis
710 1261 1194 1314 sicut est dispo in principio lineae, &
704 1300 1196 1351 illud, quid est ens in actu, est ipsa trans¬
708 1335 1201 1378 mutatio, & in trasmutatio e:. & est
710 1373 1198 1418 initium naturaliter, necesse est vt istud
719 1413 1191 1463 prin cipium non sit ens, neque existens,
713 1453 1199 1503 Cum igitur pofuit quod possibile est vt perfi¬
710 1492 1199 1530 ciatur transmutatio transmutationis,
706 1525 1202 1574 & quod ista perfectio est in actu, & quod
707 1560 1205 1602 habet sinem, fuit necesse vt finis eius
706 1599 1204 1641 sit in actu, sicut est finis lineae, & fi¬
712 1638 1203 1686 nis superficiet. Et cam in hoc est, quia
708 1676 1202 1714 motus, & terns non habunt situm, & linea
714 1713 1203 1763 habet situm: & declaratum est quod est
710 1751 1200 1801 indiuisibilis: ergo finis motus indi
715 1788 1204 1828 uisibilis est in actu. D.reuersus est ad
