1416 2066
225 180 732 240 gnationem fieri ex ente poet dupclter
243 224 738 266 dici, vno modo per se, videlicet quod ens in
242 264 741 307 actu sit subiectum ipsius geniti. & hoc
238 302 736 347 est impossibile. quoniam sequeretur, cum aqua
244 342 741 387 ex aere fit, vt sit aer, & aqua simul, vnivers
240 380 735 425 quod non detur generatio in substantia. &
239 421 727 465 hoc est id, quod putabant Antiqui
246 464 734 505 ilicet non dari quid aliud, seu alienum,
246 501 739 555 idque esse impossibile probabant. Alio
240 541 728 578 modo per accuns, cum scilicet accidit huic na¬
245 580 733 631 turae ipsius subiecti generationis non
242 620 732 659 denudari a forma in gneratione rer
238 657 732 699 ab ea, quae quidem remouetur, & rece
242 694 732 748 dit ab eo in aduentu formae genitae
225 733 736 784 in ipsum, non quod ipsamet forma, quae
243 777 735 819 est in subiecto, recipiat formam, quae
236 812 735 865 ganeatur. & sic nedum erit impossibile,
241 847 729 898 immo necessarium scilicet gnerationem fie¬
235 900 733 939 ri ex ente per accus, &si id per acciuns
233 928 735 971 sit. Huic tandem naturae duo accidunt,
242 972 737 1017 priuatio scilicet & forma, quae praecedit ei se
236 1007 735 1053 cundum esse ante nouam formam, quae
236 1050 740 1096 ganatur: & tunc generatio ex ea fiet per se
243 1085 735 1130 sed per accuns ex illis duabus naturis
244 1132 730 1174 quae ei accidunt, hoc est ex priuatio
242 1165 723 1217 ne, & forma. Isigitur est vnus mo
238 1205 744 1258 dus, quo hoc dubium soluitui, ponen
242 1240 502 1282 do hanc naturam.
277 1282 743 1335 Secundus est, quia ens dicitur de poten
239 1321 734 1377 tia, & actu. Ipsa quoque priuatio de
239 1360 733 1402 duobus dicitur, videlicet de negatione ab¬
240 1398 737 1443 soluta ssen simpritr & de priuatione
244 1438 740 1488 propria, quae inest alicui subiecto, &
236 1476 744 1523 alicui rei. Impossibile ergo est gnerationem,
230 1516 735 1565 fieri ex ente in actu, sed non ab eo, quid
235 1556 735 1608 in potentia, & ex priuato simpesicitue, sed
237 1594 642 1643 non a priuatione indefinita.
271 1632 735 1685 Plato autem videtur magis auferre hu¬
230 1669 737 1724 iusmodi principium, quae qui ipscum in
238 1711 729 1766 actu ponit. quoniam opinatus est ipse ge
237 1756 737 1794 nerationem fieri ex non ente, cum
236 1788 738 1834 tamen fateatur materiam esse vnum entium,
239 1831 731 1883 & sic sequitur secundum ipm ens non esse ens.
233 1868 733 1915 acceptat enim ipse dictum Parmenidis,
764 179 1285 229 qui dicit quicquid est praeter ens esse I
767 229 1263 274 non ens absolute: mox ponit mate¬
762 264 1259 314 riam esse eus, cum asserat tamen ipsam
762 304 1259 346 esse praeter ens. Nos autem distin¬
770 342 1258 393 guimus, & dicimus materiam esse in
774 382 1260 432 otentia, & priuationem esse quid
763 413 1270 466 accuns es. Differunt tamen, cum haec sit
773 461 1259 512 pars geniti illa vero non. Corruptio
768 500 1263 552 autem, quae est ipsum malum, ingredi
762 539 1261 578 tur quidem res propter priuationem,
774 576 1261 627 quam haec natura recipe solet: at
767 613 1263 672 ipsum esse, quod est bonum, res in¬
766 654 1269 698 sequitur propter formam. Hmodi er
766 694 1254 746 go natura apta est recipe bonum
764 733 1262 785 quod est forma, vel malum, quod est
777 772 1269 821 riuatio. & corruptio. Aeternitatis
766 810 1285 858 quoque priuatio rebus inest propter T
765 851 1269 890 huiusmodi naturam, hoc est eo, quod ac
764 893 1266 941 cidit ei possibilitas priuationis. Haec
768 926 1265 974 quoque natura ob eius defectum au¬
774 962 1269 1021 petit recipe formam, quemadmodum
764 1006 1264 1060 & imperfectum perfectionem, sed non
764 1045 1273 1096 appetit corruptionem, immo ipsa
765 1093 1261 1135 corruptio est quid accidens es rone
774 1124 1260 1177 priuationis. Habes igitur modos,
769 1165 1271 1216 quibus soluitur dubium, quo Anti¬
775 1205 1155 1258 qui gnationem negabant.
896 1261 1112 1315 Caput Quintum.
855 1316 1285 1362 Dhaec dicimus huiuscemodi
772 1333 1270 1410 Anaturam nec genitam per se,
762 1397 1285 1453 nec corruptibilem esse. Quoniam, si gnea¬ l
770 1436 1275 1488 retur, haberet subiectum, ex quo gi
768 1482 1274 1532 gneretur &, si sic, tunc ipsamet esse sibi
775 1516 1271 1571 ipsi subiectum. nam id, quod in poten¬
766 1557 1271 1609 tia, non separatur, neque distinguitur ab
768 1596 1274 1634 eo, quod est in potentia, & sic esset an¬
773 1637 1266 1686 teque fuisset, vel erit in actu. itidem, si
774 1677 1269 1726 corrumperetur, oporteret ipsam habere sub
767 1712 1273 1755 iectum. &, si hibeet subiectum, tunc
764 1749 1267 1794 alterum illorum duorum sequeretur incom¬
771 1797 1269 1839 ueniens, videlicet vel corrumpi an¬
766 1829 1276 1879 teque corrumpat, vniversaliese quid in actu. per
767 1876 1267 1915 accuns tamen nihil phibet dicere ipsam
