1420 2066
182 173 718 234 bum, & corrumpitur album in to
199 221 694 287 to A, tunc illud non fit, aut corru¬
200 272 691 332 pitur, nisi in B. & ideo igitur, si
195 317 687 379 fuerit album, aut non album, tunc
192 365 697 426 primo erit verum dicere hoc in eo.
201 412 695 475 &, si non, quando fit aliquid, non
195 460 688 522 est illud, & quando corrumpitur.
198 505 688 563 est illud, a quo transmutatur. aut
197 556 691 616 erit necesse vt insimul sit album,
198 597 685 659 & non album, & vniuersaliter
192 644 686 708 tale esse, & illud non esse. Si igitur
190 693 693 755 illud, quod est nunc, & non fuit an
182 741 687 802 te, necesse est vt generetur, & quocd
195 788 695 850 generatur, dum generatur, non est
196 835 689 898 illud apud genorationem, impossi¬
186 881 681 939 bile est igitur vt tempus diuidam
189 928 693 986 tur in tempora indiuisibilia, quo¬
190 974 718 1034 ntam, si fuerit Cin tempore A.
191 1020 713 1082 erit album, deinde insimul erit al¬
196 1068 717 1130 bum. est igitur album in alio tem¬
708 180 1238 243 pore indiuisibili, sed est consequens,.
720 235 1217 288 scilict in tempore B. &, quia in tempo
716 276 1226 330 re Anon fuit album, in Bvero
722 317 1222 378 fuit album, ideo necesse est vt inte
718 365 1226 431 rim sit aliqua generatio. & ideo
720 413 1223 474 necesse est vt etiam sit tempus, in
721 461 1227 523 quo fuit generatio. Et ista ratio non
719 509 1229 572 contingit eis, qui non dicunt par¬
723 554 1217 603 tes esse indiuisibiles. in puncto enim
723 603 1220 659 qui est finis, & desitio temporis, in
723 645 1223 707 quo generatur res, in eo efficitur,
725 697 1226 755 res generata, & ens, ita, quod om
720 740 1237 802 nino non sit conseques. tempora au¬
718 788 1224 846 tem indiuisibilia sunt successiua,
721 837 1220 896 Manifestum est igitur quod, quan
721 885 1227 948 do aliquid in toto tempore Age¬
716 928 1225 986 neratur, tunc illud tempus, in quo
708 977 1224 1034 veneratur, non est, in quo fuit ad¬
718 1020 1231 1083 dens toti tempori, in quo generabi
708 1076 915 1114 tur tantum.
