1416 2066
189 181 697 245 ra impossibilia. contingit enim rem
198 229 696 291 pus habere vnum principiu, et Men
198 277 691 339 suram aliquam non diuidi in men
199 325 693 386 suras, & Numeros non esse infi¬
199 373 696 435 nitos. &, cum determinatum sit
203 420 694 474 hac determinatioe, adeo, quod non
197 469 695 531 est possibile secundum alteru isto¬
204 516 689 563 rum duorum modorum, & vide¬
193 565 698 630 tur indigere cosyderatione. Decta
202 613 697 679 rabitur igitur quod quodam modo
198 660 694 722 est, & quodam modo non. Ens enim
198 709 695 770 dicitur potentia, et dicitur in actu.
189 757 693 826 infinitum est in additione, et in di¬
203 810 697 867 uisione. & mensura in actu eius
202 856 694 914 no est infinita, in diuisione vero est
202 906 697 962 infinita. non enim est difficile de¬
202 950 600 1009 struere lineas indiuisibiles.
194 1036 689 1082 Cum declarauit corpus infinitum
199 1082 697 1130 sensibile non esse simpliciter, scilicet actu,
203 1119 687 1162 fecit rememorationem de hoc, & di¬
205 1158 699 1215 cit: Manifestum est igitur, &c. i. ex
208 1201 688 1242 pdictis. D.d. & Manifestum est etiam,
202 1237 685 1283 &c. i. & manifestum est quod, si infini,
196 1278 682 1330 tum non suerit omnino simpliciter,
208 1316 695 1362 multa accident inpossibilia. accidet
200 1357 694 1411 enim tempus esse finitum. & primum no¬
204 1396 698 1447 tum est tempus esse infinitum. nullus
208 1437 696 1491 enim generat tempus, cum sit genera¬
202 1476 688 1521 tum illud, postque non fuit. & haec pre¬
205 1522 691 1566 positio Post, notat tempus praedictum.
240 1557 698 1606 Et accidit etiam Magnitudinem,
206 1589 684 1634 esse indiuisibilem, sicut est opinmio
204 1632 691 1674 dicentium partes esse indiuisibiles:
202 1671 692 1713 & secundum hoc non omnis linea diuiditur in
202 1712 680 1754 duo aequalia. & hoc est vnum funda
198 1753 694 1791 mentorum, quae ponit Geometra. &
196 1789 691 1835 similiter continget vt Numerus non
206 1830 695 1874 crescat in infinitum. & hoc est vnum
199 1869 688 1922 fundamentorum, quae ponit Arith¬
726 181 1223 233 meticus. Et, cum induxit impossi¬
719 222 1217 275 bilia contingentia, si infinitum non
722 262 1225 306 fuerit simpieciule, & iam etiam dixerat
724 301 1223 354 impossibilia contingentia, si fuerit
725 341 1213 392 simpliciter, dixit: &, cum iam deter
721 381 1217 427 minauimus, &c. i &, cum iam deter¬
727 420 1219 455 minauerimus sermonen de infinito
722 455 1212 498 secundum disputationem sub istis duobus scilicet
722 495 1210 538 quoniam impossibile est vt sit simpercitur, &
728 531 1213 583 impossibile est vt non sit simplici¬
731 573 1219 623 ter, oportet nos consyderare, & de¬
727 621 1209 664 monstrare partem veram in vtroque
726 652 1221 699 istorum duorum sermonum opposi
724 689 1223 730 torum. tales enim sermones sunt falsi
726 730 1206 770 secundum partem, non secundum torum. D.d. De¬
722 767 1212 819 clarabitur igitur, &c. i. & de elaran¬
723 807 1207 855 dum est ex praedictis, & ex eis, quae di¬
722 849 1217 890 cam, ipsum esse potentia, & non esse
729 885 1211 933 actu. quod autem non est actu, de¬
727 925 1217 963 monstratum est superius quod au¬
724 963 1215 1014 tem est potentia, declarabitur, si con
729 1001 1217 1042 cesserimus additionem numerorum
718 1042 1212 1082 in infinitum, & diuisionem mensu
721 1081 1219 1120 rae in infinitum. & ideo dixit. Et in¬
724 1117 1218 1162 finitum est in additione, &c. i. & in¬
723 1160 1211 1210 finitum potentia inuenitur in ad¬
727 1197 1221 1243 ditione numerorum, & in diuisioe
722 1244 1212 1282 mensurarum. D.d. & mensura in actu
724 1282 1217 1323 eius non est infinita. i. vt declaraui
721 1318 1217 1355 mus, in diuisione vero est infinita
725 1358 1217 1409 in potentia. & hoc manifestum est
727 1397 1215 1442 etiam, cum declarabitur quod nul
725 1437 1215 1475 la mensura est indiuisibilis. & hoc
721 1477 1207 1530 notum est etiam per se in additio¬
723 1517 1210 1554 ne numerorum, sed in diuisione
722 1556 1211 1606 mensurarum indiget declaratione
722 1596 1211 1638 tempus autem esse infinitum latet,
730 1631 1206 1687 propter hoc, quod substantia tem¬
728 1673 1222 1713 poris latet, non quia infinitum non¬
719 1709 1213 1755 est manifestum per se in tempore.
727 1751 1217 1801 & forte tacuit hoc, quia est mani¬
723 1789 1217 1834 festum, & post declarabitur in mo¬
719 1829 1220 1873 tu, si declarabitur motum esse
724 1876 873 1915 aeternum.
