1416 2066
214 181 718 222 mouet postremum motum scilicet motum se¬
229 227 715 267 quens, aut erit illic medium inter pri¬
226 257 722 299 mum motorem, & inter postremum mo¬
234 295 725 337 tum: & istud medium aut erit vnum, aut
230 334 716 379 plus qua vnum. Et intendit per primum
228 381 719 418 motorem, illud, quid non mouet, quia
226 407 716 459 aliud mouet ipsum, sed per se: & per
229 444 711 496 medium, illdm, quid mouet, quia aliud mo¬
227 492 713 529 uet ipsum. & ideo pdixit quod omnis mo¬
231 519 721 561 tor aut mouet per se, aut per aliud. Sunt
222 556 717 598 ligitur tria, primus motor, & medius
226 597 719 644 motor, quid est motum, & postremum
233 630 720 674 motum, quid non mouet omnino. v. g. quod
230 670 721 717 baculus mouet lapidem, & manus ba
235 705 710 746 culum, & homo manum. D.d. hoc ve¬
231 747 719 790 ro, &c. i. homo vero in hoc exemplo est
226 779 707 831 primus motor. & intendit per homi¬
230 817 709 858 nem virtutem mouentem manum homins,
229 855 711 898 & medius motor est manus, & ba¬
234 892 713 933 culus, & postremum motum est lapis. D.
234 933 719 970 d. Et nos dicimus in eis, &c. & inten
231 968 720 1010 dit in primo, & medio. & hoc inten
227 1007 713 1056 debat cum d. postremum. D.d. sed di¬
226 1045 721 1093 gnius est primum. i. sed dignius est mo
230 1083 723 1122 uere primum. D.d. ipsum enim mouet
226 1121 717 1168 postremum, non postremum primum. i.
232 1157 716 1201 quoniam primum non indiget secundo vt sit
228 1195 718 1242 motor, sicut secundum medium indiget vt sit
232 1235 720 1275 motor primo: & ideo medium non est
230 1269 705 1307 motor in actu, nisi per primum. Pri
232 1308 713 1348 mum igitur est prius illo secundum naturam,
227 1344 715 1386 & secundum causam, secundum naturam autem, quia,
237 1381 719 1426 cum aufertur, aufertur medium: & cum fuerit,
231 1422 714 1458 non sequitur vt sit medium: sed, cum fuerit
232 1454 718 1498 medium, sequietur quod primum sit necessario¬
237 1509 715 1555 Quod necesse sit deuenire ad primum ali¬
275 1549 683 1601 quod, quod vel sit immobile, vel
302 1589 645 1635 moueat sei psum. Cap. 3.
260 1637 726 1690 Iergo necesse est omne, quid
229 1652 715 1743 Qmouetur, ab aliquo moue.
301 1721 721 1762 ri, et aut ab eo, quid mouetur ab
224 1765 718 1818 alio, aut non: & si ab alio qui¬
223 1804 720 1859 dem, quod mouetur, necesse est
748 189 1233 226 aliquid esse primum mouens,
750 228 1241 272 quod non ab alio. Si autem huiusmodi est
753 264 1247 314 primum, non necesse est esse alte¬
745 304 1238 354 rum. impossibile enim est in infini
751 348 1238 398 tum abire mouens, & ipsum, quid
750 386 1243 434 mouetur ab alio. ifinitorum enim
745 431 1233 482 nihil est primum. Si ergo omne qui¬
746 469 1239 522 dem, quod mouetur, ab aliquo mo¬
748 511 1243 554 uetur, primum autem mouens mo
754 551 1241 595 uetur quidem, non autem ab alio, ne
751 595 1237 634 cesse est ipsum a seipso moueri.
792 649 1248 714 Si igitur est necessarium, vt omne
746 700 1241 754 motum moueatur ab alio, &, vt
749 749 1225 795 motus eius sit ab alio, aut ita
746 797 1240 853 quod non sit motum, aut ita, quod
749 845 1243 890 sit motum: et si motus eius fuerit
749 888 1241 947 ex alio moto, necesse est hic esse pri¬
751 948 1237 994 mum motorem, qui non mouetur
750 980 1237 1042 ab alio. Et, si non, sequitur, si pri¬
747 1028 1241 1086 mum fuerit huiusmodi, vt postre¬
747 1076 1231 1135 mum sit necessario. impossibile enim
752 1121 1236 1170 e hoc procedere in infinitum, hoc,
757 1168 1238 1231 quod motum sit motum seper ex
747 1212 1236 1276 alio. infinita enim non habent principium
751 1271 1243 1322 mino. Si igitur oe motum moueatur
746 1309 1257 1366 ab alio, & primus motor moue¬
751 1355 1241 1411 tur, sed no mouetur ab aliquo, se¬
754 1410 1233 1458 quitur necio, vt moueatur ex se.
789 1469 1238 1507 Cum posuit quod omne motum habet moto¬
751 1509 1238 1547 torem: & posuit secundo quod omnis motor
749 1541 1243 1586 aut mouet, quia aliud mouet ipsum,
748 1581 1241 1630 aut mouet, quia ipm mouet, & n mo
757 1616 1241 1664 uetur & posuit tertio quod motor est duo¬
750 1653 1238 1703 bus modis, primus, & medius inter pri¬
759 1700 1245 1752 mum, & ipsum motum: & posuit quarto
758 1727 1246 1770 quod primus motor prior est namliter me
746 1765 1242 1817 dio, vult congregare istas propones
749 1805 1243 1859 in duobus syllogismis hypotheticis,
