1416 2066
184 177 691 232 latio sit aeterna. Et, quia aliquis po
200 217 693 266 test dicere quod forte rtansmutatio, quae
197 255 689 298 est in substantia, est prior aliis mo¬
199 300 696 344 tibus, quia praedicamentum substantiae
198 339 685 383 est prius aliis praedicamentis, inco¬
198 373 695 422 pit declarare etiam quod motus localis
203 406 691 455 praecedit transmutationem in substan¬
201 452 691 498 tia, quae dicitur generatio, & corru¬
200 492 688 530 ptio, & d. Et etiam priucipium om¬
196 525 689 570 nium passionum, &c. i. & etiam prim
201 559 697 611 cipium omnium qualitatum apd Anti¬
198 599 697 642 quos est densitas, & raritas. Existit
199 636 690 688 mant enim quod omnes primae qualitates, sicut
197 684 688 723 grauitas & leuitas, mollities & dur
202 713 693 760 ties reducuntur ad istas duas qualita¬
200 750 693 802 tes. existimatur enim quod graue est desum
201 797 687 838 quodam modo, & leue rarum quo¬
200 820 692 869 dam modo. & similiter existimatur
198 862 695 907 quod durum est densum, & molle rarum.
203 902 693 938 & similiter calidum existimatur es¬
202 940 693 990 se rarum, & frigidum densum. Et
198 977 684 1018 Et haec non est opinio Arist. sed in
200 1020 690 1058 tendebat declarare quod hoc commu¬
198 1053 700 1090 ne est duabus opinionibus, scilicet
194 1090 694 1142 opinioni Arist. qui dicit quod pricipia
205 1133 693 1178 tiamsmutationis sunt qualitates qua
203 1169 699 1218 tuor, scilicet caliditas, & frigiditas, &
203 1204 693 1242 humiditas, & siccitas, & opinioni eo¬
194 1241 691 1290 rum, qui dicunt quod principium om¬
198 1284 695 1329 nium qualitatum est densitas, & ra¬
204 1321 699 1366 titas: & sunt illi, qui dicuntus partes esse
198 1357 686 1406 atomos. Et, cum posuit quod funda,
194 1398 696 1434 menta qualitatum apud istos sunt
203 1433 685 1472 densitas, & raritas, d. & densitas, & ra¬
202 1476 697 1520 ritas sunt congregatio, &c. idest &
196 1509 690 1546 densitas, & raritas secundum opinio
197 1545 689 1596 nem istorum est congregatio, & se¬
195 1583 695 1632 gregatio partium. & sunt modi, se¬
199 1620 689 1659 cundum quos dicunt substantias oe¬
196 1650 699 1712 nerari, & corrumpi, illi, qui concedunt
198 1697 690 1749 substantias gnenrari, & corrumpi. dicebant
202 1737 694 1778 enim quod gneoatio indiuidui est congregatio
202 1774 693 1827 partium, & corruptio est segregatio
199 1811 694 1867 lllarum. Et, quia omnia ista redusum
726 172 1223 230 tur ad segregationem. & congrega¬
730 211 1224 265 tionem, & cogregatio, & segregatio
731 260 1217 291 videntur esse in loco, d. & quod con
726 288 1218 341 gregatur, aut segregatur necesse est
727 325 1223 367 &c. i. &, cum ita sit, necesse est vt mo
727 364 1221 410 tus localis praecedat omnes transmu¬
722 405 1217 451 tationes secundum hanc opinionem,
723 440 1225 482 & similiter secundum opinionem veram. Dein¬
728 477 1222 527 de dedit aliam rationem in augmen
723 517 1217 556 tabili a praedicta, & d. & etiam aug¬
729 556 1220 594 mentabile, & diminuibile mutant
724 592 1220 634 locum secundum magnitudinem.
722 627 1216 680 i. vt mihi videtur, quod augmentabile
721 671 1216 719 necesse est quod nutrimentum transfe¬
726 704 1213 755 ratur ad ipsum, & tunc augebitur,
722 748 1237 786 & similiter diminuibile necesse est,
728 781 1219 826 vt transferatur ab eo aliqua pars eius,
731 820 1221 858 & tunc diminuatur, & secundum hoc
726 860 1222 906 motus localis praecedit motum aug
731 894 1061 946 menti, & diminutionis.
764 946 1218 989 Amplius & hinc consysideram
735 988 1221 1035 tibus erit manifestum quod latio pri
726 1036 1218 1082 ma est. primum enim vt & in aliis, sic
726 1069 1216 1122 & in motu dicetur vtique multi¬
722 1110 1219 1154 fariam. Dicitur autem prius, & quo
719 1154 1213 1196 non exiite non erunt alia, illud ve¬
724 1191 1221 1242 ro sine reliquis. Et quod tpere. Et
722 1234 1217 1282 quod secundum substantiam. Quare, quoniam
723 1278 1221 1314 motum quidem necessarium est esse
725 1324 1227 1362 continue, erit autem continue, aut
722 1364 1224 1412 qui continuus est, aut qui conse
723 1398 1221 1442 quenter, magis autem qui continuus
723 1442 1225 1490 est, & melius est continuum, quam
727 1483 1224 1523 consequenter esse: quod autem me
721 1524 1223 1564 lius est, semper arbitr amur in na
726 1562 1224 1610 tura esse, si possibile est: possibile autem
721 1604 1219 1650 est continuum esse, demonstrabi¬
719 1646 1223 1698 tur autem posterius, nunc autem hoc
726 1687 1219 1737 supponatur, & hunc nullum pos¬
720 1730 1216 1770 se esse nisi lationem: necesse est ita¬
732 1773 1224 1818 que lationem esse primam. nulla enim
724 1813 1218 1857 necessitas est aut augmentari, aut
