1416 2066
187 140 680 187 tate, densitate, & raritate, et eis.
199 176 689 234 quae sunt inter ista quonia per ista
194 221 689 266 differut corpora sesibilia, aut secum
202 267 684 328 du magis & minus i aliquo istorum
202 310 691 370 aut secudum quod patiutur aliquod
198 361 685 418 istorum. corpora enim animata, et
202 401 691 458 similiter inanimata, et illud, quod
198 449 684 506 est ex partibus animatorum, non
194 493 688 554 animatum, quando calefacta sunt
202 541 681 602 aut infrigidata, aut amarificata.
196 589 693 650 aut dulcefacta, aut passa aliqua
200 636 599 690 praedictorum, alterata sunt.
241 684 692 722 Cum declarauit quodomnis motor motu
203 716 687 767 loc ali, ita, quod sit causa agens, non est
205 763 693 795 medium inter illud, quod mouet, &
203 791 690 834 illud, quod mouetur ab eo, vult decla
209 829 692 879 rare etiam hoc in alteratione. a Et, quia
206 869 682 914 qualitatum attributarum alterationi
200 907 691 953 aliae sunt primae, vt caliditas, frigidi
204 947 680 978 tas, humiditas, & siccitas, & aliae se
201 984 681 1018 cundae, & sunt illae, quae fiunt ex istis
202 1014 688 1057 v. g. desum, & rarum, & color, & sapor.
206 1056 687 1102 Et, quia hoc non apparet inductions,
200 1089 689 1131 nisi concedatur quod istae secundae fiunt
201 1126 691 1178 ex primis, deinde ponatur per indu
198 1163 684 1202 ctionem quod primae non fiant, nisi motor
200 1202 684 1250 tangat motum, Bv. g. calefaciens ca
202 1237 693 1286 lefactum, incaepit dicere quomodo sequitur ex
200 1273 684 1324 hoc, si aliquod corpus condensetur, vt con
203 1311 686 1362 densans tangat ipscum, secundum quod infrigidans
203 1348 687 1400 tagit infrigidatum: & similiter illdm, quid rare
205 1385 692 1432 sit, vt tangatur a rarefaciente, secundum quod est
204 1427 684 1459 calefaciens. & ideo dixit: desum enim &c.
202 1460 682 1498 .I. densum enim affert quodnem in hoc, quoniam
208 1496 684 1546 pont aliquis dicere quod non est necesse
204 1533 684 1576 vt illud, quid densatur non densetur, donec
198 1570 684 1621 tangatur ap alio deso. c & adhuc de
198 1605 682 1650 sum non alteratur, nisi secundum quod est sensi
202 1647 685 1697 bile, & secundum quod est in capho qualitatis,
202 1682 694 1730 non in caplo positionis. &, cum sit in
195 1719 691 1770 caplo qualitatis, tunc principium mo
718 124 1216 170 tus eius erit aut a caliditate, aut a fri¬
720 171 1210 216 giditate: & caliditas, & frigiditas sunt
718 204 1204 247 pricipia alterationis: & alterans neces¬
720 238 1206 282 satio est cum alterato. D.d. Et sensibi
715 277 1211 327 lia sunt, &c. & intendit corpa consi¬
719 317 1211 354 milium partium. d diiturae enim istorum sunt,
714 353 1211 402 in sensibilibus per qui, que sensus: & pri
716 397 1203 437 ma sensibilia sunt primae qualita¬
714 431 1209 469 tes actiuae earum: & sunt caliditas, &
719 464 1204 506 frigiditas, & humniditas, & ficcitas. Et,
718 507 1213 546 quia intendit syllogitare quod demsum, &
715 538 1199 578 rarum sunt qualitates, non positiones
720 572 1204 610 sic densum, & rarum sunt vltimae dietra
714 613 1202 662 corporum consimilium: & diciturae corporum
716 646 1202 698 consimilium sunt sensibiles: ergo den¬
723 684 1209 722 sum, & rarum sunt de qualitate. e &
722 722 1211 770 grauitas, & leuitas sunt nuneratae in
717 757 1202 797 tactu, & similiter durities, & mollities, &
718 796 1211 837 sonus, & silentium in auditu, & albedo,
718 837 1207 881 & nigredo in visu, & dulcedo, & ama
719 876 1202 919 ritudo in gustu. & voluit nuerare eas
718 916 1210 953 vt appareat per inductionem quod vnaquaeque
714 946 1213 991 earu non completur, nisi per alterationem: &
718 981 1207 1027 in alteratione alterans semper est cum
717 1014 1207 1058 alterato. D.d. aut secundum quod patiuntur ali¬
719 1061 1198 1098 quod istorum. i. & quod omnia corpora mo
719 1094 1205 1131 ta non diuersantur, nisi panendo secundum ali¬
719 1132 1202 1174 quam istarum qualitatum: siue corpa fue
720 1165 1199 1210 rit animata, aut in animata. & dixit hoc, quod
716 1202 1199 1250 corpus non acit aliquam istarum qualita¬.
718 1237 1207 1274 tum, nisi quia disponitur per illam. Et, cum po
716 1272 1208 1321 suit quod istae sunt diciturae sensibilium, & fu
720 1309 1209 1359 it manifestum in omnibus, quoniam indioent in hoc
727 1338 1202 1397 per pariantur secundum vnanquamque istarum qua
716 1381 1199 1427 litatum, vt calefiant, aut infrigidentur fed
719 1427 1194 1472 quia calefaciens, & infrigidans tangit cale
717 1458 1206 1500 factum, & ifrigidatum, verificauit illud,
718 1495 1213 1543 quod intendebat declarare, & est, quod omne
715 1533 1205 1583 alterans tangit alteratum. & hoc intende¬
722 1572 1207 1611 bat, cum dixit: corpa enim animata, &c. i. &
719 1612 1205 1650 necesse est vt isti sint modi alteratio
719 1652 1211 1691 nis. quia omne corpus animatum, aut ina¬
719 1681 1211 1722 nimatum non dicitur alterari, nisi cum
713 1718 1211 1762 calefit, aut infrigidatur, aut patitur,
