1416 2066
213 180 723 226 tidit in contrarijs habentibus inter,
226 217 714 267 ponendi sunt de numero motuum,
229 261 705 299 qui sunt ad contraria quodammo
231 292 717 344 do Et dixit tanque ad contraria quo¬
230 332 713 370 dammodo. a quia medium est con
237 367 717 416 rarium vtrique extremorum, non sim¬
236 405 715 443 pliciter, sicut alterum extremum est
228 443 714 482 contrarium reliquo: sed medium est
226 480 713 522 contrarium vtrique per illud, quid est in
233 524 716 561 eo de reliquo extremo. & contrarie
226 563 715 594 tas eius differt a contrarietate extre
226 592 710 634 mi in hoc, quoniam contrarium in eo scilicet vnum
213 630 712 671 extremum non est in sua vltima per¬
222 668 710 719 fectione, sicut est in ipso extremo.
213 707 705 754 D.d. quoniam apud motus, &c. i. & cau¬
213 742 705 786 sa in hoc, quod motus, qui sunt ad in¬
228 780 708 825 ter, sunt ad contrarium quodammo,
230 824 704 858 est, quoniam, inter est de motibus perue
233 853 701 904 nientibus ad ipsum, quasi contra¬
226 892 713 930 rium, apud transmutationem eius ad
224 929 709 969 vtrumlibet exrremum. b quoniam inter,
224 972 714 1017 est contrarium vtrique extremo, quia
237 1004 709 1043 trunque extremum inuenitur in eo non
234 1039 711 1091 perfecte. v. g. quoniam in transmutatione,
236 1084 715 1125 quae fit de vindi in album, viride est
234 1124 710 1168 quasi nigtum. viride enim non transmu
229 1150 711 1202 tatur in album, nisi secundum quod est in eo
231 1189 713 1240 de nigro, non secundum quod est in eo de al¬
226 1225 706 1276 bo. & etiam, quando viride transmutatur in
221 1263 715 1314 nigrum, transmutatur secundum quod est in
222 1300 706 1352 eo de albo, & similiter, quando album transmu
223 1342 707 1379 tatur in viride, transmutatur in ni¬
224 1378 709 1430 grum, quid est in viridi, & quando nigrum
228 1413 709 1458 transmutatur in viride, transmuta
221 1452 709 1491 tur in album, quid est in eo. & hoc inten¬
215 1484 711 1541 debat cum d. v. g. quoniam in transmuta¬
221 1524 715 1570 tione, &c. i. vitide in eo reputatur, qua
218 1565 710 1617 si nigrum: quoniam transmutatio ex eo
226 1600 708 1642 non est, nisi ex parte nigra, quae est in
227 1636 715 1682 eo. D.d. & similiter transmutatio de
224 1677 709 1725 albo in viride, i. quoniam tunc viride te¬
223 1716 705 1766 netur quasi nigrum. D.d. & transmu¬
213 1751 708 1804 tatio de nigro ad viride reputatur
216 1797 714 1841 quasi album, i. quod viride tenetur in hac
749 172 1233 219 transmutatione, quasi album. D.d.
749 215 1231 258 medium enim opponitur quodammo
746 260 1236 294 vtrique extremo, quando comparatur, i. &
743 288 1231 333 cam in hoc, quoniam medium est vtrunque
742 325 1240 363 extremum. D.d. Et secundum hoc, &c. i. secundum
743 364 1235 414 hoc igitur omnis motus, qui est contra¬
747 398 1232 442 rius alii motui est contrarius secundum il
742 438 1243 479 lud, ex quo, & secundum illud, ad quid, siue
741 477 1233 514 fiant motus ad media, aut ad extre
739 513 1237 554 ma duo. & sic est intellicendum de mo¬
737 542 1235 594 tibus, qui sunt de medio in medium.
773 589 1221 642 Quae Quies cui motui, & cui quieti
813 628 1148 674 opponatur. Cap. 1.
862 665 1238 707 Voniam autem motui non
834 679 1238 751 solum vnidetul motus esse com¬
776 744 1234 795 net,uo trarius, sed et quies, hoc
738 785 1228 835 determinandum est. simpercitur enim com
743 826 1231 867 trarium est motus motui. Op¬
740 869 1232 921 ponitur autem & ques priuatio enim
740 905 1228 946 est. Est autem, vt & priuatio con¬
746 949 1234 997 traria dicatur. qualis autem quali,
743 997 1233 1040 vt ei, qui est secundum locum, ea, quae
743 1028 1234 1079 est secundum locum. sed hoc quidem nunc
742 1068 1227 1116 dicitur simpliciter. vtrum enim ei, quai
739 1109 1225 1163 est hic, quietiis, qui est ex hoc,
740 1148 1237 1208 aut qui est in hoc, motus opponitemr,
769 1189 1231 1254 Et quia existimatur quod illud,
740 1237 1231 1294 quod est contrariu motui, non est motus
738 1284 1227 1344 tantu, sed quies, oportet etiam nos de¬
741 1326 1233 1394 terminare hoc. Dicamus igitur
745 1374 1225 1440 quod motus opponitur motui, &
743 1421 1235 1483 et quieti, quia est priuatio. Et quo
739 1469 1237 1529 dammodo dicitur quod priuatio
743 1517 1239 1570 est cotrariu, i. quod priuatio alieu
738 1573 1237 1626 ius motus, v. g. quonia cotrarium
740 1602 1240 1666 motui in loco est quies in loco. sed
740 1656 1242 1714 hoc dictum est indefinite. quoniam,
745 1701 1231 1762 perscrutandum est vtrum illud,
740 1749 1238 1811 quod opponitur quieti, est motus
741 1796 1133 1843 ex hoc, aut motus ad hoc.
