1416 2066
192 177 699 226 quod non sunt in materia: & hoc commune est
192 217 699 268 &eometrae & Astrologo: sed consyde
205 251 693 299 ratio Geometrae est magis abstracta,
204 293 688 338 & magis remota a materia: consyde
206 332 683 382 rat enim de figura simplici: Astrolog
216 362 698 417 vo de figu. termiat, scilicet corpe coelesti.
245 412 688 465 Latent autem qui hoc faciunt
208 454 691 510 et qui ideas dicunt. 7physica enim
212 501 694 551 abstrahunt, cum minus sint abstra
207 541 692 586 cta mathematicis. Eiet autem hoc
211 580 696 634 manifestum, si aliquis vtrorumque tenta
212 626 699 675 uerit dicere terminos, & ipsorum
212 676 691 715 et accidentium. ipar enim erit et par,
204 716 704 754 et rectum et curuum, adhuc autem et
210 749 698 794 numerus, et linea, et figura sine
192 792 696 835 motu. caro autem, et os, et homo non
200 838 692 875 amplius. sed haec, sicut narissi¬
205 877 693 922 ma, sed non sicut curuum, dicuntur,
247 916 690 979 Et dicentes formas faciunt hoc
204 964 688 1026 absque eo quod percipiunt. separant
203 1013 697 1075 enim formas naturales et in respectu
202 1061 689 1122 mathematieorum minu separan
201 1117 693 1170 tur. Et hoc potes scire, si incoepe¬
194 1156 684 1218 ris definire vtrunque modum, scili¬
200 1205 687 1251 cet naturam, & accidentia. in¬
194 1253 684 1314 uentes enim definitionem paris, &
197 1300 683 1368 imparis, & recti, & curui, &
199 1347 683 1405 etiam numeri, & lineae, & fi¬
192 1401 690 1458 gurae extra motum, quod non in¬
201 1450 698 1498 uenies in definitione carnis, aut
202 1497 688 1555 ossis, aut hominis. sed ista dicun¬
200 1549 688 1607 tur sicut dicitur simus, non sicut
201 1588 443 1642 dicitur curuus.
241 1653 697 1706 Intendit per dicentes formas Pla¬
201 1692 693 1744 tonem. & contingit istis separare for¬
205 1738 691 1771 mas naturales ratione, quia sunt se¬
198 1774 684 1818 paratae in esse apud eos: & manife
202 1811 695 1850 stum est quod quicquid separatur ab
204 1853 700 1890 esse, sepearatur ratione, & non conuer
726 181 1205 218 titur, vt existimant dicentes res ma
727 217 1215 259 thematicas separari. & dixit dicen¬
724 257 1217 307 tes formas, &c. i. & contingit dicen¬
728 293 1213 338 tibus formas esse definire formas
724 333 1218 371 naturales abstractas a materia: vt
727 369 1217 418 facit Geometer in superficie, & li¬
724 408 1220 458 nea: & non percipiunt hoc, quod
731 446 1213 498 contingit eis. D.d. separant enim for¬
722 484 1215 541 mas naturales, i. contingit eis hoc, quia
726 524 1216 562 separant formas namles in esse a ma qua
724 557 1221 610 re continget eis facere similiter hoc
724 599 1211 642 in definitionibus, & non percipiunt.
731 638 1215 692 D.d. & in respectu mathematico¬
731 684 1216 729 rum, &c. i. &, cum comparantur ista
728 716 1208 762 & mathematica, inuenietur, aut non
723 754 1213 795 separari omnino, aut separari mi¬
729 791 1211 845 nus qumilla. & dixit hoc, quia quae¬
723 835 1215 875 dam formae sunt magis separabiles
725 869 1213 924 a materia quae quaedam. Deinde cer¬
725 913 1215 954 tificauit hoc ex definitionibus, &
728 949 1216 999 dixit: Et hoc potes scire, &c. & inten¬
727 989 1217 1041 dit per accidentia, illa, de quibus Geo
722 1029 1217 1079 meter consyderat. & hoc, quod dixit,
724 1072 1216 1114 manifestum est per se. quoniam, cum
720 1107 1213 1154 definiuerimus par, & impar, sicut di¬
718 1147 1213 1186 xit, & vniversaliter numerum, & accidentia
724 1183 1219 1234 numeri, & similiter magnitudines,
731 1225 1215 1276 & accidentia earum, non appare¬
730 1261 1219 1306 bit materia in definitione earum,
721 1301 1219 1346 quae est causa transmutationis. cum
718 1344 1215 1385 autem definiuerimus carnem, &os,
722 1380 1216 1430 & alia naturalia, statim apparebit
724 1420 1216 1458 materia in definitione eorum. &
723 1458 1209 1502 ideo dixit in istis quod definiuntur, si¬
727 1495 1208 1538 cut definitur simitas, & vniuersali
727 1538 1200 1577 ter accidentia naturalia, non ma¬
724 1573 1200 1618 thematica, sicut curuitas, & alia.
726 1613 1202 1658 Et induxit exemplum de si mitate
722 1653 1221 1702 quia manifestum est quod in definitio
722 1689 1212 1730 ne eius accipitur nasus, cum dici¬
726 1729 1210 1771 tur. quod simitas est nasus cauus
722 1769 1214 1810 in cauitate autem non apparet ma¬
731 1805 1219 1858 teria: cauitas enim est depressio su¬.
730 1844 870 1898 perficier.
