1416 2066
223 181 732 237 extra naturam, habent quietem
236 229 728 290 oppositam. si igitur, non habent hoc
230 276 738 330 erit inopinabile. quonia tunc rema
226 321 737 362 nebit res in violentia, & erit ali¬
235 364 733 428 quid, quod nunquam quie scet sine ge
235 412 728 474 neratione. Manifestum est ergo
231 457 731 517 quod habet. quonia quemadmodu
234 515 729 554 res, quae mouetur extra naturam,
234 552 595 610 quiescet extra naturam.
279 596 736 647 Ista est prima quod, quam induxit
238 637 738 687 prius, & non inuenitur in quibusdam li¬
233 671 733 720 pris, & forte iterauit eam ad complen¬
238 707 727 758 dum sermonen. quoniam in illo sermone
235 746 735 796 negauit vt quies, quae est extra na¬
238 783 731 833 turam, habet generationem: ergo est
234 827 733 867 semper, quod est inopinabile. & quies,
236 861 732 899 quae est extra naturam, videtelr fieri per
238 894 729 946 sensum semper: Dissoluit igitur hanc
237 933 736 978 quodnem ita, quod generatio dicitur de illo, & de
235 978 731 1019 quiete naturali multipliciter, & di¬
236 1012 739 1058 xit: Et quaeret homo, &c. i. & quaeret
233 1044 725 1088 homo, sicut diximus, de cessatione,
235 1085 734 1124 qua est ire ad cessandum in motibus, qui
237 1122 735 1162 sunt extra naturam, vtrum hiabunt quietem
238 1157 707 1194 intentam, sicut hisunt motus naturales.
235 1197 722 1246 Et non intendit per quietem oppositam
239 1233 726 1280 quietem, de qua dixit prius quod est con¬
223 1269 730 1320 traria motui scilicet quietem in eo, ex quo¬
240 1306 732 1347 sed intendebat quietem ad quam est
240 1343 714 1386 motus. & dixit oppositam, large.
239 1380 729 1430 Et, cum narrauit quod quaestio est d quieus
242 1427 736 1458 esse non naturalis, quae est motuum non
240 1457 727 1508 naturalium, dixit: si igitur non hiabunt
235 1492 730 1543 hoc erit inopinabile. I. si igitur non
242 1530 735 1580 sisnt quietem vt detanmun est prius, quia
243 1566 729 1610 non hiabett gnerationem, erit inopinabile.
234 1604 729 1649 apparet enim sensui quod hic sunt aliqua,
233 1645 735 1690 qua quiescunt violente, & non natu¬
240 1677 733 1727 Etes. & hoc intendebat, cum dixit: quoniam
235 1718 731 1762 aliquid remanet in violentia. i. quoniam
244 1751 730 1794 apparet sensui quod aliquid quiescit in
241 1787 729 1843 loco per violentiam. D.d. & sic erit
765 181 1267 231 aliquid, quod nunquae quiescit sine ve
764 209 1259 267 neratione. i. & nullum inopinabile
763 256 1257 297 est maius quae ponere quod quies violen¬
764 292 1253 343 ta est facta, & non habet generationem.
778 333 1253 375 D.d. Manifestum est ergo quod habet,
763 366 1253 410 &c. i. &. cum quies violenta est mo
767 405 1259 455 tuum, postque non fuit per sensum, ma¬
763 445 1253 489 nifestum est quod habet gnerationem, sed ge
761 479 1253 527 neratio in hac quiete non habet ean¬
761 518 1250 569 dem intentionem cum generatione
758 553 1257 606 in quiete naturali. & hoc fuit neoa
764 584 1248 635 tum in sermone praedicto a motibus
768 628 1255 678 non naturalibus. sed ista quies sit a
763 668 1255 706 motu, qui est extra naturam, & mo
761 704 1247 750 do, quo iste motus, qui est extra na¬
763 745 1251 791 turam, inuenitur in corpore, scilicet quoniam quen¬
764 778 1257 818 admodum iste motus est a cam extrinse
766 815 1251 858 ca violenta, similiter quies violenta inue¬
765 860 1259 902 nitur post istum motum, sicut quies na
766 890 1253 939 turalis, quae est a cam quae est in re, inue
762 927 1250 970 nitur post motum naturalem, qui est
767 965 1251 1002 in re a natura. I. a causa existente in
764 1003 1255 1042 re. Et hoc intendebat, cum dixit: quen¬
758 1045 1256 1089 admodum res, quae mouetur extra na
765 1075 1259 1127 turam, &c. i. & quies est ei, secundum quod est
762 1114 1252 1156 motus, quemadmodum quies est in re,
766 1152 1257 1194 secundum quod est motus naturalis scilicet quoniam, sicut
764 1189 1250 1234 motus dicitur multipliciter de naturali,
762 1230 1253 1273 & violento, ita est de quiete natura¬
766 1263 1251 1312 li, & violenta. & quaestio accidit ex
763 1300 1161 1349 hoc, quod ponebantur vniuoca.
810 1341 1248 1386 Quoniam autem est quibusdam
763 1388 1255 1427 motus secundum naturam, & praeter
765 1436 1253 1478 naturam: puta ignis, qui sursum
759 1469 1258 1506 secundum naturam, qui autem
764 1509 1259 1546 deorsum praeter naturam: vtrum
762 1549 1247 1598 hic contrarius, aut qui terraechaec
758 1589 1248 1627 enim fertur secundum naturam
759 1629 1243 1677 deorsum. Aut palam quia am¬
761 1669 1257 1717 bo, sed non eodem modo. sed qui
758 1709 1249 1754 quidem secundum naturam est
758 1748 1249 1786 secundum naturam existentis:
759 1796 1247 1843 eius autem, qui ipsius, qui sursum,
