1416 2066
216 172 718 218 fuerit diuisibile, nedum cum fueril
231 216 729 258 indiuisibile. &, cum non fuerit mo¬
228 253 721 291 tum, erit quiescens. D.d. possibile est vt
231 293 719 339 sit motus compositus non ex moti¬
231 327 722 370 bus, sed aut ex quietibus, aut ex vlti
227 365 716 402 mis motuum. & totum hoc est ipossbe.
233 400 720 441 Et, cum destruxit consequens in hoc
226 437 729 482 syllogismo, quem primo posuit, di¬
235 477 729 517 cente quod si magnitudo fuerit indiui
236 514 723 554 sibilis, quod motus erit indiuisibilis. i.
232 549 723 597 compositus ex indiuisibili, conclusit op
229 588 717 638 positum pEecedentis, & est quod magnitu¬
231 629 721 666 do non est composita ex indiuisibili.¬
254 661 721 711 Et iste sermo componitur ex syllo
237 697 712 749 gismis hypothencis, quorum Pri
237 740 723 788 mus est, Quod, si magnitudo fuerit
234 773 721 810 indiuisibilis, motus etit indiuisibilis.
230 813 717 849 Secundus autem est, Quod, si motus
231 847 719 886 fuerit indiuisibilis, motum erit in¬
234 885 725 933 diuisibile. Tertius vero est, Quod, si
232 922 725 962 motum fuerit ii: diuisibile, tunc mo
234 962 717 1002 tum insimul iam est motum, & mouetur
231 997 718 1050 ant motus erit compositus ex quietibus.
278 1044 723 1089 Perinde autem necesse est, atque
232 1086 720 1138 longitudo, motusque, indiuisibi¬
233 1131 721 1178 de esse tempus, componique ex ip
230 1167 724 1210 sis nunc, & his quidem indiuisi
234 1208 723 1258 bilibus. si enim omnis diuisibilis est,
228 1253 725 1298 in minore autem tempore aeque
227 1289 727 1330 velox transibit minus, diuisibi
227 1332 727 1369 le erit & tempus. si autem tempus
226 1368 727 1418 diuisibile est, in quo fertur aliquid
220 1412 618 1458 per A, & Aerit diuisibile.
270 1448 707 1508 Et ad modum longitudinis, &
224 1493 720 1555 motus necessario sequitur vt tepus
223 1541 716 1602 sit indiuisibile, & compositum ex¬
218 1585 723 1642 instantibus, quae sunt indiuisibilia.
219 1633 727 1696 si igitur hoc fuerit diuisibile, & il
216 1677 720 1739 lud, quod est aequalis, velocitatis.
222 1725 720 1779 pertransit in minori tempore per
222 1773 722 1827 minus spatium, tunc tempus erit
750 173 1259 235 diuisibile. &, si tempus, in quo il¬
751 226 1248 282 lud mouetur per spatium A, fue¬
749 269 1251 331 rit diuisibile, tunc spatium, quod
759 316 1133 374 est pars A, erit diuisibile.
794 365 1241 415 Cum declarauit quod magnitudo non
754 405 1243 442 est indiuisibilis: quoniam, si fuerit indiui
753 438 1244 482 sibilis, motus erit indiuisibilis: &, si
750 484 1244 514 motus erit indiuisibilis, motus non
759 514 1230 555 erit: incoepit declarare quod similiter decla¬
753 549 1250 598 rabitur & ex tpere etiam scilicet quod cum fue
751 594 1241 638 rit positum quod magnitudo est idiuisi¬
756 625 1238 666 bilis continget in tempore illud, quid
754 662 1243 711 contingit in motu scilicet vt sit indiuisibi
754 697 1235 739 le. ex quo accidit vt non sit velocius
756 738 1229 778 & tardius, vt post dicet. Et hoc inten
758 773 1247 810 debat, cum dixit: Et ad modum, &c. i.
757 810 1237 861 &, sicut contingit in logitudine, & mo
757 846 1238 897 tu quod, si logitudo fuerit indiuisibilis,
751 884 1247 936 sequitur vt motus sit indiuisibilis, similiter
756 922 1245 970 contingit in logitudine, & tper scilicet quod, cum
748 960 1241 1010 longitudo, per quam est motus, fue¬
753 995 1245 1048 rit indiuisibilis, sequitur vt tempus etiam sit
758 1034 1245 1074 diuisibile. i. compositum ex instanti
749 1070 1241 1114 bus, quae sunt indiuisibilia. Et, cum
754 1109 1251 1158 narrauit quod, cum magnitudo fuerit
755 1143 1246 1194 composita ex indiuisibilibus, sequitur,
756 1182 1245 1231 vt tempus sit compositum ex indiuisi
755 1216 1247 1270 bilibus, incoepit declarare quodo sequi
750 1257 1252 1307 tur, quod, si alterum fuerit diuisibile, re
747 1292 1241 1344 liquum erit diuisibile, quoniam hoc de¬
758 1336 1242 1372 clarato declarabitur contrarium, & d.
754 1370 1248 1410 si igitur fuerit diuisibile, &c. i. si igitur
752 1407 1245 1456 magnitudo, per quam est motus, sue
746 1445 1237 1494 rit diuisibilis, & est notum per se, quod illdm,
754 1482 1243 1530 quod est aequalis velocitatis, si pertram
751 1517 1245 1568 sit per aliquam magnitudinem in aliquo
751 1557 1242 1603 tpere, necesse est vt pertranseat per quam
758 1597 1249 1642 dam partem illius magnitudinis in quo
751 1630 1244 1681 dam illius temporis. quoniam, cum magni
756 1663 1257 1714 tudo fuerit diuisibilis, decesse est vt
753 1708 1236 1747 tempus sit diuisibile. nam, cum posuerimi
756 1739 1249 1790 magnitudinem diuisibilem, per quam
757 1788 1245 1835 mouetur idem motum in aliquo tpre,
