1416 2066
211 180 719 248 quo alio, sed ipm corpus commune omnib. vi
219 228 713 291 detur ipmee diuersum secudum suas
218 276 710 338 partes in quantitate, & figura.
256 341 711 391 Dicit: Democritus vero, quia apud
223 381 713 432 ipscunm nullum efutorum gneratur ex eis adin
221 422 702 460 uicem, sed ex partibus indiuisibilibus
219 457 709 510 sed opinatur quod in Tcorpore communi omnibus
229 495 713 540 quod est compositum ex partibus in¬
228 533 714 578 dliuisibilibus, Idiuersantur secundum diuersi
221 572 707 619 tatem partium in quantitate, & fi¬
226 613 712 665 gura. ex quo sequitur vt totum apud
227 655 719 699 ipsum sit infinitum scilicet corpus commune. opi
223 693 717 741 natur enim quod generatio est per cogrega
223 730 719 770 tionem partium, & corruptio per segre
227 758 717 810 gationem earum, & quod entia diuersantur
225 807 719 858 secundum diuersitatem partium in positio
226 844 543 900 ue, & figura, & ordine.
270 884 710 941 Quod igitur conueniens, sitPhy
226 925 713 970 sicis haec speculatio manifestum
226 974 717 1019 est exhis. ROnabiliter autem & pri
224 1013 714 1059 cipium, ipsum ponunt omnes. Neque
228 1057 715 1102 enim frustra possibile ipsum esse,
226 1093 710 1139 neque aliam ipsi inesse potentiam,
226 1140 719 1177 nisi vt pricipium. omnia enim aut
221 1183 712 1226 principium sunt, aut ex princi¬
229 1217 714 1266 pio. infiniti autem non est prin¬
223 1265 717 1314 cipium: esset enim ipsius vtique fi¬
225 1305 717 1346 nis. Amplius autem & ingeni¬
218 1349 721 1395 tum, & icorruptibile, principium
216 1389 717 1444 quoddam cum sit. quod enim fit
218 1428 710 1486 necesse est accipere finem. & finis,
222 1470 716 1528 omnis est corruptionis. Quare, sicu
218 1518 709 1562 ti dicimus, non huius principium,
214 1556 715 1602 sed hoc aliorum videtali esse, & contine
222 1594 718 1650 re omnia, & omnia gubernare, vt affir¬
219 1645 709 1690 mant quicunque non faciunt prei¬
224 1684 719 1722 ter infinitum alias causas, vt intel
216 1725 721 1774 lectum, aut amicitiam, & hoc esse di¬
219 1765 713 1815 uinum immortale enim est, perireque
215 1812 723 1850 non pont, vt affirmant Anaximam
221 1858 719 1907 der, & plurimi Physiologorum.
790 173 1255 244 Declatatum est igitur ex hoc,
741 228 1247 289 quod ista consyderatio est necessa¬
739 276 1241 341 ria Naturalibus, & necessario po
741 325 1249 375 suerunt omnes ipsum principiu. Non
742 371 1229 436 ligitur frustra dixerunt ipsum esse.
749 418 1247 482 & ipsum non habere altu gradit,
747 468 1243 527 nisi gradum principu, de enim aut est
745 516 1245 571 principium, aut a principio. sed in¬
751 557 1243 624 finitum non habet princtpiu: quo¬
740 605 1236 666 iam, si haberet, esset finitum. Et,
751 653 1244 714 si est principium, infinitum est, ne
744 701 1237 763 que generabile, neque, corruptibile.
751 748 1237 802 veneratum enim habet vltimum, &
751 797 1247 858 vltimum cuiuslibet generationis,
747 845 1239 907 est corruptio. Et ideo existimatur
748 893 1248 959 secundum huc ser monen quod istud
745 941 1243 1003 non habet principium, sed est princi¬
742 989 1249 1049 pium aliarum rerum, & continet quod
751 1037 1243 1098 libet, & regit quodlibet, vt dicit
743 1085 1245 1146 qui non concedit alias causas prae¬
749 1133 1235 1196 ter infinitu, vt intelligentiam, &
751 1181 1247 1242 amicitia, & litem, & quod hoc est
746 1229 1242 1281 Deus. est enim immortalis, & incorru
746 1277 1247 1338 ptibilis, sicut dixit Anaximader,
742 1325 1214 1387 & plures loquentes de Natura.
782 1381 1234 1425 Dicit: Declaratum est igitur ex hoc,
746 1421 1239 1474 quod Naturales dixerunt de infinito, quod
753 1460 1245 1512 consydetatio de illo est Naturali ne¬
752 1500 1239 1550 cessaria, gnratio enim quia videtulr esse infinita,
748 1541 1246 1579 oportetNaturalem reddere causam il¬
746 1581 1243 1631 lius, & causam infinitatis in genera
744 1618 1242 1670 bilibus. in primo enim aspectu vivetuli quod
748 1656 1242 1698 hoc non sit, nisi infinitum ponatur prin
749 1704 1225 1737 cipium in principiis generationis.
755 1733 1251 1778 D.declarauit quod hoc, i quo conueniunt
745 1772 1243 1826 ilicet in ponendo principium, est necessa¬
745 1813 1242 1863 rium eius naturae, si concedatur ipsum
750 1854 1249 1898 esse, & dixit: Non enim frustra, &c. i. &
