1416 2066
187 164 695 211 enim homo et vnus homo, et non diuersum
186 205 697 241 aliquid ostendit secundum dictionem repetitam
190 233 692 266 homo, et ens homo, et vnus homo. Nec in¬
189 266 683 305 stantia de primo motore valet. quia prim
190 301 691 330 motor et prima forma, licet dicant vnam
191 333 684 362 naturam, tamen dicunt duos conceptus po
188 356 691 394 sitiuos distinctos, qui sunt sufficientes ad
195 387 689 421 causandum diuersos habitus in actu, salte
186 419 697 458 partialiter. Sed illa, quae differunt, sicut posi
188 451 696 493 tiuum et priuatiuum, minime possunt hoc
188 481 694 522 facere. quia priuatio non habet aliquam ffor¬
192 512 691 546 malitatem, vel conceptum positiuum di¬
193 544 691 578 stinctum a conceptu sui fundamenti, per
190 577 686 610 quem possit intelligi. et ideo dicit Philoso
196 607 693 642 phus quod intelliguntur priuationes per suos
189 634 689 674 habitus. 3. de anima. 26. si igitur Diuinus
187 669 701 710 numerum abstractorum demonstrare pos¬
193 701 689 734 set, tunc vnitates eorum demonstraret es¬
189 729 687 764 se. & si vnitates. ergo et entitates. Et ideo
190 766 691 795 mihi videtur de intentione Auer. dicendum
194 792 693 826 esse quod nulla scientia neque vniuersalis, ne¬
194 829 693 865 que particularis potest demonstrare nume
188 860 694 897 rum sui subiecti: sicut secundum ipsum nec esse po
195 888 697 922 test demonstrari. Et confirmatur per ipsum
195 921 691 954 in. 2. de anima com. 2. 7. vbi Aristo. enumerat
188 948 700 989 potentias animae sine aliqua probatione. et
192 983 699 1017 Commen ibi. in com. reddens causam inquit in
192 1012 694 1051 principio com. Cum voluit incipere loqui de
196 1045 688 1077 vnaquaque virtutum animae, incepit primo
193 1076 695 1108 numerare eas esse. et quod quaedam animalia
190 1106 694 1138 habent quasdam earum proprie, secundum quod arti
188 1138 687 1170 fex ponit subiectum suae artis. Artifex enim ne
198 1169 691 1208 cesse est vt ponat subiectum, de quo loqui¬
196 1200 688 1234 tur. et diuidat genera eius quasi manifesta
196 1231 692 1266 in esse. Artifex enim non potest demonstra¬
186 1263 694 1297 re subiectum suae artis, neque species eius. et
188 1293 693 1325 in principio com. 29. illius secundi dicit. quia
193 1323 693 1358 vult ponere hic numerumistarum virtutum,
190 1355 694 1386 secundum quod artffex ponit subiecta fugartis, et qui
187 1385 691 1419 libet igitur artifex, qui sumit subiectum sua
188 1420 695 1451 artis vt concessum, habet accipere et nume
186 1452 693 1482 rum. vnde Auicem prima fen. primi, vbi agit
194 1478 695 1514 de subiectis Medicinae, dicit quod Medicina
184 1516 691 1546 non habet declarare, quae sunt elementa, et
188 1548 686 1578 quid sunt, aut quod sunt:inec humores, com
190 1581 691 1615 plexiones, virtutes, quae sunt, quid sunt, aut
186 1605 695 1642 quot sunt, sed in his Physico credere debet.
194 1637 699 1668 Licet igitur numerus abstractorum sit in
192 1668 691 1703 Metaphysica demonstratus, non tamen est
187 1701 689 1737 metaphysicalis conclusio, sed est principium
191 1733 692 1772 in ea, sicut eas esse, et eas esse intelligentes
189 1763 687 1795 sunt principia, et non conclusiones. I. de ani¬
187 1797 691 1825 ma. com. 2. et. 12. meta. com. 36. &. 2. coeli. com. Si
187 1828 689 1858 &. 3. cap. de substantia orbis. Vnde mirum
184 1859 689 1893 est de istis dicentibus tales propositiones esse
190 1888 699 1923 diuinas conclusiones, cum tamen Com. di¬
722 164 1228 202 cat quod sunt principia diuina, & conclusio¬
724 203 1231 234 nes naturales. donec igitur isti non inueniat
725 236 1233 267 media diuina, per quae istas conclusiones
726 261 1232 296 demonstrent. nunquam concedam illas di¬
723 297 1233 330 uinas conclusiones esse, licet Arist. eas in di¬
724 324 1228 362 uina scientia concludat. propter hoc tamen
725 358 1224 388 non sunt conclussones Diuinae, quia conclu
720 387 1223 419 siones specificantur a mediis. Et Arist. mul
723 419 1227 450 tas demonstrationes naturales adduxit in
722 449 1223 482 sua Metaphysica, sicut patet. Dicamus igitu
722 482 1222 520 quod numerus abstractorum est conclusio de
727 511 1225 544 monstrabili medio astrologico, & natura¬
729 541 1231 579 i sicut patet intuenti demonstrationem il¬
718 574 1223 610 lam Philosophi. ibi enim ingressum habet ra¬
723 607 1231 641 tio naturalis, & ibi etiam est astrologicum
726 636 1227 667 medium. Similiter Naturalis potest demon¬
722 667 1232 707 strare multitudinem in abstractis propter.
721 698 1229 730 intellectum possibilem repertum in eis, si¬
723 730 1229 763 cut dicit com. 3. de anima. 2. &. 14. com. quod quomodo
724 761 1228 793 sit intelligendum non est praesentis negocil¬
724 794 1228 826 Sed quid dicemus ad authoritates Commen.
722 823 1228 858 & Arist. Dico quod omnes glosari debent ista
719 860 1232 894 glosa, quod determinatio de abstractorum nu
723 892 1225 922 mero est Diuinae scientiae propiie, non ratio¬
722 916 1226 954 ne medil, sed ratione subiecti & praedicati,
722 949 1228 985 quae bene sunt diuinae consyderationis. vni¬
725 981 1227 1011 tas enim & multitudo sunt de consequen¬
726 1010 1229 1046 tibus ens inquantum ens. similiter dicitur,
724 1045 1226 1084 propria Metaphysicae illa determinatio, quia
722 1076 1226 1106 in Metaphysica pertractatur. Nam, si bene
718 1105 1227 1139 aduertas, in illa demonstratione sumunt
718 1136 1224 1177 multae propositiones declaratae in Natura¬
719 1167 1229 1211 li philosophia. sicut illa quod vnus motus ha¬
728 1199 1221 1234 bet vnum motorem, & quod omne motum ha¬
727 1237 1229 1266 bet motorem, & quod motus aeternus habet mo
718 1262 1229 1306 torem aeternum, sicut patet per Auer. & Phi¬
724 1290 1227 1335 losophum ibi in tex. com. 43. similiter. quia
718 1323 1229 1358 ibi sumit pro constanti numerum motuum
720 1357 1228 1386 ab Astrologis, sicut patet infra ibidem tex¬
723 1389 1225 1418 com. 49. Hinc est quod placuit Aris. illam mate¬
717 1417 1229 1450 riam pertractare in Metaphysica non in Na¬
722 1447 1228 1483 turali philosophia, nec in Astrologia. Sed,
724 1479 1228 1518 quia istae duae scientiae ministrae sunt in hoc
720 1511 1222 1555 casu Metaphysicae, ideo Metaphysicus ab
722 1543 1226 1578 vtroque partem aliquam accipiens erexit
719 1574 1231 1607 ibi demonstrationem. & sic sibi illam con¬
719 1607 1231 1639 syderationem appropriauit, praesertim cum
720 1636 1234 1674 substantiae abstractae sint substantia eius ibi
724 1669 1234 1706 & Metaphysica indiget cognitione numeri¬
721 1699 1223 1739 specierum subiecti sui. &, quia declaratio
725 1739 1228 1766 numeri earum in istis scientiis specialibus
722 1762 1226 1802 non fuit facta, cum neutra sine alia sufficiat,
723 1795 1229 1827 hinc est quod conuocauit eas in scientia com¬
722 1828 1235 1859 muni. sic igitur est propria scientiae commu
723 1856 1229 1890 ni talis determinatio. Si enim Naturalis istum
723 1892 1226 1927 numerum vellet demonstrare via motus,
