1416 2066
174 179 684 218 nem formam a primo motore, in cuius po¬
177 212 681 242 tentia actiua sunt omnes formae. Et hoc te¬
176 240 680 274 statur Philosophus & Com. 9. meta. tex. com. 3.
183 272 681 306 vbi habent ipsi quod in definitione omnis po¬
177 308 687 338 tentiae passiuae accipitur definitio primae ma¬
178 339 687 370 teriae: sicut in definitione omnis potentiae
178 368 683 402 actiuae sumitur definitio actionis primae for¬
175 404 685 434 mae. & sequitur postea Com. in eodem primo
178 431 679 466 cap. & dicit. Et ideo nullam habet formam pro
174 468 684 501 priam, & naturam existentem in actu. sed dius
174 501 687 537 substantia est eius posse. & ex hoc matoria
179 532 685 565 recipit omnes formas. ecce quod loquitur de po¬
176 551 681 589 tentia passiua materiae. Et postea sequitur.
175 587 679 626 sed posse, quo substantiatur hoc subiectum,
175 620 685 662 differt etiam a natura subiecti, quod substan¬
180 653 683 689 tiatur per hoc posse, in hoc, quod posse dicitur,
180 686 678 715 respectu formae. hoc autem subiectum est vnum
175 716 679 747 entium scilicet absolutorum. Ecce, bone Deus.
174 749 686 787 quomodo Commenta. de vna & eadem potentia
174 780 683 815 materiae loquitur semper vniformiter, &
177 810 687 843 vno modo. quia de illo posse, de quo supra
175 841 683 874 dixerat, quod erat differentia substantialis ma
174 874 678 913 teriae, de illo ponit differentiam postea cum
174 903 684 946 ipsa materia, quod tale posse est relatio. & ma¬
177 941 679 979 teria est ens absolutum. Quomodo igitur er¬
172 970 675 1001 rauerunt ita grauiter expositores Auer. exi¬
176 999 689 1034 stimantes ipsum in contradictione esse: Et
178 1033 683 1070 quomodo imaginantur aliam esse potentiam,
179 1071 680 1104 quam Com. dicit esse differentiam substan
174 1100 684 1130 tialem materiae, & aliam esse potentiam, quae
177 1127 676 1162 sit relatio, & non sit de eius essentia, cum
179 1164 685 1191 vniformiter de vna potentia loquatur semper:
178 1190 687 1226 sicut luce clarius ostendunt verba eius. Et
180 1229 678 1262 quomodo finxerunt potentiam receptiua materiae
178 1253 677 1290 esse ens absolutum, cum ipse dicat eam es¬
175 1284 685 1322 se relationem. Et vbi inuenerunt in Arist. vn¬
175 1317 687 1350 quam potentiam absolutam non video: nisi velint
173 1349 678 1387 improprie loqui, & metaphorice. quod non
183 1379 682 1413 decet Philosophum. Dicamus ergo quod ima¬
184 1411 684 1447 ginatio Auer. est eadem cum imaginatione
184 1442 685 1474 Themistil, sed sub obscurioribus verbis di¬
181 1475 682 1506 cta. Eadem potentia passiua est de essentia
171 1505 683 1538 materiae, & est differentia substantialis ma¬
179 1535 684 1570 teriae. & dico quod est dicietura analoga, non vni¬
179 1571 689 1603 uoca: sicut ens est genus analogum. 2. de ani¬
176 1604 683 1634 ma com. 30. &. 3. ineta. com. 4. &. 4. meta. com.
178 1631 684 1666 a. &. I. de anima. com. 7. &. 3. de anima. com. 4.
175 1664 681 1698 Et non oportet dicere quod sit differentia cir¬
179 1694 681 1730 cumlocutiua: vt dicunt omnes, qui multum de¬
174 1725 676 1763 trahunt intellectui nostro. ferem enim dicunt omnes
174 1760 684 1794 rerum differentias esse circumlocutiuas. & mi¬
178 1789 673 1827 rum est quomodo intellectus noster sit adeo ru
174 1827 676 1865 dis, cum tamen nihil sit naturaliter ignotum
172 1853 676 1890 nostro intellectui. 2. phy. 4 7. & talis poten
172 1889 686 1923 tia non est de essentia materiae, nisi in secum
175 1918 687 1970 da sui consideratione. Et, quia aliquis posset
713 180 1228 211 credere talem potentiam omni modo esse de
714 209 1229 244 quiditate materiae: &, quia Com. tenet cum
718 240 1225 282 Themistio quod materia in sui primo intelle¬
719 273 1219 308 ctu non inciudit nisi praedicata quiditatiua,
717 298 1226 342 quae absoluta sunt, propter hoc statim docu
711 335 1229 368 mentum apposuit, declarando differentiam
710 365 1218 405 inter materiam, & talem potentiam, dicens, quod
713 397 1225 441 materia est ens absolutum, & talis poten¬
710 428 1227 466 tia est ens respectiuum. &, quia absoiutum,
717 459 1229 493 vt absolutum, non includit in primo signo na
716 492 1223 531 turae aliquid respectiuum, sic materia in pri
710 523 1226 554 mo signo non includit potentiam, sed solum
711 555 1227 594 in secundo. Et sic etiam locutus est Com. de po
715 585 1225 626 tentia. i. phy. com. 7. vbi dicit quod, si potentia es¬
712 617 1225 650 set de quiditate materiae. tunc substantia ma
711 648 1223 682 teriae esset ad aliquid. ibi enim habet pro incom¬
713 682 1225 714 uenienti materiam in suo esse quiditatiuo
715 716 1223 753 primo, secundum quod in se consideratur, quod poten¬
717 742 1223 779 tia sit de eius quiditate: quia tunc sine du¬
713 775 1221 811 bio materia non esset ens absolutum, sed ens
712 812 1225 843 respectiuum. similiter substantia materiae
715 837 1225 872 corrumperetur ablatione potentiae & prae¬
714 868 1224 902 sentia formae. nam talis potentia passiua re¬
716 903 1222 942 spectum dicit ad formam recipiendam sub ratione,
717 941 1225 975 qua recipit eam ab agente. & talis potentia, quo
717 964 1221 1003 ad illum respectum corrumpitur, inducta forma. &
710 995 1217 1034 ideo, si potentia esset de primo conceptu
709 1028 1222 1061 materiae, materia esset corruptibilis, quod
715 1059 1227 1098 tamen falsum est. quia materia in suo primo esse
716 1096 1221 1136 abstrahit a gneratione & corruptione: quia,
716 1131 1217 1165 est tantum ipsa, eo modo, quo Auic. dixit quod
720 1156 1221 1194 equinitas est tantum equinitas. Sed tu dices.
710 1187 1229 1218 cum per te matetia in secunda contempla
719 1221 1229 1252 tione sui includat quiditatiue talem poten
713 1252 1223 1282 tiam: igitur, cum talis potentia sit corrupti¬
711 1282 1218 1314 bilis, sequitur quod materia erit corruptibilis. Et
710 1315 1221 1346 ad hoc dico quod materia per potentiam sui
717 1348 1227 1385 passiuam includit respectum ad formam communei per¬
711 1377 1225 1410 se primo in ordine ad agens, & talis non est cor¬
717 1408 1220 1448 ruptibils nisi per accides: quia non corrumpitur il
710 1435 1231 1473 le respectus, nisi in ordine ad indiuidualem
714 1470 1223 1506 formam, quae per accidens respicitur a tali poten
708 1509 1220 1538 tia. & sic non habeo pro inconuenienti ma
718 1533 1227 1570 teriam esse corruptibilem, & variabilem secundum esse,
711 1566 1221 1602 dum tamen secundum sui essentiam inuariabilis perma
719 1599 1225 1634 neat. Bene tamen pono in materia potentias pro
719 1636 1220 1666 prias distinctas a materia, per quas materia
712 1669 1222 1701 primo respicit formas indiuiduales. nume¬
714 1692 1223 1735 rus enim formarum coegit ponere numerum poten
715 1727 1226 1762 tiarum. 12. meta. com. 12. Et istae potentiae indiui¬
711 1759 1227 1794 duales sunt bene simpircitur generabiles & cor¬
711 1789 1229 1827 ruptibiles. & tales nullo modo suntde quidi
711 1828 1219 1858 tate materiaeEt istae sunt infinitae successiue,
715 1855 1223 1890 non in actu. sicut pessime opinatus est loham.
710 1892 1230 1929 de Candauo in quaestione, propria de potentia
706 1925 1225 1955 materiae super. i. physic. sed ipse non vidit
