1416 2066
175 181 689 242 Et etiam, si dicitur aliquid mo
188 238 676 282 ueri in tempore  C toto, & vni¬
188 277 679 338 uersaliter in aliquo tempore, quod¬
188 321 689 380 cuque, sit, cu acceperimus istas, quod
186 369 687 426 est vltimu eius: quonia hoc deter¬
184 413 689 471 minat illud, & inter duo instatia
186 461 685 523 est tempus: & in alus instatibus di¬
191 508 690 566 citur in eo, quod mouetur, ipsum ia
191 555 683 618 moueri. & vltimu medietatis est
711 173 1227 236 differentia, necesse est vt in medic
719 225 1227 282 tate etiam moueatur, & vniuersali¬
711 273 1227 336 ter in qualibet parte. quonia, cu ea
714 323 1224 370 lu diuisionis determinatur tempus
710 380 1224 429 per instantia. Cu igitur oe tempus
721 413 1229 474 est diuisibile: & inter duo instatia
718 460 1230 529 est tempus: necesse est vt omne, quod
718 509 1228 570 trasmutatur, trasmutetur inifinitu
227 957 687 1004 Ista declaratio est alia, quia pri¬
197 992 681 1043 ina est ex spatio, & ista ex tempore
197 1031 684 1081 Et dicit: Et est etiam aliud signum,
198 1072 695 1112 quoniam non dicimus aliquid moueri in
196 1108 677 1146 aliquo tempore, nisi, cum acceperi¬
193 1142 687 1182 mus instans, quod est finis transmu¬
197 1184 689 1234 tationis, & instans. quod est pricipium
200 1218 682 1271 eius. quoniam per haec duo instantia deter
198 1261 686 1299 minatur tempus, in quo est transmu
205 1293 683 1346 tatio. sed tacuit instans, quod est prim¬
196 1331 684 1381 cipium, quia hoc intellectum est,
196 1373 684 1420 nam omne tempus finitum non fit
197 1405 691 1454 finitum, nisi accipiendo illud inter
198 1445 684 1482 duo instantia. Et ideo dixit: & inter duo
198 1485 688 1532 instantia est tempus. i. cum posueri
198 1519 693 1558 mus quod omne tempus terminatur per duo
198 1556 695 1613 instantia, & inter quaelibet duo anstam
199 1594 687 1654 tia est tpens, vt deciaratum est, & po¬
199 1632 691 1683 suerimus quod finis medietatis isti ten¬
195 1677 691 1722 poris, in quo motum totum moue¬
198 1717 685 1747 tur scilicet ipris &c, terminatur ab instan
197 1745 689 1787 ti, quod est dicitura inter istas duas medieta
198 1789 688 1826 tes, manifestum est quod, cum motum
714 956 1224 1005 fuerit in hoc instanti scilicet quod diuidit hoc
722 997 1217 1045 tempus in duas medietates, dicetur,
721 1030 1219 1069 vere iam motum esse, & in alia me¬
718 1070 1222 1121 dietate moueri. ergo illud, quod mo
722 1104 1218 1146 uetur, iam motum est. & similiter,
725 1141 1218 1189 cum diuiserimus illam medietatem, in
724 1181 1224 1226 duas medietates, tunc in alia medie
724 1221 1218 1269 tate vere dicetur moueri. ergo & in
716 1262 1218 1298 dieria, quae est inter duas medieta tes ma
716 1300 1218 1338 nifestum est, quod cum moueri fuerit
718 1330 1206 1373 ipsum iam esse motum, & similiter in me
719 1372 1215 1410 dietate medietatis, & sic in infinitum.
721 1408 1217 1457 ergo omne, quod mouetur, iam mouebatur
725 1444 1215 1482 Et hoc intendebat, cum dixit: & vlti¬
726 1483 1209 1522 mum medietatis est dicitura. i. & instans,
726 1524 1227 1567 quod est finis alterius medietauis, &
730 1556 1219 1605 principium secundae, est diitura inter has
723 1591 1223 1644 duas medietates. ergo necesse est vt
720 1630 1223 1674 motum in prima medietate dicatur
721 1669 1223 1706 iam motum esse, & in alia dicatur moueri.
723 1712 1217 1746 eroo anteque moueatur, iam mouebatur. D.
715 1741 1223 1786 d. & vniversaliter, &c. i. quoniam ulibet pars tperis, cum
718 1778 1217 1836 accipiatur, pot diuidi in duas medieta¬
