1416 2066
169 149 677 193 duplex dubitatio. Primo, quia tempus est nu
176 195 679 219 merus primi motus, qui localis est. motus
183 221 675 261 autem localis non abiicit a substantia. S. phy¬
178 249 675 282 tex. com. 36. & est limitatio etiam Auerr, hic in
178 284 683 314 com. 126. vbi dicit quod omnis transmutatio natura
178 313 675 346 liter aufert substantiam transmutati in qua¬
178 346 684 378 cunque specie fuerit transinutatio, nisi in
176 377 683 411 loco. & ita ratio Arist. non vivertali esse ad propo
178 410 683 450 situm. Amplius autem falsum vniversali quod motus etiam,
174 443 674 474 seu transmutatio per se sit causa corruptio
174 472 681 506 nis. quia. 2. de gene. & cor. te. com. 39. semper
174 504 676 539 naturam in omnibus desyderare quod melius est
182 534 681 571 dicimus. melius est autem esse quae non esse. &
180 571 687 605 per consequens gneratio, quae ducit ad esse, est
174 604 674 639 magis de intentione naturae, quae corruptio, qui
174 629 682 666 ducit ad non esse. Et confirmat. quia. i. coeli¬
175 662 675 698 tex. com. 4 motus semper ex diminutione, pr¬
177 691 681 724 ficiscitur, & intentio eius est perfectio. sic enim
173 725 683 758 ibi probatur quod corpus est magnitudo perfecta,
177 756 677 794 quia non pot serri in aliam vlteriorem, & per
182 786 673 828 consequens motus potius est causa perfe
174 817 675 850 ctionis, & bonitatis, & sapientiae, quae obliuio
174 851 681 882 nis, & corruptionis, & insipientiae: cuius tamen
180 880 681 924 oppositum scribit Philosophus. Nisi esset quod
179 913 687 947 refert consyderare transmutationem & mo¬
174 945 682 984 tum in se, & consyderare ipsum, vt comparatur
174 976 678 1010 ad intentionem agentis naturalis, cuius est
179 1009 682 1042 instium sub ratione, qua est insteum. & tunc
174 1037 683 1080 dico duo dicta, quorum primum est quod quili¬
182 1075 684 1106 bet motus in se consyderatus distare facit
175 1103 681 1138 id, quod est, vt dicit Philosophus in tex. com.
178 1141 679 1170 129. seu a natura remonet rem, pro quanto ra
172 1165 677 1202 tione eius subiectum remouetur a forma, sub
181 1198 687 1237 qua erat. immediate enim quo aqua incipit
174 1229 674 1270 calefieri ab igne, incipit remoueri a frigidi¬
173 1261 674 1298 tate, quae erat sibi naturalis. & quia subiectu
179 1291 677 1330 non pot expoliatum esse ab omni forma, ideo ac
179 1327 677 1362 cidit quod, quando subiectum virtute motus seu mu¬
178 1361 677 1401 tationis remouetur ab vna forma, oportet quod
178 1388 683 1426 transmutetur ad aliam formam oppositam. sed pri¬
178 1422 674 1458 ma operatio de intentione motus & muta
178 1451 678 1490 tionis est remotio subiecti a sua dispositio¬
179 1482 683 1522 ne. &, quia ista est corruptio quaedam, ideo
179 1520 681 1554 motus & mutatio per se est causa corruptio
175 1548 684 1582 nis, generationis vero est causa per accidens.
176 1581 683 1618 esse enim quod est terminus generationis, est
180 1613 682 1650 effectus per se & essentialiter agentis, aut
184 1642 676 1682 generantis, siue illud sit natura, siue anima, siue
176 1683 687 1713 intellectus vt dicit Com. in com. praesenti, vbi innuit
182 1709 676 1745 triplex agens, naturale, quod est infinitum,
178 1741 677 1779 animam, quod est medium: & intellecundum, quid est supre
182 1769 679 1810 nium in ordine agentium. ditia enim est inter animam
179 1802 679 1836 & intellecundum, vt est videre in. I. de anima, vbi
180 1835 678 1875 Arist. reprehendit Antiquos, qui non distin
178 1875 680 1906 xerunt inter animam & intellni. & similiter anima
172 1907 682 1939 est supra naturam, vt alibi declaraui. Si autem
706 149 1225 190 consyderatur transmutatio & motus, vt est
712 188 1223 227 instrndum agentis, cum agens naturale semper
715 220 1217 255 ippetat quod melius est, & esse est melius,
712 252 1219 287 que non esse, sic generatio per se est a motu,
713 281 1217 313 & corruptio est per accidens. Ne videatur,
710 311 1223 355 igitur tibi mirum, si opposita verificantur de
710 346 1219 386 vna & eadem re sub diuersis respectibus con¬
706 378 1213 411 syderata. Scribit. enim Com. in. 3. coeli in com. Scom¬
714 411 1221 446 paratio est accidens separabile a re, res autem
710 440 1215 475 non semper separatur a se. secundum enim quod re¬
711 471 1213 506 spectiuum habet dispositiones contrarias,
714 505 1221 538 & infinitas, & secundum quod est, essentiam non
712 532 1212 570 habet nisi vnum, & est quasi sua essentia.
711 567 1215 608 Et tu cum melius poisis capere hoc, manu¬
717 597 1215 634 lucam intellsecundum tuum per quoddam simi¬
708 630 1213 666 le. Certum est quod in motu augmenti ignis
708 661 1219 698 concurrit secundum sententiam Philosophi, vt
716 691 1213 728 concausa, & instim: & menifestum est quod
710 725 1209 754 augmentatio non est ab igne, inquantum
706 754 1212 787 ignis, quia augmentum ignis, vt dicit Philo
710 785 1210 818 sophus. 2. de anima. tex. com. 4i. est in infini¬
711 817 1216 850 tum apposito combustibili, sed ignis, vt est
710 847 1221 882 animae instium, ducit ad certum terminum
715 879 1217 915 notum in natura, quia agit secundum exigentiam
707 910 1213 947 animae, quae est agens principale. sic parifor
708 949 1211 979 miter debes imaginan de transmutatione,
710 973 1212 1012 quod oppositas habet dispositiones, vt absolu¬
706 1004 1220 1043 te consyderatur, & vt eadem refertur ad in
711 1037 1217 1071 tentionem agentis. & hoc etiam pulchre no¬
713 1067 1217 1101 tauit subtilis Doctor in Theorematibus suis.
711 1100 1213 1138 inquit enim actio cuiuscunque, quando ipsum fit
709 1130 1217 1164 instrumentum, variatur specie ab actione:
709 1171 1210 1203 cius, vt principalis agentis. Per hoc patet ad
712 1198 1212 1228 obiecta, quod licet tempus sit numerus motus,
711 1226 1213 1266 tamen est mensura non solum motus localis,
709 1257 1217 1299 verum etiam aliorum nitouum, qui a sub¬
706 1290 1210 1334 stantia abiiciunt. &, quia motus localis est
706 1323 1214 1355 causa aliorum motuum, tatione hac potest
710 1356 1219 1388 Philosophus. habere intellectum suum. Ad
702 1386 1217 1426 aliud patet quod concludit quod in ordine ad agens,
709 1425 1213 1458 esse est magis intentum quam non esse: si¬
714 1452 1216 1490 ue sit natura, siue anima, siue intellectus, vt
705 1484 1207 1527 dicit Com. in com. Ad aliud. I. de coelo. dico quod
713 1517 1219 1554 motus ille est imaginarius, & mathemati¬
713 1549 1221 1590 cus, & ille est, vt res perficiatur sic enim dicunt pum
710 1581 1222 1621 ctum fiuentem causare lineam, lineam superficiem, &
705 1612 1221 1655 superficiem corpus. sed motus naturalis, qui
710 1644 1208 1681 est in rebus sensibilibus, primo operatur remo
711 1677 1213 1714 tionem, & distare facit. & si operatur generationem,
713 1707 1219 1746 & esse, est per accus, inquantum subum transinu¬
716 1747 1212 1779 atum non pont remoueri ab vna forma, quondo re
712 1780 1207 1803 cipiat alia. alioqun star posset sine omni forma,
750 1805 1208 1846 vigesimasexta contradict. est in tex. 133
713 1835 1215 1880 Arist. absoluens primam quaestionem de illis
708 1869 1215 1905 duabus propositis in tex com. 130. in qua
706 1902 1218 1945 quaerebatur vtrum tempus esset circunscripta
