1416 2066
187 165 686 210 thaos genitam esse tradit, sententiam suam vul¬
188 208 692 246 gi testimonio confirmans. sed fortasse de
189 245 684 280 terra dicit, nisi priores ad modum genera
186 268 695 306 uonis spectantes illa elementa esse rebantur,
188 301 693 337 cur non terram quoque ipsam, vt homines
189 333 688 370 communiter opinantur elementum esse dicebant.
190 364 689 403 quibus dictis, redit ad id quod dixerat, ele¬
193 396 693 434 mentum videri id, quod tenuissimis est par¬
184 431 686 466 tibus, docetque secundum hanc sententiam, qui pre¬
186 459 690 491 ter ignem quodpiam aliud corpus elementum
186 493 693 531 esse statuebant, siue de horum quatuor nu¬
188 524 682 558 mero, siue medium corpus inter ignem & ae
187 556 686 587 tem, horum neminem recte dicere. Ecce quood
187 585 685 619 Alexander exponit illa dicta sequi ad fun¬
182 621 694 657 damentum erroneum Antiquorum, non quod
182 650 691 682 istis assentiat Aristote. ex mente propria, &
180 684 693 722 multum fuit gauisus animus meus. inquit
185 710 695 745 enim Aristote. in tex. 14. secundum igitur hanc ra¬
180 743 688 778 tionem, nec si quis horum aliquid praeter
186 774 695 810 ignem dicit, nec si quis aere quidem desius
187 806 685 847 hoc ponit, aqua vero tenuius, non recte vtique
188 837 689 871 dicet. Vnde secundum solutionem sancti Thomae
186 870 685 906 Aristo. videtur assentire illi dicto, quod videli¬
187 901 689 938 cet generatio fiat secundum subtilitatem partium.
182 940 685 970 quod tamen falsum est, quiia Aristo. non assen
191 971 692 1002 tit Antiquis generationem fieri praesertim
185 996 687 1026 simplicem per congregationem, immo pri¬
185 1029 685 1059 mo de generatione & corruptione tex. com.
183 1058 687 1091 s6. &. So: &. So. &. 2. de generatione. tex¬
178 1092 690 1122 com. 4. 9. dicit mixtionem non esse per parui¬
185 1125 694 1159 tatem partium, licet illud coagat ad illud,
178 1151 690 1186 quia tunc mixtio esset ad sensum. Et hoc te
178 1185 686 1219 statur etiam Commen i. meta. commen. I6.
183 1218 693 1251 inquit enim. mixtio non est per paruitatem
183 1247 685 1288 partium, sed mixtio vera est, vt mixta alte¬
179 1282 693 1314 rentur, donec ex eis fiat forma media. verbi
185 1316 694 1351 gratia forma oxymellis, quae fit ex mixtione
188 1344 360 1379 mellis & aceti.
217 1371 686 1418 Vigesimatertia contradi. est in com. 34. ibi
184 1406 693 1440 enim dicit quod contrarietas est minus sensi¬
187 1439 682 1474 bilis in mediis, quam in extremis. ex hoc se
181 1477 693 1506 qui videtur quod, cum terra sit extremum, aqua
183 1504 693 1538 autem sit medium. vt etiam hic dicitur, fe¬
180 1534 695 1570 quitur terram frigidiorem esse aqua. Et hoc
185 1571 687 1609 idem formari potest ratione. nam quanto
181 1599 693 1634 aliquid distat a motu coeli, tanto illud est
174 1633 683 1666 frigidius, quia, vt scribit Commentator. 13.
187 1663 691 1703 coeli. com. 34. Remotio a motu dat graui¬
180 1692 691 1730 tatem, & quietem, & frigiditatem, sicut vici¬
178 1725 684 1762 nitas dat leuitatem, & caliditatem & mo¬
178 1759 693 1794 tum. modo sicut simpliciter ad simpliciter, ita
176 1787 690 1826 magis ad magis. & maxime ad maxime. si
179 1820 680 1853 remotio igitur a motu dat frigiditatem, er
183 1854 684 1891 go maior maiorem, & maxima remotio ma¬
176 1885 692 1928 ximam fi igiditatem dabit. sed huiusmodi
176 1914 691 1954 est naturae remotio, vt patet: ergo terra est
722 173 1229 216 primum frigidorum. Huius tamen oppositum
722 212 1224 242 inuenitur in dictis Aristo. & Commenta. 2. de
727 238 1223 281 generatione. tex. com. 12. vbi habet terram es¬
725 276 1231 310 le magis sicci quae si igidi, aquam vero magis
725 300 1229 337 frigidi quae humidi. Ista materia est multum
718 335 1228 370 difficilis solutionis. & signum difficultatis
725 362 1231 402 eius est diuersitas opinantium. Aliqui pro¬
727 396 1231 435 pter primam rationem moti, & alias quam
723 429 1226 468 plures tenuerunt terram aqua frigidiorem
725 459 1227 501 esse, sicut Albertus Alem. & multi sequaces.
727 490 1229 523 Aliil vero tenuerunt aquam esse terra frigidio¬
728 522 1227 554 rem prompter authoritatem Philosophi allega¬
727 553 1229 585 tam in. 2. de generatione. & propter duplicem
716 589 1229 618 rationem, vnam a priori, & aliam a posteriori: qua
723 617 1221 650 rum quaelibet de per se innititur quintupli¬
722 644 1225 682 ci medio, vt est vide re in Conciliatore in dif¬
718 683 1229 715 ferentia. 12. Alii vero conati sunt vtranque
722 711 1230 746 viam tenere, vnica distinctione conciliantes
720 746 1228 779 dicta istorum repugnantia. dicunt tamen
726 773 1233 810 duplicem esse frigiditatem. sicut enim duplex
725 805 1227 842 est caliditas, elementalis & coelestis, vt est
727 837 1229 869 videre 2. de generatione animalium. cap. 3.
724 868 1230 900 &. 3. cap. de substantia orbis. &. 12. meta. com.
731 901 1235 937 9. sic duplicem aiunt frigiditatem esse vnam
721 931 1233 965 elementalem: & tali aquam frigidiorem in
722 967 1226 1002 quiunt esse terra. aliam vero coelestem: &
723 995 1231 1036 tali tertam aiunt esse frigidiorem aqua. &
724 1029 1231 1059 hac vla processit Egidius Roma. Est etiam
716 1061 1221 1090 materia ista difficilis. quia multas secum tra¬
726 1089 1221 1123 nit difficultates. quarum vna est, vtrum quae
721 1122 1235 1154 libet qualitas in elementis existens sit in
718 1155 1227 1186 summo, vel vna tantum. &, si fuerit vna tan
718 1188 1229 1219 tum, nunquid alia sit remissa per admixtio
718 1219 1227 1250 nem sui contrarii, nec ne. & alia quidem est,
720 1252 1233 1280 vtrum vna & eadem proprietas elementa¬
727 1282 1229 1314 is possit esse eiusdem speciei cum consimili
723 1310 1232 1346 reperta in alio elemento. & tertia est, vtrum
719 1343 1229 1377 duabus qualitatibus in summo existentibus
718 1375 1231 1411 in elementis, adhuc mixtio posset fieri, vel
716 1406 1229 1442 non: vt videtur velle Auer. 4. meteo. com. 10.
717 1437 1229 1474 Et videre meo Thomas de Carbo in sum¬
719 1476 1229 1506 ma sua, tractatu primo in sunima de ele¬
725 1501 1237 1538 mentis quaest. secunda, multum subtiliter
725 1533 1233 1565 prosecutus est istas difficultates, & decla¬
717 1567 1229 1603 rauit quod opiniones narratae non habent ali¬
719 1601 1231 1639 qua rationem demonstratiuam ad adhaer est¬
716 1632 1229 1672 dum potius vni parti quae alteri. quia siqua fuif¬
723 1660 1228 1697 set ad hoc ratio demonstratiua, probabile
723 1696 1231 1731 est Arist. eam adduxisse: sed ex medii: toni
720 1727 1222 1762 innix is quandoque videtur sequi vnum, quam
717 1758 1231 1794 doque videtur sequi oppositum. Et dixit quod
716 1787 1234 1829 illud, super quo debemus inniti in hoc quae
714 1821 1234 1858 sito, est via sensus, quia rectissimus iudex
716 1852 1232 1895 de qualitatibus tangibilibus est sensus ra¬
718 1884 1232 1926 ctus: &, quia per tactum discenimus aquam
720 1914 1228 1963 frigidiorem esse terra, ideo tenendum
