1416 2066
183 173 729 239 longitudinem. v. g. sit medietas po
201 224 729 286 tentiae AH. & medietas ipsius,
192 274 729 330 nquantitas 4. Ergo proportio istius
719 173 1268 237 potentiae ad istud pondus est sicut E
719 225 1240 282 illa proportio. & ideo mouent per
719 269 1157 331 aequale, in tempore aequali.
186 997 691 1050 Cum declarauit quod eadem potentia
198 1045 699 1084 mouet medietatem moti in tempore,
200 1079 695 1123 in quo mouet totum per duplum spatil,
205 1118 686 1162 quod mouet in illo tpre, & mouet ip
200 1156 697 1205 sum per totum spatium in medietate tem
203 1195 703 1242 poris, in quo mouet totum per illud
205 1231 703 1280 spatium, vult declarare etiam quod, cum fue
204 1276 704 1322 rit vnus motor aliquis, qui mouet
186 1307 699 1346 aliquid motum per aliquid spatium in
202 1346 703 1398 aliquo tempore, mouebit medietatem
202 1384 697 1426 illius spatii in medietate illius tempo
211 1429 702 1470 ris: & quod medietas eius mouebit me
206 1461 698 1499 dietatem illius moti per illud spatium
206 1497 698 1538 in medietate temporis illius. Et est
204 1541 696 1584 necesse, sicut dixit, vt moueatur me
206 1575 695 1611 dietas moti per illud spatium in il¬
208 1608 699 1651 lo tpre. quoniam velocitas motus, quam ha
205 1649 695 1690 bebat totum motum ad totum mo¬
205 1684 693 1735 torem, est secundum proportionem excessus po¬
208 1724 695 1762 tentiae motoris super potentiam mo¬
207 1761 705 1802 ti. Et, cum diuiserimus motum in duas
205 1805 708 1842 medietates, & similiter motorem,
732 1005 1224 1046 tunc proportio motoris, quae est me
733 1043 1215 1093 dietas, & ad motum, quid est medie¬
731 1077 1227 1131 tas, erit sicut proportio totius mo¬
733 1116 1221 1155 toris ad totum motum, vt vniversaliter decla
729 1154 1219 1195 rauerunt Geometrae. & sic duae ve¬
730 1191 1223 1233 locitates erunt aequales necessario,
733 1230 1223 1266 scilicet velocitas totius moti, & ve¬
735 1266 1225 1314 locitas medietatis. ex quo sequitur,
727 1304 1223 1353 necessario vt pertranseant idem spa¬
729 1348 1221 1379 tium in eodem tempore. & sermo
725 1373 1198 1434 eius in hoc manifestus est per se.
766 1469 1225 1522 Et si, ipsum e ipsum r mouet
726 1509 1227 1555 in ipso per per ipsam c, non neces¬
732 1549 1224 1595 sarium est inaequali tempore id, in
731 1589 1223 1642 quo E, duplum ipsius T mouere
730 1634 1222 1688 per dimidiam ipsius c. Si igitur,
728 1683 1223 1720 ipsum A ipsam per mouebit in ip
735 1714 1226 1762 so prper tantam, quanta est ipsa
728 1765 1226 1802 c, dimidium ipsius A, in quo E,
722 1798 1216 1850 ipsum per non mouebit in tempo¬
