1416 2066
188 173 714 239 quoma in vtroque eorum aut trans¬
204 226 701 275 mutatu est, aut adhuc transmuta
194 275 696 331 tur. vnde necesse est vt in toto etiam
196 317 692 362 transmutetur. sed ia trasmutatu
198 364 685 426 6. Et ista eadem roicimatio sequitur,
704 174 1209 234 si aliquid pro parte trasmutetur
726 231 1204 274 & pro parte transmuratum est.
730 269 1212 330 quoniam sequitur vt sit prius pri¬
720 317 1210 378 mo, vnde necesse est vt idem, in
718 365 1165 426 quo est res, non sit diuisibile.
180 1020 687 1074 Cum declarauit quod in initio eius, iquod
200 1062 685 1098 tramsmutatur, res transmutabilis venit in
201 1101 690 1150 illum, in quo transmutatr vult declarare
196 1140 685 1187 quod initium illius, in quond est transmutatio, est in¬
202 1172 687 1218 diuisibile, & d. Et illem, in quo, &c. i. &
196 1213 686 1250 illd, in quo transmutatum erit in initio
194 1248 684 1290 tram smutationis, necesse est vt sit indiuifi
196 1286 688 1330 bile, & similiter id, ad quod peruenit. & haec est
203 1325 687 1371 cam in hoc, quod finis, & principium transmu¬
198 1361 686 1409 tationis sint indiuisibilia. Et, cum d. quod
195 1397 691 1442 initium eius, in quoid transmutatum transmu¬
198 1437 695 1487 tat, & finis eius det esse indiuisibile, expo
199 1477 685 1522 suit illem, quid intendit, & d. Et itelligo per
192 1516 686 1563 primum, &c. i. & itelligo per primum, illd
197 1550 687 1601 quod dicitur transmutari, nin quia aliqua pers eius est
201 1581 689 1634 talis. primum enim est illem, quod nin pdicatur de
195 1629 693 1666 aliquo perper alid. D.icoepit declaratur quod
198 1660 692 1707 primum, quid tale est, det esse indiuisibile, et
190 1700 684 1739 d. Sit ergo Ac, &c. i. dico quod initium eius,
194 1721 687 1786 inquid transmutatur det esse indiuisibile, si
190 1778 693 1811 at sit diuisibile, & sit Ac, & diuidatur in
192 1812 693 1862 s, dico igitur quod, si magitudo ABCfue
189 1846 684 1891 rit diuisibilis, necesse est vt transmuta¬
719 1028 1204 1073 tum sit transmutatum in vtraque pte ABC
719 1061 1206 1099 aut adhuc transmutetur Si at tramsmuta
720 1101 1196 1150 tum est in vtraque perte, tunc transmutatio ei
715 1133 1208 1177 IABCtoto n erit prima. Epositum est
719 1172 1211 1226 ita, quod est iconueniens. Et, si in vtraque ad¬
720 1211 1210 1252 huc transmutetur, & nin est transmutatum,
726 1251 1210 1300 continget vt in toto transmuteur i  posi¬
715 1285 1209 1335 tum est ipsum iam tram smutatum esse. Et hoc in¬
723 1325 1209 1374 tendebat, cum d. si igitur transmutatr i. si
718 1361 1210 1402 icitur transmutatum in vtraque pte AEc, i
727 1390 1213 1449 ge dicitur iam esse transmutatum. quoniam sequitur ex
715 1435 1207 1482 eo, vt non sit initium transmutationrs, lse,
718 1474 1212 1527 sper transmutatur ergo necesse est vt sit in
723 1513 1211 1554 toto scilicet in Ac sper transmutari: quia neces¬
717 1548 1212 1589 se est vt sit in vtroque, aut vere dicatur sper
719 1590 1213 1626 tramsmutari, aut iam transmutatum esse. Si
719 1623 1207 1669 igitur non vere de iam transmutatum esse, ne
716 1663 1213 1712 cesse est vt in vtraque transmutetur: ergo in
717 1697 1213 1746 toto est tale scilicet transmutari. & positum est
719 1736 1211 1779 quod in toto transmutatur ergo in eodem su
722 1773 1214 1811 transmutatur, & est tram smutatum insimus.
721 1821 1207 1866 quod est ipossibile. Et abbreuiatio huius de¬
