1416 2066
162 173 669 211 quantitatis. contigentia enim 3. physi. 12. sunt,
155 211 673 249 quorum vltima simul sunt. vnde patet in¬
161 238 667 276 spicienti com. 16. &. 33. illius septinum quod tales
160 277 669 306 rationes praesupponunt scientiam Natur a¬
162 301 667 338 lem. Similiter illud asn est de intentione
158 335 668 365 Sancti Thomae. Nam in procemio nieta. in
166 364 667 397 lectione. 2. super illo passu Philosophi, vniversalia
164 396 665 426 sunt difficillima ad cognoscendum, dubi¬
162 429 664 458 tat contra Philosophum. QQuia, vt inquit, vi¬
162 460 664 491 detur contradicere sibi Philosophus in. 1.
159 493 667 529 phy. tex. com. 3. &. 4. vbi oppositum videtur re
166 525 669 554 nere, videlicet quod vniversalia sunt nobis primo no¬
163 552 675 585 ta. & soluendo dicit quod vniversalia in cognitione in
160 581 668 618 complexa sunt notiora nobis minus vniversalibus.
164 612 662 650 vnde, cum vlissimum oium sit ens, & res
165 644 673 682 ideo ista prima cognitione concipiun:s, iuxta
162 675 665 710 illud Auicen. Ens & res prima imipressione
164 706 671 740 imprimuntur in anima nostra. Vnde, sicut
165 737 665 782 in esse naturae prius est animal, quae homo, cum
168 773 671 803 natura de imperfecto ad perfectum proce¬
163 805 665 834 dat, sic etiam est apud intelsecunum nem in co¬
165 836 670 873 gnitione prima prius concipitur animal, quae ho
164 868 669 898 mo. sed in cognitione complexa, & in inue¬
166 897 663 930 stigatione naturalium proprietatum, & cau¬
167 927 667 962 sarum prius sunt nota minus communia,
166 955 663 994 eo quod per causas particulares, quae sunt vnius
168 989 671 1026 generis & speciei, peruenimus in causas vniversalies.
166 1021 662 1058 Et sic patet secundum viam Sancti Boctoris solu¬
168 1053 669 1090 tio ad secundum argumentum Scoti probantis Me¬
166 1085 662 1125 taphysicam via doctrinae praecedere reli¬
167 1118 671 1152 quas scientias. Dico quod licet Thomas in co¬
169 1148 669 1186 gnitione quo ad simplicem apprehensionem
164 1181 666 1210 terminorum tenuerit magis vniversalia esse notiora
163 1213 667 1243 minus vniversalibus, tamen hoc non tenet in cognitiu
170 1245 668 1274 ne per discursum habita, qualis est cognitio
167 1273 673 1307 Metaphy. & aliarum scientiarum. Et hoc pa
170 1308 664 1347 ter inductione, in qua a singularibus tan
168 1336 665 1372 quam ex praecognitis deuenimus ad vniversalia si¬
173 1365 668 1402 cut patet in. 1. poste. ad principium. & hoc
168 1400 674 1434 videtur esse de intentione Auerro. I. phy. in
170 1429 671 1463 com. 2. vbi verbum illud in tex. 3. Sunt autem
166 1462 670 1497 nobis prius nota confusa magis, dupliciter
166 1493 668 1530 exponit. & in secunda expositione dicit quod
174 1523 669 1561 per confusa magis, exponi potest ipsum sin
170 1557 674 1592 gulare: quod licet non sit principium scien
171 1586 667 1626 tiae, est tamen principium inquilitionis vniversalis, quod
174 1614 665 1650 est principium artis & scientiae & secundum pri¬
175 1653 666 1683 mam expositionem per confusa magis ex¬
179 1677 674 1714 ponit species. & quomodocunque sit, patet
168 1716 670 1751 quod ibi loquitur de via doctrinae, quae est co¬
171 1740 670 1778 gnitio habita per demronen signi, sicut ipse
173 1773 670 1806 habet in expositione tex. comme. 2. Et ita secundum
175 1804 667 1844 Auerr. videtur quod in cognitione habita per di¬
177 1837 669 1874 cursum non est necessarium a magis vniversalibus
170 1870 669 1906 semper incipere, quo ad viam doctrinae. Sic
167 1901 669 1943 ligitur ad secundum Scoti dictum sit. Ad tertium ar¬
694 173 1212 217 gumentum Scoti dicentis, si magis vniversalite esset
704 212 1209 251 primo notum, tunc intellectus inagnum tempus
697 243 1208 281 apponeret, antequam deueniret in cognitionem,
700 274 1209 313 spei specialissimae dicunt retorquendo ar¬
698 303 1206 345 gumentum contra Authorem. quia a pari¬
698 332 1209 371 sequeretur, quod si species specialissima esset pri¬
699 373 1207 406 mo nota, tunc intellectus magnum tempus ap¬
703 397 1209 440 poneret, antequam deueniret in cognitionem,
702 426 1209 469 generis generalissimi, vel ipsius entis. patet
706 468 1210 490 onsequentia. nam eadem est via ab Athe¬
697 492 1210 522 nis ad Thebas, & a Thebis ad Athenas. Et
701 521 1211 555 ideo soluentes dicunt quod intellectus aliquando
698 555 1202 586 magnum tempus apponit, antequam deue
707 581 1209 618 niat in cognitionem speciei sp:cialissimae.
699 616 1208 650 & hoc in casu, quo non est informatus per
697 646 1209 682 superiores, & vniversaliores conceptus. sed quam¬
705 677 1207 709 primum tales conceptus habuerit, ilatm
697 715 1201 746 deducitur in cognitionem speciei. Haec com¬
705 743 1207 778 muniter & passim dicuntur contra Sotum,
702 772 1202 810 et ad argumenta sua hae solones sunt famose¬
731 804 1209 834 Alia opinio famosa satis est opinio, cui
700 829 1209 866 sustentatur sanctus Thomas in prima parte
699 866 1205 906 sunimae quaest. S3. art. 2. vbi habet quod ia co¬
696 900 1211 937 gnitione nostri intellectus duo oportet consyde
701 934 1203 963 rare. Vnum, quod nostra cognitio intellectiua
702 961 1213 996 aliquo modo a sensitiua primordium sumit
696 988 1207 1026 & quia sensus est singularium, intellectus vero
703 1021 1211 1058 niversalium, necesse est quod cognitio singularium
701 1053 1205 1091 quo ad nos prior sit, quae cognitio vniversalium. Se¬
700 1087 1215 1126 cundo oportet consyderare quod intellectus noster
702 1115 1204 1150 de potentia ad actum procedit. omne autem,
702 1146 1205 1187 quod procedit de potentia ad actum, prius
707 1178 1207 1218 peruenit ad actum incompletum, qui est
698 1212 1205 1249 medius inter potentiam & actum, quam
694 1239 1204 1274 ad actum perfectum. actus autem perfectus, ad
705 1271 1203 1315 quem peruenit intellectus est scientia comple¬
698 1308 1203 1338 ta, per quam distincte & determinate co¬
699 1332 1201 1375 gnoscuntur res. & ideo antequam intellectus ad
703 1373 1207 1405 talem cognitionem deueniat ex pura nega¬
698 1398 1204 1435 tionis ignorantia, necesse est ipsum deueni¬
701 1432 1209 1471 re prius in cognitionem aliquam, in qua
701 1459 1207 1491 res sub confusione quadam, & in vniversali cogno
705 1493 1207 1532 scuntur. Et ideo concludit quod cognitio alicuius
706 1522 1207 1557 viversalis confusa mediat inter puram potentiam,
703 1554 1205 1586 & actum purum & distinctum. & vult quod pri¬
698 1589 1200 1618 mum cognitum cognitione confusa sit ma
700 1621 1197 1656 gis vniversalier loquendo de actuali cognitione. Et,
700 1648 1204 1687 quia sensus etiam exit de potentia ad actum,
701 1685 1201 1715 consimilem ordinem etiam in sensi ponit.
700 1709 1207 1746 vnde secundum sensum prius iudicamus, & secundum tem
707 1749 1199 1777 pus, & secundum locum aliquid magis commnune
698 1771 1206 1814 qua aliquid minus commune. secundum tempus qui¬
706 1806 1203 1836 dem: nam pueri, vt inquit Philosophus. i.
704 1836 1198 1877 phy. tex. com. 3. prius appellant omnes viros pa¬
702 1869 1199 1900 tres, & omnes soeminas matres, posterius autem
706 1898 1206 1938 determinant vnumquodque, secundum locum autem,
