1416 2066
184 181 693 241 Haee quod, vt d. auctor est. Si omne, quid
184 228 682 269 mouetur, mouetur ab aliquo motore, qu
199 265 685 306 re quaedam mobilia mouentur, cum motor il¬
200 303 678 346 llorum sit inquiete. ex hoc enim sequitur alte
192 348 689 385 rum trium: aut quod aliquid moueatur sine mo
192 389 695 418 tore, aut quod motor, cum sit corpus, mo
198 427 691 466 ueat aliquid absque eo, quod moueatur,
198 453 689 507 & fine eo, quod targat illud, quod moue¬
203 492 694 543 tur, aut dicatur quod primus motor pet
197 533 692 570 mouere, non continue. Quae autem in¬
198 569 692 610 ducunt hanc quodnem sunt illa, quae pro
203 606 692 652 iiciuntur, aut sagittantur. videmus
201 646 692 693 en. lapidem prorectum moueri, cum
199 692 693 731 manus, quae mouerit, iam quiescit:
204 719 695 770 similiter de sagitta a chorda. Hanc qui¬
184 756 696 807 . dem quodnem opponit illis proponibus
201 797 687 842 qubus vsus est in pdicta declaratio
205 833 697 881 ie, scilicet omne motum habere motorem, & ip¬
204 877 678 914 sum non mouere, nisi cum moueatur,
200 907 695 959 cum sit corpus, & super hoc funda¬
207 948 696 987 bit prius hoc, quid voluit declarare, scilicet
198 982 692 1035 quod iste motor non est corpus. &, quia
202 1022 695 1078 etiam contradicit huic, quid ostensum est:
204 1068 689 1100 quoniam primus motor cotmue mouet.
203 1101 695 1138 & ideo d, quomodo quaedam continue mouean¬
204 1136 699 1178 tur. &c. Lost d. Et, si motor mouet
201 1173 686 1218 &t hoc aliud, vt aerem, &, cum hoc mo
204 1220 691 1261 ueatur, mouet. i. &, si aliquis dixerit
202 1252 696 1299 quod huius cam est, quod motor in huiusmodi
206 1289 693 1329 mouet cum illo, quid mouetur ab illo,
202 1325 699 1376 aliud, quod mouet illud motum, quando
206 1365 682 1415 primus motor cessat. v. g. quando man
204 1410 699 1455 mouet lapidem, mouet cum illo aerem.
204 1441 692 1488 quare accidit quod , cum manus etiam non
204 1485 695 1530 mouet lapidem, statim succedit ei aer¬
202 1517 693 1567 in mouendo lapidem: deinde mouet
204 1556 685 1594 etam eodem motu alium aerem cum lapi
199 1601 685 1635 de: vnde accidit quod secundus aer mo¬
204 1642 692 1685 uet lapidem primo quiescente. motus
198 1671 695 1722 ergo lapidis videtul quasi continuus, cum
198 1716 694 1754 fiat successiue a pluribus: successio
204 1748 694 1791 quidem non cessat, quousque motus ces
203 1788 691 1839 set. Post hoc d. tamen impossibile est ip¬
202 1825 691 1882 sum moueri, nisi primum tangat, aut
719 187 1222 234 moueatur imo necesse est, &c. i. s, huiusmodi
725 226 1217 278 solo nihil aliud est qua mutare quae¬
718 265 1213 306 stionem de lapide ad aerem, aut aquam,
719 304 1215 346 & vniversaliter ad illud, quid, cum primo mo¬
721 341 1211 391 to mouetur a primo motore. Que¬
723 386 1227 426 rendum est enim etiam de aere, quare post
725 428 1217 466 quietem manus remanet aerem mo¬
727 455 1215 508 uere lapidem, cum non moueat la¬
727 500 1217 543 pidem, nisi moueatur, nec mouea¬
724 532 1216 586 tur, nisi manus moueat. oportet igi
727 577 1213 620 tur omnia omniuo quiescere, quan¬
730 608 1224 656 do primus motor quiescit, & moue
726 646 1218 690 ri, cum ipse moueat. Et hoc voluit,
731 680 1215 723 cum d. immo necesse est simul om¬
724 720 1218 762 ma moueri, & simul quiescere, cum
730 758 1214 808 primus motor quieuerit, i, aer aut
731 795 1213 834 chorda, aut his similia. Post d. simi¬
729 837 1215 874 liter est & si etiam facit, sicut facit la¬
731 877 1223 918 pis scilicet magnetes, &c. i. similiter rema
729 911 1218 960 net quod, manus enim non mouet illud
732 948 1213 986 proiectum, nisi mouendo prius aerem:
726 988 1214 1039 vt dicamus quod lapis magnetis attra¬
725 1022 1217 1076 het ferrum, quid ponitur vtra primum
722 1061 1216 1099 ferrum, mediante attractione eius
726 1100 1213 1138 ad primum ferrum. D.d. hoc autem debet
725 1136 1219 1179 concedi de necessitate, scilicet quod primus
727 1173 1215 1223 motor est, qui hoc facit. i. sed opor¬
727 1213 1215 1251 ter nos concedere de huiusmodi mobili¬
726 1252 1221 1290 bus primum motorem esse causam
722 1290 1214 1330 motus eorum omnium de primo ad vl
727 1325 1209 1378 timum. Quod autem est consideran¬
731 1363 1217 1414 dum, est, quomodo sit causa eorum mo¬
724 1405 1212 1442 tus. hoc quidem, vt d. auctor, conce
726 1440 1217 1482 dendum est, cum huius mobilium
727 1476 1223 1522 motus sequatur in velocitate, & tar
726 1519 1213 1570 ditate potentiam primi motoris, &
722 1557 1223 1606 eius debilitatem, ex quo possumus
726 1597 1216 1634 scire primum motorem esse causam
725 1632 1213 1673 huius motus de initio ad finem. D.
722 1669 1214 1714 innuit modum, quo huiusmodi motus
728 1709 1206 1762 pont fieri exemplificando, & d. v. g
724 1749 1211 1795 qui mouet aerem, cum fuerit huiusmodi,
719 1795 1218 1834 aut aquam, aut aliud, &c. i. v. gra. quod
723 1823 1219 1874 primus motoi, vt dicas, manus mo¬
