1416 2066
204 173 709 232 id, quod per accidens, esset expers
215 217 713 267 rei, quae per se, & prius ea, quod
213 255 373 298 est falsum,
355 301 569 345 Caput Tertium.
210 332 716 387 Voniam autem ex quatuor cau¬
258 353 711 434 Asis Antiqui tantum Materialem
293 414 706 460 consyderauerunt: iam de Tor¬
219 453 713 503 mali, finali, atque Efficienti minimum
216 492 712 539 quid attigerunt: ideo id, quid forma
218 529 706 571 vocatur, & finis, insequi naturam ma
214 569 708 610 teriae putarunt, ex eaque de necessita¬
218 616 706 658 te prouenire, & tum primum, tum vl¬
218 646 710 691 timum negauerunt finem. Videtur
218 685 708 741 enim inquiunt, pluuiam non vt frnges
214 724 705 779 germinent descendere, sed quia ac¬
221 765 717 817 cidit ipsi vapori ascendenti infrigida
214 804 715 856 ri in superiori parte aeris, ex quo fit
210 841 717 894 pluuia, quae descendit, & semina pul
216 881 712 922 lulare facit. Itidem in membrorum ani¬
221 921 701 970 malis generatione, ita, vt dentes gra
221 961 705 1002 tia exempli quidam lati, quidam ve¬
223 996 705 1050 ro acuti reperruntur, non vt ad teren¬
221 1036 713 1074 dum lati, & ad incidendum acuti
220 1076 714 1128 existant, sed quia ipsos molares, qui
215 1114 703 1154 ex materia terrena, crassaque oriun¬
223 1153 705 1204 tur, contingit esse latos, & ex mate¬
218 1197 709 1234 riae tenuitate acutorum dentium acu¬
216 1230 717 1274 tos oriri de necessrtate. Dicunt autem
214 1268 704 1322 generationem animalis tunc perfici,
225 1316 701 1346 & idoneam reddi, cum huiusmodi con¬
204 1349 713 1399 tingentia Tseu fortuna, accidit in
219 1388 697 1426 omnibus eius membris, sed Tdefe¬
222 1424 701 1466 ctus Iseu destructio, accidit in ge¬
221 1465 703 1506 neratione eius, cum huiusmodi contin
218 1501 702 1556 gens non euenit in omnibus eius men¬
227 1541 705 1593 pris, quae ex ipso animali genita sunt,
222 1580 714 1632 Quare naturam posse procreare indi¬
226 1620 708 1667 uidua animalium, ex pluribus spebus
230 1656 710 1708 composita certe affirmant: vt forte
224 1698 714 1747 fortuna contigit cuidam animali ha
226 1733 716 1779 bere quaedam eius membra alterius
226 1775 709 1818 animalis, & alteri alterius, vt Empe
228 1812 721 1866 docles asserit posse oriri animal, cu
223 1852 713 1901 ius superiores partes sint humanae,
738 179 1251 230 in feriores vero bouinae, his igitur ratio¬
742 217 1234 266 nibus priores tollebant finalem causam.
743 260 1229 309 hac quoque ratione res gigni existima¬
742 296 1251 347 bant. Nos tamen dicimus quicquid a¬
740 334 1239 379 natura generatur, id vel vt semper
745 381 1245 429 gigni, vt animal, quid ex mare, & foe¬
739 412 1233 465 mina procreatum est, vel vt in plu¬
745 452 1229 502 ribus, vt quitus dicitus in homine,
749 492 1240 530 vel vt in paucioribus, vt sextus. in
742 533 1243 578 prius autem dictis aperte patuit ea.
747 568 1233 621 quae raro fiunt, sponte, & fortuna fie¬
745 604 1233 660 ri. Quod igitur ex animali gignitur,
742 640 1239 690 atque psanta, oportet a fortuna, vel a
741 685 1237 736 natura prodire: sed non a fortuna:
743 725 1227 776 quoniam tunc animal, & planta raro in¬
743 762 1229 806 uenirentur: & oporteret id, quod est per
741 801 1237 843 accidens, esse denudatum ab eo, quid
748 845 1232 895 per se, & vt. non postponatur ei. Iam
743 881 1233 923 tamen est probatum ipsam fortunam, &
741 918 1235 970 id, quod suonte, esse posteriora rei
747 951 1235 1010 naturali. hinc autem mnui pont quod
734 997 1228 1049 re vera nam alicuius rei gratia agit.
783 1032 1237 1074 Potest adhuc idem monstrari, si
743 1074 1232 1119 naturam arti comparemus. est. enim ip
745 1112 1223 1166 sa causa finalis apertissima in arte.
740 1151 1225 1202 identidem quicquid est ante finem,
744 1190 1231 1242 esse propter finem, nemo ambigit.
740 1234 1227 1281 si rem igitur animaduertas, nom te
743 1269 1229 1317 latebit naturam in hoc aequa lance
743 1305 1228 1354 cum arte procedere. nam, si domus
742 1344 1222 1395 gratia exempli a natura producere¬
740 1389 1232 1426 tur, non nisi vt ab arte prodiret. hoc
743 1421 1229 1475 tamen primo naturae, quae arti ascri¬
738 1462 1224 1502 bendum est. ais enim naturam itat.
741 1500 1235 1551 lccirco fuis figuris vseu deferiptioni
748 1541 1221 1586 pus inuenimus eam perficere id,
743 1576 1239 1626 in quo natura deficit, vel illius opus
739 1617 1227 1667 facile reddit, vt ars Medica, & Agri¬
747 1650 1231 1698 cultura. constat igitur eandem esse
747 1695 1229 1748 proportionem priorum ad posterio¬
744 1732 1230 1787 ra in arte, quae est in natura. priora
744 1776 1230 1818 videlicet in his prper posteriora existe
743 1812 1227 1862 re: sed, si in naturalibus priora po¬
739 1852 1233 1906 steriorum giatia fiunt, & itaque se na¬
