1416 2066
194 181 702 226 Dicit: & etiam omne corpus sensibile, i
194 227 710 266 t tangibile est in loeo, &c. & intendit
219 261 703 308 icituras loci, non dicturias corporis. Sed,
212 301 698 339 si intellexerimus dicitur as specificas lo¬
206 338 699 379 ci, tunc loca naturalia erunt ista sex
206 381 704 419 sed, vt dictum est in Coelo, & Mun¬
211 416 696 458 do, loca naturalia sunt duo tamens scilicet su
214 457 707 508 perius & iferius: & ipse expressit hic
210 500 705 545 quod istae diciturae sunt namliter, non positio
211 538 703 586 ne, haec igitur quod contingit, si intel¬
214 569 707 623 lexerimus per superius locum ignis, &
211 603 703 658 aeris, & per inferius locum terrae & aque,
214 649 701 690 vt dicit Themistius, & alii exposito
204 690 696 730 res, vt mihi vie scilicet quod dextrum, & sini¬
210 726 701 769 strum sunt loca naturalia in inundo,
209 770 703 810 & similiter ante, & retro. &, si intellexeri¬
210 805 703 854 mus per superius, & inferius partes lo
203 845 701 890 ci sequentes istas sex partes corporum
209 886 699 923 naturalium, tunc istud non erit verum
210 920 699 962 de corporibus, nisi in animatis, vt dictum
214 960 702 1002 est in Coelo, & Mundo. Ad hoc autem
208 1003 697 1042 dicamus, quoniam quod istae partes inuenium,
206 1037 703 1082 tur per se in omni corpore, non in
211 1077 700 1126 respectu istorum, manifestum est per
208 1116 696 1169 se. quod autem superius & inferius,
211 1153 694 1195 & dextrum & sinistrum, & ante & re¬
207 1196 696 1234 tro sunt disticta naturaliter, hoc non
206 1230 697 1274 inuenitur, nisi in animatis. & secundum hoc om¬
209 1270 701 1331 ne corpus habet sex partes, & sex lo¬
208 1310 695 1354 ca, & sunt sex partes oci, quae superpo¬
209 1348 701 1401 nuntur partibus corporis, & si oppo
209 1388 698 1437 sitae ex istis partibus secundum loca non sunt
200 1425 695 1475 distinctae naturaliter. &, cum ita sit,
202 1465 700 1517 & infinitum non habet istas diciturias par
205 1505 698 1558 tium, neque locorum. ergo nullum in¬
205 1544 697 1596 finitum est corpus. & secundum hanc
204 1580 696 1635 expositionem, cum dixit & istae dif¬
206 1620 694 1665 ferentiae, &c. intendit quod sex partes,
206 1661 694 1712 & sex vbi superposita partibus cor¬
206 1701 696 1746 poris inueniuntur in toto mundo,
197 1737 700 1790 secundum quod est corpus per se, non in respe
200 1778 697 1818 ctu ad aliud, sed non ita, quod oppo
199 1817 703 1859 sita earum sint distincta naturaliter,
205 1859 699 1898 cum hoc non inueniatur nisi in ani¬
737 180 1227 227 matis. Sed quaeret aliquis, si, cum
733 220 1227 271 dixit distincta in ipso toto, intende
735 260 1231 298 bat in toto mundo, tunc mundus
728 300 1221 346 apud ipsum erit in loco, sed in. 4
734 341 1228 378 istius libri declarabit mundum non
732 377 1223 418 esse in loco, nisi per accidens. Ad hoc
731 417 1220 458 autem dicamus quod, cum dixit distin
741 455 1229 498 cta in toto, intendebat in partibus
734 498 1231 543 totius: & est modus, secundum quem
730 534 1229 570 est verum dicere mundum esse in
736 572 1224 621 loco, scilicet secundum hoc, quod
734 610 1219 659 partes eius sunt in loco. &, cum ita
730 650 1227 691 sit, manifestum est quod infinitum
740 694 1214 739 non est in loco, neque secundum partem
732 726 1217 770 neque secundum totum, ergo non est
775 795 1228 842 Simpisicitur autem, si impossibile est locum
732 837 1222 883 esse infinitum, in loco autem est omne
737 879 1226 931 corpus, impossibile est infinitum esse
734 928 1222 975 corpus aliquod, at vero quod ali¬
739 965 1223 1011 cubi est, in loco est, & quod in lo¬
733 1008 1229 1050 co, alicubi. Si igitur neque quantum
732 1048 1229 1101 possibile est ipsum infinitum esse quan
733 1093 1223 1145 tum enim aliquod erit, vt bicubitum,
735 1134 1229 1193 aut tricubitum: haec enim significat
730 1175 1225 1226 ipsum quantum, sic & in loco,
739 1228 1232 1268 quod alicubi. hoc autem est aut
733 1262 1225 1307 sursum, aut deorsum, aut in alia
730 1307 1228 1354 aliqua distantia earum, quae sex sunt.
730 1349 1241 1402 horum autem vnumquodque
734 1389 1066 1443 terminus aliquis est.
779 1452 1233 1516 Dicamus simpliciter quod im¬
729 1505 1233 1570 possibile est ut locus sit infinitus, et
731 1556 1231 1616 oc corpus est in loco. & etam oe, quod
729 1604 1237 1667 est vbi, est in loco, & oe, quod est
729 1652 1241 1714 in loco. est vbi. Si igitur impossibi
725 1700 1219 1762 le est vt infinitum sit quantum,
730 1749 1229 1811 quio non erit quantum, nisi fuerit,
739 1797 1231 1859 verbi gratia bicubitum, aut iri¬
733 1844 1228 1898 cubitum, quoniam haec, & similia
