1416 2066
156 181 659 231 doque quieseat, scilicet quando fue¬
162 221 663 258 rit remotum. Et declarauit quomo
169 259 665 307 do sequitur necessario vt primum
162 297 663 338 motum, quod, quando mouetur a
168 340 664 383 motore, qui non mouetur, sit aeter¬
166 373 664 422 num, & quomodo sequitur ex hoc
165 413 668 450 vt sit causa motuum contrariorum,
162 453 664 497 apparuit ei ex hoc illud, de quo quae
168 485 667 535 siuerat primo, & est quare quaedam
163 532 659 570 entia mouentur quandoque, & quie¬
162 560 662 612 scunt quandoque, & quaedam mouen
171 598 663 651 tur semper, & quaedam nunque. Et d.
171 636 668 691 Et apparet etiam ex hoc, &c. i. ex p¬
170 676 665 726 dictis igitur apparet illud, in quo du
172 715 663 755 bitabamus primo, & est, quod non om
175 751 671 802 nes res mouentur, neque omnes quie
172 789 667 834 scunt. & causa in hoc est, quod ista etiam
170 829 669 866 non diuiduntur i duos modos tan
173 868 669 914 tum, quorum vnus est motum semper,
171 904 673 946 & alius quie scens semper, sed sunt hic
173 941 663 993 aliqua, quae mouentur quandoque, & quie¬
168 981 668 1018 scunt quandoque, & aliqua, quae mouentur
174 1016 671 1060 semper, & quiescunt semper. Et quod
172 1061 669 1097 causa in toto declarata est nunc ex
171 1091 667 1130 hoc sermone. & est, quod quaedam mo
172 1132 670 1170 uentur a motore aeterno, qui non mo
169 1173 669 1211 uetur, & ideo ista mouentur semper: &
170 1212 669 1251 quaedam mouentur a motore moto,
173 1245 663 1281 & ideo contingit etiam vt ista mo¬
174 1285 668 1322 ueantur quandoque, & quandoque quiescant: &
156 1317 663 1362 quaedam nunquam mouentur, & est
175 1357 667 1406 motor aeternus, de quo diximus esse
167 1398 661 1434 motorem vno motu tantum. Et
170 1433 669 1474 hoc intendebat, cum dixit: Illud au¬
173 1477 665 1514 tem, quod est non motum, &c. i. ens
172 1516 667 1554 autem, quod est non motum, mouet
170 1548 666 1600 eodem modo vno motu simplici:
172 1582 662 1635 quia est simplex, non compositum,
169 1624 669 1676 im non habens materiam. Iam igi¬
170 1661 670 1707 tur apparent hae tres dispositiones cum
167 1709 666 1746 suis causis. & est, quod quaedam eorum
166 1741 661 1791 nunque mouentur: & causa eius est, quia
170 1781 662 1826 est simplex, non compositum. &, quod
170 1817 662 1866 quaedam semper mouentur: & cau¬
695 181 1208 226 sa illius est, quia mouentur ab hocl
690 220 1189 269 motore simplici. & quaedam, quae mo¬
694 260 1193 308 uentur quandoque, & quiescunt quam
695 294 1191 344 doque: & causa illius est, quod motor eo¬
690 332 1197 385 rum mouetur. Et debes intelligere
694 373 1195 420 hic per motum, & quietem, omnes
695 408 1197 450 transmutationes compositas, & de
697 445 1193 482 motu aeterno motum localem tan¬
694 485 1188 522 tum. Et debes scire quod secundum
693 520 1181 562 hunc modum possibile est vt mot
694 560 1186 602 noui fiant a motore non moto, sci¬
700 599 1189 643 licet mediante moto aeterno. Et ideo,
698 644 1196 687 qui posuit principium aeternum, &
702 672 1190 723 primum motum esse nouum, non
700 714 1190 759 potuit dissoluere quaestionem acci¬
696 751 1193 802 dentem in hoc, sicut accidit Loquen¬
705 790 959 842 tibus nostrae legis.
784 860 1114 889 SVMMA TERTIA.
715 909 1175 954 An detur motus contiauus: & quis mo¬
836 942 1036 986 tuum sit primus,
700 997 1177 1034 Lationem esse caeteris motibus priorem.
836 1037 1059 1082 Oap. 1.
886 1084 1198 1130 Tvero & alio facto
876 1132 1195 1186 pricipio, magis erit
878 1173 1194 1218 de his manifestum.
881 1212 1191 1266 consyderandum enim
695 1252 1195 1306 es vtrum aliquem motum contingat
691 1300 1185 1346 esse continuum, an non. &, si com
700 1341 1188 1394 tingit, quis est hic, & quis pri¬
699 1381 1190 1419 mus est motuum. Manifestum enim
696 1421 1192 1473 est quod, si necessarium quidem est
699 1460 1198 1509 semper motum esse, primus autem hic, &
698 1502 1189 1546 continuus est, quod primum mouens
691 1549 1187 1590 mouet secundum hunc motum,
694 1582 1195 1634 quem necessarium est vnum, &
691 1624 1197 1674 eundem esse, & continuum, &
702 1669 847 1714 primum.
743 1709 1175 1770 Deinde hoc apparebit manife
689 1761 1189 1824 ste magis, consyderando alio mo¬
695 1805 1197 1866 do. consyderadum est enim, vtrum
