1416 2066
183 173 696 229 Quam autem finitum non transibit
202 218 684 263 infinitam infinito tpere, manife¬
199 261 691 316 stum est quod neque infinitum fini¬
196 300 690 346 tam. si enim infinitum finitam, necesse
202 340 685 386 est & finitam transire infinitum.
190 381 681 426 nihil enim refert vtrumuis esse id,
202 423 687 471 quod mouetur. vtroque enim modo fini¬
200 461 699 506 tum transibit infinitum. Cum enim
198 502 690 554 moueatur infinitum, in quo est A,
198 544 692 594 erit aliquid ipsius secundum per finitum, vt
198 588 687 634 Cp. & rursus aliud, et aliud, &
194 624 683 672 semper sic. quare similiter accidet infi¬
190 664 694 715 nitum motum esse per finitum, &
204 708 684 746 finitum transisse infinitum. Ne¬
194 749 684 787 que enim fortas sis possibile est ali¬
204 789 694 837 ter infinitum moueri per fini¬
200 829 685 882 tum, quam quod finitum transeat infinitum,
197 870 696 914 aut latione vtendo, aut mouendo.
203 909 689 962 quare, quoniam hoc impossibile est,
194 948 692 994 non transibit infinitum finitum.
730 173 1234 235 infinitum in tempore finito, mani¬
728 229 1226 284 festum est per se quod neque, etiam
724 269 1219 334 infinitum pertransit finitum. si
725 315 1207 366 enim infinitum pertransit finitu.
722 365 1219 424 necesse est finitum pertransire in¬
729 410 1219 466 finitum. Quoniam, cum moueatur
722 452 1222 516 infinitum scilicet A, tuc quiddam eius
718 501 1220 560 erit in Efinito, v.gc D.& erit
727 549 1219 602 etiam aliud ex eo post aliquid, &
718 589 1222 651 sic semper. ex quo sequitur vt infi¬
719 645 1219 698 nitum moueatur per finitum, &¬
725 685 1216 750 finitum pertranseat infinitu. Quo
725 730 1234 788 niam videtur mihi quod impossi¬
717 779 1223 839 bile est infinitum moueri per fini
723 821 1211 883 tum alio modo, nisi vt finitu per¬
721 869 1225 931 transeat infinitu, aut cursu, aut
718 916 1218 963 mensuratione. &, cum sit hoc im¬
724 964 1216 1019 possibile, est impossibile, infini¬
701 1011 1121 1066 tum pertransire finitum.
233 1637 680 1693 Hoc est Quartum quaesitum. &
198 1684 686 1728 est, quod motum infinitum non potet per
196 1725 689 1766 transire spatium finitunt, sicut declara
196 1757 685 1794 tum est quoniam impossibile est moueri tempo¬
188 1790 693 1843 te finito. Et d. Et, cum finitum, &c. &
715 1636 1219 1690 modus continuationis in eo est, quoniam,
711 1684 1219 1730 quia declaratum est finitum non per¬
718 1718 1211 1766 transire spatium infinitum in tem¬
718 1757 1218 1804 pore finito, declaratum est ipsum non
722 1789 1216 1849 pertranfire finitum omnino. Nam, si
