1416 2066
246 1133 707 1182 Cum declarauit quod impossibile est
221 1173 706 1217 vt motum pertranseat spatium fini
214 1206 708 1250 tum in tempore infinito, & posuit
215 1245 695 1293 quod pertransit partem illius ma¬
214 1285 695 1333 gnitudinis in parte illius temporis
190 1320 705 1361 I& quod illa magnitudo consumit totam
210 1357 700 1409 magnitudine, & quod totum tpes diuidit
212 1397 705 1445 in tepora aequalia numero magni¬
212 1429 697 1474 tudinibus, in quas diuiditur ma¬
206 1469 698 1519 gnitudo, cum quaelibet magnitu¬
213 1508 701 1547 do earum pertranseantur in tem¬
212 1544 696 1594 pore finito, & omne, quod compo
212 1581 695 1624 uitur ex finito in numero, & ma¬
208 1619 702 1666 gnitudine, est finitum, & ista de¬
213 1656 699 1706 monstratio fundatur super hoc, quid
210 1693 694 1741 conceditur, quod non omnis ma¬
210 1733 692 1778 vnitudo pertransitur in tempore in¬
208 1758 691 1810 finito, inco. pit notificare quomo¬
204 1805 697 1858 do istud positum est necessarium
731 1125 1222 1178 in hac demonstratione, & verifica¬
736 1165 1224 1219 re propositionem, dicentem quod
732 1205 1222 1258 non omnis magnitudo pertransi¬
731 1245 1225 1294 tur in tempore infinito. aduersa¬
736 1284 1211 1322 rius enim, cum posuerit quod ali¬
742 1325 1219 1369 qua magnitudo pertransitur in tem
738 1356 1223 1406 pore infinito, non potest ponere
732 1394 1222 1437 hoc, nisi in toto, non in parte. &,
733 1431 1228 1482 si non, tunc totum, & pars pertran
726 1467 1219 1519 sirentur in eode n tempore. quod
728 1508 1224 1546 est impossibile. & haec est eius inten
733 1543 1223 1586 tio in hoc capitulo. Et incoepit de¬
731 1580 1227 1618 clarare quomodo verificabitur de¬
733 1618 1229 1658 monstratio eius, cum aduersarius
735 1661 1206 1703 concesserit quod non omnis ma
731 1699 1225 1738 gnitudo pertransitur in tempore in
734 1729 1225 1770 finito, & dixit: Et etiam, si non om
733 1767 1221 1817 nis magnitudo, &cae. idest & mani¬
733 1804 1227 1859 festum est quod, cum posuerimus
