1416 2066
183 181 696 234 priuationis est vt aliquid careat il¬
194 227 693 268 so, quod non est innatum, neque suum
198 262 691 315 genus habere, si habeat genus, vt, cum dici
207 296 689 351 beum esse non corpus. D.d. Et dicitur
194 340 693 386 &c. i. de illo, quod habet quantitatem,
200 381 685 431 & longitudinem in actu, sed non ha¬
203 419 693 471 bet finem. & de isto modo perscru¬
194 461 688 498 tabitur hic. D.induxit tertium mo¬
200 504 692 538 dum, & dixit: Et de illo, cuius proces
198 535 696 578 sus est cum labore. i. & dicitur infinitum
202 578 693 627 transumptiue de illo, quod non per
205 615 691 668 transitur, nisi cum labore perper longi¬
201 661 701 699 tudinem spatii, sed habent finem, vt
205 693 699 738 cum dicitur quod via longa est infinita. D.
204 736 701 778 induxit quartum modum, & dixit. Et
198 771 684 828 de illo, quid possibile est vt in illo, u
201 816 692 858 cedatur, secundum quod est quantum finitum, sed
204 854 699 899 non possumus pertransire illud pro
194 892 698 943 pter rem extrinsecam, vt cum dicitur quod
196 932 700 981 profunditas maris est infinita. & ter¬
203 973 697 1011 tius modus, & isti diuntur infiniti tran¬
191 1015 701 1062 sumptiue. D.induxit quintum mo
200 1053 699 1102 dum, & est illud, quod dicitur esse infini
201 1099 692 1143 tum, secundum quod actus in eo semper seruat
198 1133 700 1181 potentiam, & est illud, quod potest
195 1172 693 1210 esse tamtdum, non secundus modus scilicet nu¬
198 1210 695 1251 merus, & dixit. Et etiam, &c. i. & iste
194 1256 692 1291 modus infiniti est ille, qui dicitur in ad¬
198 1289 693 1330 ditione actionis prouenientis a re,
198 1333 705 1371 aut passionis: In additione ant actio¬
183 1368 700 1423 nis, vt gneatio, in passione vt diuisio
200 1408 694 1463 mensurarum in partes. & iste mo¬
198 1453 692 1499 dus infiniti manifestum est quod est ali¬
194 1490 703 1541 a secundo scilicet qui habet quantitatem in
199 1527 581 1578 actu, sed non habet finem.
218 1588 676 1643 Probatur non dari infinitum. Cap. A.
217 1645 683 1698 Nars Prima, in qua argumentatur con
273 1684 631 1738 tra ponentes Infinitum esse quid
351 1724 541 1771 per se existens.
261 1757 695 1817 Eparabile igitur esse a sensibi
262 1805 691 1850 libus infinitum, ipsum quid
194 1847 699 1890 CAexistens infinitum, non est pos¬
195 1890 692 1946 sibile. Si enim neque magnitudo est,
723 181 1220 235 neque multitudo, sed substantia ip
725 225 1223 277 sum est infinitum, & non accins,
733 269 1227 314 idiuisibile erit. diuisibile enim aut
720 314 1227 354 magnitudo erit, aut multitudo.
722 354 1224 398 si autem indiuisibile, non infini
725 397 1221 442 tum, nisi sicut vox indiuisibilis
722 437 1224 496 est. At neque sic diiunt esse affirman
723 479 1227 538 tes esse infinitum, neque nos quaeri¬
722 525 1103 570 mus, sed vt intransibile.
767 585 1226 644 Nunc aut dicamus quod impos¬
726 629 1229 698 sibile est vt infinitum sit separatu
722 684 1223 740 a sensibilibus, & sit existens per se
723 733 1229 787 infinitum. Si enim infinitum non est
726 781 1222 842 mesura, neque numerus, sed est sub
732 828 1229 890 stantia, non accidens, necesse est vt
728 877 1229 929 sit indiuisibile. mesura enim est illud,
730 925 1218 991 quod est diuisibile, & numerus. et,
727 973 1219 1028 si est indiuisibile, no est infinitum,
730 1024 1230 1074 nisi eo modo, quo dicitur, quod sonus
726 1069 1231 1137 est indiuisibilis. Sed non hoc modo
730 1122 1223 1178 vtuntur infinito dicentes ipsum el
724 1169 1232 1234 se, nec etiam nos perscrutamur de hoc
727 1217 1235 1266 modo, sed de illo, cuius intentio est
726 1268 1136 1330 ipsum esse non pertransibile.
770 1340 1224 1386 Cum narrauit quod oportet Natu¬
730 1373 1220 1418 ralem perscrutari de infinito, vtrum
727 1413 1225 1470 sit corpus sensibile infinitum, aut cor¬
733 1455 1221 1494 pora sensibilia infinita in actu, incoe¬
735 1492 1229 1538 pit primo perscrutari secundum exercitium
725 1533 1229 1585 disputatiuum de infinito, quod po
731 1576 1229 1619 nitur substantia separata a sensibili
730 1613 1223 1667 bus, vt plures Antiqui opinabantur,
730 1653 1229 1692 & dixit: Nunc autem dicamus, &c.
725 1690 1227 1747 i. quoniam impossibile est vt infinitum sit
728 1734 1232 1778 aliquod separatum a sensibilibus de
735 1772 1233 1823 monstratis, secundum quod est substantia, cu¬
731 1813 1235 1858 ius quiditas est in infinito. Deinde
725 1853 1227 1897 induxit rationem destruentem in¬
734 1893 1226 1938 finitum positum hoc modo, & dixit:
