<?xml version="1.0" encoding="UTF-8" standalone="yes"?>
<PcGts xmlns="http://schema.primaresearch.org/PAGE/gts/pagecontent/2013-07-15" xmlns:xsi="http://www.w3.org/2001/XMLSchema-instance" xsi:schemaLocation="http://schema.primaresearch.org/PAGE/gts/pagecontent/2013-07-15 http://schema.primaresearch.org/PAGE/gts/pagecontent/2013-07-15/pagecontent.xsd">
    <Metadata>
        <Creator>prov=University of Rostock/Institute of Mathematics/CITlab|PLANET AI GmbH/Gundram Leifert/gundram.leifert@planet-ai.de:name=cod-dsKs3a-m1(htr_id=29297)::::v=2.6.7
prov=University of Rostock/Institute of Mathematics/CITlab|PLANET AI GmbH/Tobias Gruening/tobias.gruening@planet-ai.de:name=de.uros.citlab.module.baseline2polygon.B2PSeamMultiOriented:v=2.6.7
prov=University of Rostock/Institute of Mathematics/CITlab|PLANET AI GmbH/Tobias Gruening/tobias.gruening@planet-ai.de:name=/net_tf/LA73_249_0mod360.pb:de.uros.citlab.segmentation.CITlab_LA_ML:v=2.6.6
Transkribus</Creator>
        <Created>2021-01-11T16:36:46.951-05:00</Created>
        <LastChange>2021-02-13T04:29:51.801+01:00</LastChange>
        <TranskribusMetadata docId="570401" pageId="23567908" pageNr="44" tsid="52610490" status="IN_PROGRESS" userId="25065" imgUrl="https://files.transkribus.eu/Get?id=HUZRDCHXSJOLCGTOEHHFIUVG&amp;fileType=view" xmlUrl="https://files.transkribus.eu/Get?id=TSKLBRBCRVTFXYZMLTNDYMNT" imageId="18092803"/>
    </Metadata>
    <Page imageFilename="Averroes_Physica_JuntSecunda_04-0044.jpg" imageWidth="1416" imageHeight="2066">
        <ReadingOrder>
            <OrderedGroup id="ro_1613222719720" caption="Regions reading order">
                <RegionRefIndexed index="0" regionRef="TextRegion_1610580080202_253"/>
                <RegionRefIndexed index="1" regionRef="TextRegion_1610580080201_252"/>
            </OrderedGroup>
        </ReadingOrder>
        <TextRegion orientation="0.0" id="TextRegion_1610580080202_253" custom="readingOrder {index:0;}">
            <Coords points="161,117 686,117 686,1916 161,1916"/>
            <TextLine id="line_1610580067066_246" custom="readingOrder {index:0;}">
                <Coords points="156,190 190,209 254,194 670,202 670,164 648,157 626,169 603,156 156,160"/>
                <Baseline points="161,189 188,189 214,189 241,190 267,190 294,190 320,190 347,190 373,189 400,189 426,189 453,189 479,189 506,189 532,189 559,189 585,190 612,190 638,190 665,191"/>
                <TextEquiv>
                    <Unicode>quod nulli accidit omnino, sed omnia,</Unicode>
                </TextEquiv>
            </TextLine>
            <TextLine id="r3l4" custom="readingOrder {index:1;}">
                <Coords points="173,245 674,234 674,205 173,208"/>
                <Baseline points="178,228 203,228 229,228 255,228 281,228 307,227 333,227 358,227 384,227 410,227 436,228 462,228 488,228 513,228 539,228 565,228 591,228 617,227 643,227 669,227"/>
                <TextEquiv>
                    <Unicode>quae accidunt, ei accidunt, tunc ens</Unicode>
                </TextEquiv>
            </TextLine>
            <TextLine id="r3l6" custom="readingOrder {index:2;}">
                <Coords points="166,274 340,271 373,291 396,274 666,274 666,245 623,237 166,244"/>
                <Baseline points="171,266 196,266 222,266 248,265 274,265 299,265 325,265 351,265 377,266 403,266 428,266 454,266 480,266 506,266 532,266 557,266 583,266 609,266 635,266 661,266"/>
                <TextEquiv>
                    <Unicode>apud ipsum significat illud, quid est ens</Unicode>
                </TextEquiv>
            </TextLine>
            <TextLine id="r3l8" custom="readingOrder {index:3;}">
                <Coords points="175,314 475,311 501,326 516,313 667,315 667,285 558,274 391,277 377,291 248,275 175,284"/>
                <Baseline points="180,305 205,305 230,305 256,305 281,305 306,305 332,305 357,305 382,305 408,305 433,305 459,305 484,305 509,305 535,305 560,306 585,306 611,306 636,306 662,306"/>
                <TextEquiv>
                    <Unicode>in reisveritate, &amp; ens significat non</Unicode>
                </TextEquiv>
            </TextLine>
            <TextLine id="r3l10" custom="readingOrder {index:4;}">
                <Coords points="177,351 387,348 414,364 486,348 661,354 660,323 644,313 603,328 518,313 501,325 474,313 459,326 350,313 176,325"/>
                <Baseline points="182,345 208,345 234,345 261,344 287,344 313,344 340,344 366,344 392,344 419,344 445,344 471,344 498,344 524,344 550,344 577,344 603,344 629,344 656,344"/>
                <TextEquiv>
                    <Unicode>ens. Deinde incoepit declarare, quomod</Unicode>
                </TextEquiv>
            </TextLine>
            <TextLine id="r3l12" custom="readingOrder {index:5;}">
                <Coords points="170,394 456,387 475,402 594,387 645,401 664,394 665,353 623,366 534,350 510,366 494,351 421,365 376,349 303,364 171,351"/>
                <Baseline points="176,381 201,382 226,383 252,383 277,383 303,384 328,384 354,384 379,384 405,383 430,383 456,383 481,383 507,383 532,383 558,383 583,383 609,383 634,384 660,384"/>
                <TextEquiv>
                    <Unicode>sequitur hoc, &amp; dixit: quoniam, si illud, quid</Unicode>
                </TextEquiv>
            </TextLine>
            <TextLine id="r3l14" custom="readingOrder {index:6;}">
                <Coords points="169,425 671,434 671,398 589,388 474,404 460,390 374,389 334,406 169,397"/>
                <Baseline points="174,421 199,421 225,421 251,421 277,421 303,421 329,421 355,421 381,421 407,421 432,421 458,421 484,421 510,421 536,421 562,421 588,422 614,422 640,422 666,423"/>
                <TextEquiv>
                    <Unicode>est ens, &amp;c. i. quoniam illud, quod est ens,</Unicode>
                </TextEquiv>
            </TextLine>
            <TextLine id="r3l16" custom="readingOrder {index:7;}">
                <Coords points="173,466 669,465 669,432 656,429 173,429"/>
                <Baseline points="178,460 203,460 229,459 254,459 280,459 305,459 331,459 357,459 382,459 408,459 433,459 459,459 484,459 510,459 536,459 561,459 587,459 612,459 638,459 664,458"/>
                <TextEquiv>
                    <Unicode>dicitur esse album: quia intentio al¬</Unicode>
                </TextEquiv>
            </TextLine>
            <TextLine id="r3l18" custom="readingOrder {index:8;}">
                <Coords points="168,506 667,506 667,476 168,469"/>
                <Baseline points="173,498 198,498 224,498 250,499 275,499 301,499 327,499 353,499 378,499 404,499 430,499 456,498 481,498 507,498 533,498 559,498 584,498 610,499 636,499 662,499"/>
                <TextEquiv>
                    <Unicode>bi est alia ab intentione entis: nam</Unicode>
                </TextEquiv>
            </TextLine>
            <TextLine id="r3l20" custom="readingOrder {index:9;}">
                <Coords points="168,546 215,558 276,543 647,546 647,517 601,504 569,518 532,506 474,518 168,506"/>
                <Baseline points="173,538 199,538 225,537 251,537 277,537 303,537 329,537 355,537 381,537 407,537 433,537 459,537 485,538 511,538 537,538 563,538 589,538 615,538 642,537"/>
                <TextEquiv>
                    <Unicode>impossibile est, vt ens accidat sibi.</Unicode>
                </TextEquiv>
            </TextLine>
            <TextLine id="r3l22" custom="readingOrder {index:10;}">
                <Coords points="175,582 614,595 658,584 658,543 631,557 569,545 463,558 425,546 365,558 278,545 224,560 175,549"/>
                <Baseline points="180,576 206,576 232,576 258,576 285,576 311,576 337,576 363,576 390,576 416,576 442,576 469,576 495,576 521,576 547,576 574,576 600,576 626,576 653,575"/>
                <TextEquiv>
                    <Unicode>Et in alia translatione d. nam impos¬</Unicode>
                </TextEquiv>
            </TextLine>
            <TextLine id="r3l24" custom="readingOrder {index:11;}">
                <Coords points="170,621 669,626 669,587 652,584 273,583 245,598 225,582 170,583"/>
                <Baseline points="175,616 200,615 226,615 252,615 277,615 303,616 329,616 355,616 380,616 406,616 432,616 458,616 483,615 509,615 535,615 561,615 586,615 612,615 638,615 664,615"/>
                <TextEquiv>
                    <Unicode>sibile est vt accidat ei vt sit ens, quoniam</Unicode>
                </TextEquiv>
            </TextLine>
            <TextLine id="r3l26" custom="readingOrder {index:12;}">
                <Coords points="170,662 324,674 339,659 543,658 560,673 576,659 665,660 665,629 620,621 170,625"/>
                <Baseline points="175,654 200,654 226,655 251,655 277,655 302,655 328,655 353,655 379,655 404,655 430,655 455,655 481,655 506,655 532,655 557,655 583,655 608,655 634,655 660,654"/>
                <TextEquiv>
                    <Unicode>dicere aliquid esse non est praedica</Unicode>
                </TextEquiv>
            </TextLine>
            <TextLine id="r3l27" custom="readingOrder {index:13;}">
                <Coords points="173,699 230,714 267,696 454,698 475,711 490,698 669,698 652,663 173,666"/>
                <Baseline points="178,692 203,693 229,693 254,693 280,693 305,693 331,694 357,694 382,694 408,694 433,694 459,694 484,694 510,693 536,693 561,693 587,693 612,693 638,693 664,692"/>
                <TextEquiv>
                    <Unicode>tio per accidens, sicut praedicatio al¬</Unicode>
                </TextEquiv>
            </TextLine>
            <TextLine id="r3l29" custom="readingOrder {index:14;}">
                <Coords points="175,738 608,746 663,739 663,708 175,712"/>
                <Baseline points="180,731 205,731 230,732 255,732 280,732 305,732 330,732 356,732 381,733 406,733 431,733 456,733 481,733 507,733 532,733 557,733 582,733 607,733 632,733 658,732"/>
                <TextEquiv>
                    <Unicode>bedinis. D.d. &amp; quia non est ens, &amp;c.</Unicode>
                </TextEquiv>
            </TextLine>
            <TextLine id="r3l31" custom="readingOrder {index:15;}">
                <Coords points="166,778 629,786 669,776 669,740 166,749"/>
                <Baseline points="171,771 196,771 222,771 248,770 274,770 300,770 326,770 352,770 378,770 404,771 430,771 456,771 482,771 508,771 534,771 560,771 586,771 612,771 638,770 664,770"/>
                <TextEquiv>
                    <Unicode>in quia positum est quod non est ens, ni</Unicode>
                </TextEquiv>
            </TextLine>
            <TextLine id="r3l33" custom="readingOrder {index:16;}">
                <Coords points="169,818 665,819 665,789 534,777 424,797 404,777 360,789 169,781"/>
                <Baseline points="174,809 199,809 225,809 250,809 276,809 301,809 327,809 353,809 378,809 404,809 429,809 455,809 480,810 506,810 532,810 557,810 583,810 608,810 634,810 660,809"/>
                <TextEquiv>
                    <Unicode>si subiectum albi. ergo album non </Unicode>
                </TextEquiv>
            </TextLine>
            <TextLine id="r3l35" custom="readingOrder {index:17;}">
                <Coords points="167,858 365,853 394,866 518,852 585,865 673,849 673,828 609,812 538,829 431,816 408,829 341,816 167,827"/>
                <Baseline points="172,848 198,847 224,847 250,847 276,847 302,847 328,848 354,848 380,848 406,848 433,849 459,849 485,849 511,849 537,849 563,849 589,848 615,847 641,846 668,845"/>
                <TextEquiv>
                    <Unicode>est ens: non ita quod sit non ens, quid po¬</Unicode>
                </TextEquiv>
            </TextLine>
            <TextLine id="r3l37" custom="readingOrder {index:18;}">
                <Coords points="164,897 625,890 643,905 665,893 665,853 580,866 164,861"/>
                <Baseline points="169,886 194,886 220,886 246,886 272,886 298,886 324,886 349,886 375,886 401,887 427,887 453,887 479,887 504,887 530,887 556,887 582,887 608,887 634,886 660,885"/>
                <TextEquiv>
                    <Unicode>nit Parmenides esse ens, &amp; ens aliquid</Unicode>
                </TextEquiv>
            </TextLine>
            <TextLine id="r3l38" custom="readingOrder {index:19;}">
                <Coords points="168,931 671,938 671,901 653,895 635,913 601,896 578,916 548,893 315,892 259,906 168,894"/>
                <Baseline points="173,925 198,925 224,925 250,925 276,925 302,926 328,926 354,926 380,925 406,925 432,925 458,925 484,925 510,925 536,925 562,926 588,926 614,926 640,926 666,927"/>
                <TextEquiv>
                    <Unicode>sed ita quod sit non ens omnino. D.d.</Unicode>
                </TextEquiv>
            </TextLine>
            <TextLine id="r3l40" custom="readingOrder {index:20;}">
                <Coords points="171,971 202,985 238,969 394,966 669,977 670,942 172,941"/>
                <Baseline points="176,963 201,963 227,963 253,963 278,964 304,964 330,964 355,964 381,964 407,964 432,964 458,964 484,964 509,964 535,964 561,964 586,965 612,965 638,965 664,965"/>
                <TextEquiv>
                    <Unicode>ergo necesse est vt illud, quod est ens,</Unicode>
                </TextEquiv>
            </TextLine>
            <TextLine id="r3l42" custom="readingOrder {index:21;}">
                <Coords points="169,1011 311,1018 355,1005 456,1023 500,1006 523,1023 543,1010 671,1010 660,973 209,985 169,973"/>
                <Baseline points="174,1003 199,1003 225,1003 251,1003 277,1003 303,1003 329,1003 355,1003 381,1003 407,1003 432,1003 458,1003 484,1003 510,1003 536,1003 562,1003 588,1003 614,1003 640,1003 666,1003"/>
                <TextEquiv>
                    <Unicode>sit non ens. i. contingit igitur vt. sit</Unicode>
                </TextEquiv>
            </TextLine>
            <TextLine id="r3l44" custom="readingOrder {index:22;}">
                <Coords points="174,1048 668,1051 668,1021 649,1011 528,1025 480,1009 456,1023 377,1011 264,1022 245,1010 174,1021"/>
                <Baseline points="179,1040 204,1041 229,1041 255,1041 280,1042 306,1042 331,1042 357,1042 382,1042 408,1041 433,1041 459,1041 484,1041 510,1041 535,1041 561,1041 586,1041 612,1041 637,1041 663,1042"/>
                <TextEquiv>
                    <Unicode>ens illud, quod non est ens. Deinde</Unicode>
                </TextEquiv>
            </TextLine>
            <TextLine id="r3l46" custom="readingOrder {index:23;}">
                <Coords points="167,1084 669,1090 669,1054 654,1050 626,1068 526,1049 167,1055"/>
                <Baseline points="172,1080 197,1080 223,1080 249,1080 275,1080 301,1080 327,1080 353,1079 379,1079 405,1079 430,1079 456,1079 482,1079 508,1079 534,1080 560,1080 586,1080 612,1080 638,1080 664,1080"/>
                <TextEquiv>
                    <Unicode>declarauit hanc consecutionem, &amp; </Unicode>
                </TextEquiv>
            </TextLine>
            <TextLine id="r3l47" custom="readingOrder {index:24;}">
                <Coords points="172,1129 667,1130 667,1093 604,1086 515,1098 425,1086 378,1103 172,1087"/>
                <Baseline points="177,1119 202,1119 228,1119 253,1119 279,1119 304,1119 330,1119 355,1119 381,1119 406,1119 432,1119 457,1119 483,1119 508,1119 534,1119 559,1119 585,1119 610,1119 636,1119 662,1118"/>
                <TextEquiv>
                    <Unicode>dixit: dicere enim ipsum esse album</Unicode>
                </TextEquiv>
            </TextLine>
            <TextLine id="r3l49" custom="readingOrder {index:25;}">
                <Coords points="169,1168 665,1170 665,1133 169,1133"/>
                <Baseline points="174,1158 199,1158 225,1158 250,1158 276,1158 301,1158 327,1158 353,1158 378,1158 404,1158 429,1158 455,1158 480,1158 506,1158 532,1158 557,1158 583,1158 608,1158 634,1158 660,1158"/>
                <TextEquiv>
                    <Unicode>est verum, &amp;c. i. dicere enim quod ens</Unicode>
                </TextEquiv>
            </TextLine>
            <TextLine id="r3l51" custom="readingOrder {index:26;}">
                <Coords points="166,1202 349,1203 361,1215 389,1202 672,1202 672,1172 166,1173"/>
                <Baseline points="171,1196 197,1196 223,1196 249,1196 275,1196 301,1195 327,1195 353,1195 379,1195 405,1195 432,1195 458,1195 484,1195 510,1195 536,1195 562,1195 588,1196 614,1196 640,1196 667,1196"/>
                <TextEquiv>
                    <Unicode>est album, est ponere album esse ens: </Unicode>
                </TextEquiv>
            </TextLine>
            <TextLine id="r3l53" custom="readingOrder {index:27;}">
                <Coords points="173,1255 211,1241 356,1253 370,1241 671,1241 671,1205 173,1214"/>
                <Baseline points="178,1235 203,1235 229,1235 255,1235 280,1235 306,1235 332,1234 357,1234 383,1234 409,1234 434,1234 460,1234 486,1234 511,1234 537,1234 563,1234 588,1234 614,1234 640,1235 666,1235"/>
                <TextEquiv>
                    <Unicode>quia ista propositio est vera: &amp; iam</Unicode>
                </TextEquiv>
            </TextLine>
            <TextLine id="r3l55" custom="readingOrder {index:28;}">
                <Coords points="174,1281 660,1282 667,1243 597,1256 425,1242 174,1256"/>
                <Baseline points="179,1275 204,1275 229,1274 255,1274 280,1274 306,1274 331,1274 356,1274 382,1274 407,1274 433,1274 458,1274 484,1274 509,1274 534,1274 560,1274 585,1274 611,1274 636,1273 662,1273"/>
                <TextEquiv>
                    <Unicode>declaratum est quod hoc nomen album</Unicode>
                </TextEquiv>
            </TextLine>
            <TextLine id="r3l56" custom="readingOrder {index:29;}">
                <Coords points="171,1323 642,1321 659,1318 659,1285 591,1292 574,1280 492,1297 461,1283 171,1286"/>
                <Baseline points="176,1311 201,1312 226,1313 251,1313 276,1314 301,1314 326,1314 352,1314 377,1314 402,1313 427,1313 452,1313 477,1313 503,1312 528,1312 553,1312 578,1312 603,1312 628,1312 654,1312"/>
                <TextEquiv>
                    <Unicode>significat non ens secundum positionem</Unicode>
                </TextEquiv>
            </TextLine>
            <TextLine id="r3l58" custom="readingOrder {index:30;}">
                <Coords points="166,1363 655,1362 661,1319 351,1334 215,1320 166,1336"/>
                <Baseline points="171,1354 196,1353 222,1353 247,1352 273,1352 298,1352 324,1352 349,1351 375,1351 400,1352 426,1352 451,1352 477,1352 502,1352 528,1352 553,1352 579,1352 604,1352 630,1351 656,1351"/>
                <TextEquiv>
                    <Unicode>Aduersarij: ex quo sequitur vt ens si¬</Unicode>
                </TextEquiv>
            </TextLine>
            <TextLine id="r3l60" custom="readingOrder {index:31;}">
                <Coords points="166,1410 666,1402 666,1366 561,1357 495,1373 441,1359 367,1372 354,1360 328,1372 235,1358 166,1371"/>
                <Baseline points="171,1391 196,1391 222,1391 248,1391 274,1392 299,1392 325,1391 351,1391 377,1391 403,1391 428,1391 454,1391 480,1391 506,1391 532,1391 557,1391 583,1391 609,1391 635,1391 661,1392"/>
                <TextEquiv>
                    <Unicode>gnificet illud, quod ipse posuit non </Unicode>
                </TextEquiv>
            </TextLine>
            <TextLine id="r3l62" custom="readingOrder {index:32;}">
                <Coords points="173,1439 663,1442 663,1405 396,1412 289,1398 173,1411"/>
                <Baseline points="178,1432 203,1432 228,1431 253,1431 279,1430 304,1430 329,1430 354,1430 380,1429 405,1429 430,1429 455,1429 481,1429 506,1429 531,1430 556,1430 582,1430 607,1430 632,1430 658,1431"/>
                <TextEquiv>
                    <Unicode>ens. D.dixit: ergo ens, &amp;c. i. ergo ens</Unicode>
                </TextEquiv>
            </TextLine>
            <TextLine id="r3l64" custom="readingOrder {index:33;}">
                <Coords points="162,1479 361,1473 406,1489 450,1474 485,1490 504,1475 668,1474 668,1444 573,1433 387,1452 370,1437 162,1442"/>
                <Baseline points="167,1469 193,1469 219,1469 245,1469 271,1469 297,1469 323,1469 349,1469 375,1469 401,1469 428,1469 454,1469 480,1469 506,1469 532,1469 558,1469 584,1469 610,1469 636,1469 663,1469"/>
                <TextEquiv>
                    <Unicode>significat illud, quod ipse posuit ens</Unicode>
                </TextEquiv>
            </TextLine>
            <TextLine id="r3l65" custom="readingOrder {index:34;}">
                <Coords points="174,1514 305,1514 335,1529 353,1513 447,1514 462,1528 498,1513 663,1520 663,1485 591,1477 476,1490 452,1477 174,1479"/>
                <Baseline points="179,1510 204,1510 229,1509 254,1509 279,1509 305,1509 330,1509 355,1509 380,1509 405,1509 431,1509 456,1509 481,1509 506,1510 531,1510 557,1510 582,1510 607,1510 632,1509 658,1509"/>
                <TextEquiv>
                    <Unicode>&amp; est illud, quod recipit albedinem,</Unicode>
                </TextEquiv>
            </TextLine>
            <TextLine id="r3l67" custom="readingOrder {index:35;}">
                <Coords points="174,1554 667,1562 667,1524 653,1517 574,1529 353,1517 337,1530 174,1517"/>
                <Baseline points="179,1548 204,1548 229,1548 255,1548 280,1548 306,1548 331,1548 356,1548 382,1548 407,1548 433,1548 458,1548 484,1548 509,1549 534,1549 560,1549 585,1549 611,1550 636,1550 662,1551"/>
                <TextEquiv>
                    <Unicode>&amp; illud, quod posuit non ens scilicet album,</Unicode>
                </TextEquiv>
            </TextLine>
            <TextLine id="r3l69" custom="readingOrder {index:36;}">
                <Coords points="170,1594 200,1610 222,1610 238,1594 305,1595 321,1610 350,1594 424,1594 439,1606 458,1594 530,1594 530,1569 462,1557 436,1567 384,1554 369,1564 308,1554 295,1567 170,1565"/>
                <Baseline points="175,1586 200,1587 225,1587 250,1587 275,1587 300,1587 325,1587 350,1587 375,1587 400,1587 425,1587 450,1587 475,1587 500,1587 525,1587"/>
                <TextEquiv>
                    <Unicode>ergo ens significat plura.</Unicode>
                </TextEquiv>
            </TextLine>
            <TextLine id="r3l71" custom="readingOrder {index:37;}">
                <Coords points="198,1667 485,1675 668,1662 668,1628 591,1621 468,1633 198,1621"/>
                <Baseline points="203,1655 228,1655 254,1655 279,1656 305,1656 330,1656 356,1657 381,1657 407,1657 433,1657 458,1657 484,1658 509,1658 535,1658 560,1658 586,1658 611,1658 637,1658 663,1658"/>
                <TextEquiv>
                    <Unicode>Neque igitur magnitudinem</Unicode>
                </TextEquiv>
            </TextLine>
            <TextLine id="r3l73" custom="readingOrder {index:38;}">
                <Coords points="167,1710 621,1705 634,1718 667,1706 667,1664 617,1677 431,1664 407,1678 167,1665"/>
                <Baseline points="172,1701 197,1700 223,1700 249,1699 275,1699 300,1699 326,1699 352,1699 378,1700 404,1700 429,1701 455,1701 481,1701 507,1702 533,1702 558,1701 584,1701 610,1700 636,1699 662,1698"/>
                <TextEquiv>
                    <Unicode>habebit quod est, si quidem quod</Unicode>
                </TextEquiv>
            </TextLine>
            <TextLine id="r3l75" custom="readingOrder {index:39;}">
                <Coords points="168,1754 664,1754 664,1721 628,1725 608,1709 486,1721 459,1709 371,1729 349,1709 303,1725 239,1706 168,1717"/>
                <Baseline points="173,1743 198,1743 224,1742 249,1742 275,1742 300,1742 326,1742 352,1743 377,1743 403,1743 428,1744 454,1744 479,1744 505,1745 531,1745 556,1745 582,1744 607,1744 633,1744 659,1743"/>
                <TextEquiv>
                    <Unicode>verem est, est, quod est. vtrique enim</Unicode>
                </TextEquiv>
            </TextLine>
            <TextLine id="r3l77" custom="readingOrder {index:40;}">
                <Coords points="170,1802 525,1791 578,1810 595,1794 667,1794 667,1764 589,1749 569,1764 532,1749 516,1760 433,1749 407,1765 339,1752 311,1766 246,1753 170,1762"/>
                <Baseline points="175,1785 200,1785 226,1785 251,1785 277,1785 303,1785 328,1785 354,1785 380,1786 405,1786 431,1786 456,1786 482,1786 508,1786 533,1786 559,1786 585,1786 610,1786 636,1785 662,1785"/>
                <TextEquiv>
                    <Unicode>partium aliud est esse. Quod au</Unicode>
                </TextEquiv>
            </TextLine>
            <TextLine id="r3l79" custom="readingOrder {index:41;}">
                <Coords points="166,1835 667,1834 667,1805 615,1793 593,1806 302,1793 290,1805 267,1793 166,1805"/>
                <Baseline points="171,1829 196,1829 222,1828 248,1828 274,1828 300,1828 326,1828 351,1828 377,1828 403,1828 429,1828 455,1828 481,1828 506,1828 532,1828 558,1828 584,1828 610,1828 636,1827 662,1826"/>
                <TextEquiv>
                    <Unicode>tem diuiditur quod verem est in </Unicode>
                </TextEquiv>
            </TextLine>
            <TextLine id="r3l82" custom="readingOrder {index:42;}">
                <Coords points="171,1890 288,1874 440,1890 663,1882 670,1837 171,1845"/>
                <Baseline points="176,1874 201,1873 227,1872 253,1872 278,1871 304,1871 330,1871 356,1871 381,1871 407,1871 433,1872 459,1872 484,1872 510,1872 536,1872 562,1872 587,1872 613,1872 639,1872 665,1871"/>
                <TextEquiv>
                    <Unicode>quod verem est aliquid aliud etiam</Unicode>
                </TextEquiv>
            </TextLine>
            <TextEquiv>
                <Unicode>quod nulli accidit omnino, sed omnia,
quae accidunt, ei accidunt, tunc ens
apud ipsum significat illud, quid est ens
in reisveritate, &amp; ens significat non
ens. Deinde incoepit declarare, quomod
sequitur hoc, &amp; dixit: quoniam, si illud, quid
est ens, &amp;c. i. quoniam illud, quod est ens,
dicitur esse album: quia intentio al¬
bi est alia ab intentione entis: nam
impossibile est, vt ens accidat sibi.
Et in alia translatione d. nam impos¬
sibile est vt accidat ei vt sit ens, quoniam
dicere aliquid esse non est praedica
tio per accidens, sicut praedicatio al¬
bedinis. D.d. &amp; quia non est ens, &amp;c.
in quia positum est quod non est ens, ni
si subiectum albi. ergo album non 
est ens: non ita quod sit non ens, quid po¬
nit Parmenides esse ens, &amp; ens aliquid
sed ita quod sit non ens omnino. D.d.
ergo necesse est vt illud, quod est ens,
sit non ens. i. contingit igitur vt. sit
ens illud, quod non est ens. Deinde
declarauit hanc consecutionem, &amp; 
dixit: dicere enim ipsum esse album
est verum, &amp;c. i. dicere enim quod ens
est album, est ponere album esse ens: 
quia ista propositio est vera: &amp; iam
declaratum est quod hoc nomen album
significat non ens secundum positionem
Aduersarij: ex quo sequitur vt ens si¬
gnificet illud, quod ipse posuit non 
ens. D.dixit: ergo ens, &amp;c. i. ergo ens
significat illud, quod ipse posuit ens
&amp; est illud, quod recipit albedinem,
&amp; illud, quod posuit non ens scilicet album,
ergo ens significat plura.
Neque igitur magnitudinem
habebit quod est, si quidem quod
verem est, est, quod est. vtrique enim
partium aliud est esse. Quod au
tem diuiditur quod verem est in 
quod verem est aliquid aliud etiam</Unicode>
            </TextEquiv>
        </TextRegion>
        <TextRegion orientation="0.0" id="TextRegion_1610580080201_252" custom="readingOrder {index:1;}">
            <Coords points="686,117 1201,117 1201,1916 686,1916"/>
            <TextLine id="r3l3" custom="readingOrder {index:0;}">
                <Coords points="694,202 1040,193 1191,210 1192,164 1118,165 1102,149 1037,168 1013,149 980,168 907,153 695,164"/>
                <Baseline points="699,191 724,191 750,190 775,190 801,190 827,189 852,189 878,189 904,189 929,189 955,189 980,190 1006,190 1032,190 1057,190 1083,190 1109,191 1134,191 1160,192 1186,192"/>
                <TextEquiv>
                    <Unicode>ratone manifestum est. vt homo,</Unicode>
                </TextEquiv>
            </TextLine>
            <TextLine id="r3l5" custom="readingOrder {index:1;}">
                <Coords points="699,242 880,233 1071,250 1201,234 1201,213 1137,217 1096,199 1081,213 981,197 851,209 761,197 737,212 699,199"/>
                <Baseline points="704,232 729,231 755,231 781,231 807,231 833,231 859,231 885,231 911,231 937,231 962,231 988,231 1014,231 1040,231 1066,231 1092,232 1118,232 1144,232 1170,233 1196,233"/>
                <TextEquiv>
                    <Unicode>si est quod verem est aliquid, ne¬</Unicode>
                </TextEquiv>
            </TextLine>
            <TextLine id="r3l7" custom="readingOrder {index:2;}">
                <Coords points="696,282 1175,290 1206,278 1206,243 871,254 812,238 784,253 758,241 696,253"/>
                <Baseline points="701,273 726,273 751,273 776,274 801,274 826,274 851,274 876,274 901,274 926,274 951,274 976,274 1001,273 1026,273 1051,273 1076,273 1101,273 1126,273 1151,273 1176,273 1201,273"/>
                <TextEquiv>
                    <Unicode>cesse est &amp; animal, quod verem aliquid</Unicode>
                </TextEquiv>
            </TextLine>
            <TextLine id="r3l9" custom="readingOrder {index:3;}">
                <Coords points="700,322 1109,322 1134,334 1205,322 1206,284 1026,298 973,281 904,295 789,280 701,293"/>
                <Baseline points="705,315 731,315 757,315 783,316 809,316 835,316 861,317 887,317 913,317 939,317 965,317 991,317 1017,317 1043,317 1069,317 1095,317 1121,316 1147,316 1173,316 1200,315"/>
                <TextEquiv>
                    <Unicode>est esse, &amp; bipes. si enim non quod</Unicode>
                </TextEquiv>
            </TextLine>
            <TextLine id="r3l11" custom="readingOrder {index:4;}">
                <Coords points="704,365 807,365 820,378 1198,370 1198,333 704,332"/>
                <Baseline points="709,358 734,358 759,358 785,358 810,358 836,358 861,358 887,359 912,359 938,359 963,359 989,359 1014,359 1040,359 1065,359 1091,359 1116,359 1142,359 1167,358 1193,358"/>
                <TextEquiv>
                    <Unicode>verem est, est, accidentia erunt, aut</Unicode>
                </TextEquiv>
            </TextLine>
            <TextLine id="r3l13" custom="readingOrder {index:5;}">
                <Coords points="694,411 1198,410 1198,372 1178,366 694,372"/>
                <Baseline points="699,399 725,399 751,399 777,400 803,400 829,400 855,400 881,400 907,400 933,400 959,400 985,400 1011,400 1037,400 1063,400 1089,400 1115,400 1141,400 1167,400 1193,399"/>
                <TextEquiv>
                    <Unicode>ligitur homini, aut alicui alii sub</Unicode>
                </TextEquiv>
            </TextLine>
            <TextLine id="r3l15" custom="readingOrder {index:6;}">
                <Coords points="701,450 1184,450 1190,410 1069,429 1052,412 991,421 977,407 930,422 701,411"/>
                <Baseline points="706,443 731,442 756,442 781,442 806,442 832,442 857,442 882,441 907,441 932,441 958,442 983,442 1008,442 1033,442 1058,442 1084,442 1109,442 1134,442 1159,441 1185,441"/>
                <TextEquiv>
                    <Unicode>iecto. sed impossibile est. accidens</Unicode>
                </TextEquiv>
            </TextLine>
            <TextLine id="r3l17" custom="readingOrder {index:7;}">
                <Coords points="703,490 1194,489 1183,460 1114,450 1094,461 909,450 703,460"/>
                <Baseline points="708,483 733,484 758,484 783,484 809,484 834,484 859,484 885,484 910,484 935,484 961,484 986,484 1011,484 1037,484 1062,484 1087,484 1113,484 1138,484 1163,484 1189,484"/>
                <TextEquiv>
                    <Unicode>etenim dicitur hoc, aut quod con¬</Unicode>
                </TextEquiv>
            </TextLine>
            <TextLine id="r3l19" custom="readingOrder {index:8;}">
                <Coords points="700,539 1199,539 1199,501 1159,493 700,501"/>
                <Baseline points="705,525 730,525 756,526 782,526 807,526 833,526 859,526 885,526 910,526 936,526 962,526 988,526 1013,526 1039,526 1065,525 1091,525 1116,525 1142,525 1168,525 1194,524"/>
                <TextEquiv>
                    <Unicode>tingit esse, &amp; non esse, aut cuius</Unicode>
                </TextEquiv>
            </TextLine>
            <TextLine id="r3l21" custom="readingOrder {index:9;}">
                <Coords points="701,573 1199,579 1199,540 1131,533 701,541"/>
                <Baseline points="706,568 731,568 757,567 783,567 808,567 834,567 860,567 885,567 911,568 937,568 962,568 988,568 1014,568 1039,568 1065,568 1091,567 1116,567 1142,567 1168,566 1194,566"/>
                <TextEquiv>
                    <Unicode>est in ratione hoc, cui accidit. vt</Unicode>
                </TextEquiv>
            </TextLine>
            <TextLine id="r3l23" custom="readingOrder {index:10;}">
                <Coords points="701,619 1189,619 1197,579 701,581"/>
                <Baseline points="706,609 731,610 757,610 782,610 808,610 833,611 859,611 885,611 910,611 936,611 961,610 987,610 1012,610 1038,610 1064,610 1089,610 1115,610 1140,610 1166,610 1192,611"/>
                <TextEquiv>
                    <Unicode>sedere quidem, velut separabile. I</Unicode>
                </TextEquiv>
            </TextLine>
            <TextLine id="r3l25" custom="readingOrder {index:11;}">
                <Coords points="695,658 1182,666 1203,629 1166,617 1091,632 1062,620 694,621"/>
                <Baseline points="700,652 726,652 752,652 778,652 804,652 831,652 857,652 883,652 909,652 935,652 962,653 988,653 1014,653 1040,652 1066,652 1093,652 1119,651 1145,651 1171,650 1198,650"/>
                <TextEquiv>
                    <Unicode>simo autem est ratio naris, cui di¬</Unicode>
                </TextEquiv>
            </TextLine>
            <TextLine id="r3l28" custom="readingOrder {index:12;}">
                <Coords points="700,706 1075,706 1075,682 1056,669 981,670 961,660 902,670 881,661 700,667"/>
                <Baseline points="705,696 731,696 757,696 783,695 809,695 835,695 861,695 887,695 913,695 939,694 965,694 991,694 1017,695 1043,695 1070,695"/>
                <TextEquiv>
                    <Unicode>cimus accidere simum.</Unicode>
                </TextEquiv>
            </TextLine>
            <TextLine id="r3l30" custom="readingOrder {index:13;}">
                <Coords points="742,746 992,746 1011,762 1045,744 1119,762 1135,746 1197,745 1197,718 1176,714 742,710"/>
                <Baseline points="747,739 773,739 799,739 825,739 851,739 877,739 904,739 930,739 956,739 982,739 1008,739 1034,739 1061,739 1087,739 1113,739 1139,739 1165,738 1192,738"/>
                <TextEquiv>
                    <Unicode>Et etiam ens non est magnitu¬</Unicode>
                </TextEquiv>
            </TextLine>
            <TextLine id="r3l32" custom="readingOrder {index:14;}">
                <Coords points="692,794 737,810 808,792 939,792 957,809 1007,793 1187,794 1187,765 1137,774 1076,749 993,766 948,749 926,765 910,749 830,765 758,748 735,764 713,749 692,765"/>
                <Baseline points="697,785 722,786 748,786 773,787 799,787 824,787 850,788 875,788 901,788 926,788 952,788 977,788 1003,788 1028,788 1054,787 1079,787 1105,787 1130,787 1156,787 1182,787"/>
                <TextEquiv>
                    <Unicode>do, si ens est illud quod est ens. in¬ </Unicode>
                </TextEquiv>
            </TextLine>
            <TextLine id="r3l34" custom="readingOrder {index:15;}">
                <Coords points="703,842 880,842 918,861 966,841 1195,842 1196,797 1159,820 1123,797 1020,816 943,813 924,797 886,816 703,805"/>
                <Baseline points="708,836 733,835 758,835 784,835 809,835 834,835 860,836 885,836 910,836 936,836 961,837 987,837 1012,837 1037,837 1063,837 1088,837 1113,837 1139,837 1164,836 1190,836"/>
                <TextEquiv>
                    <Unicode>tentio enim vtriusque partis est alia ab</Unicode>
                </TextEquiv>
            </TextLine>
            <TextLine id="r3l36" custom="readingOrder {index:16;}">
                <Coords points="703,892 878,889 927,907 943,891 1080,891 1111,906 1126,891 1205,890 1205,846 1151,861 1069,845 1010,862 981,844 923,862 725,849 703,861"/>
                <Baseline points="708,886 733,886 759,885 785,885 811,885 837,885 863,885 889,885 915,885 941,885 966,885 992,885 1018,885 1044,885 1070,885 1096,885 1122,884 1148,884 1174,883 1200,883"/>
                <TextEquiv>
                    <Unicode>altera. Et manifestum est quod il</Unicode>
                </TextEquiv>
            </TextLine>
            <TextLine id="r3l39" custom="readingOrder {index:17;}">
                <Coords points="697,946 764,959 808,937 1195,938 1194,909 1055,909 1039,893 1006,911 971,893 939,911 877,893 848,909 762,910 748,896 722,909 696,893"/>
                <Baseline points="702,934 727,933 753,933 779,933 804,933 830,933 856,934 881,934 907,934 933,934 958,934 984,934 1010,933 1035,933 1061,933 1087,933 1112,932 1138,932 1164,931 1190,930"/>
                <TextEquiv>
                    <Unicode>lud, quod est ens, diuiditur ratione</Unicode>
                </TextEquiv>
            </TextLine>
            <TextLine id="r3l41" custom="readingOrder {index:18;}">
                <Coords points="696,994 740,983 840,1002 871,986 909,1002 993,988 1092,1002 1197,986 1197,942 1160,957 1107,944 1032,956 1015,974 997,957 814,944 787,961 696,958"/>
                <Baseline points="701,984 726,983 752,983 778,983 804,982 830,982 856,982 881,982 907,981 933,981 959,981 985,981 1011,981 1036,981 1062,981 1088,981 1114,981 1140,981 1166,981 1192,980"/>
                <TextEquiv>
                    <Unicode>&amp; in aliquas partes, quae sunt etiam</Unicode>
                </TextEquiv>
            </TextLine>
            <TextLine id="r3l43" custom="readingOrder {index:19;}">
                <Coords points="697,1035 795,1051 947,1034 1001,1055 1200,1040 1200,1001 1181,989 1124,1009 697,999"/>
                <Baseline points="702,1031 727,1031 753,1030 779,1030 805,1030 831,1030 857,1030 883,1030 909,1030 935,1030 961,1030 987,1030 1013,1030 1039,1030 1065,1030 1091,1030 1117,1030 1143,1030 1169,1029 1195,1029"/>
                <TextEquiv>
                    <Unicode>illud, quod est ens. v. g. homo, si sit</Unicode>
                </TextEquiv>
            </TextLine>
            <TextLine id="r3l45" custom="readingOrder {index:20;}">
                <Coords points="701,1083 785,1099 858,1082 957,1079 1039,1098 1097,1081 1201,1084 1201,1052 1145,1042 991,1053 968,1069 901,1037 748,1054 701,1035"/>
                <Baseline points="706,1078 731,1078 757,1078 783,1078 809,1078 834,1078 860,1078 886,1078 912,1078 938,1078 963,1078 989,1078 1015,1077 1041,1077 1067,1077 1092,1077 1118,1077 1144,1077 1170,1077 1196,1077"/>
                <TextEquiv>
                    <Unicode>illud, quod est ens, necesse est vt</Unicode>
                </TextEquiv>
            </TextLine>
            <TextLine id="r3l48" custom="readingOrder {index:21;}">
                <Coords points="696,1138 762,1129 872,1146 898,1131 1004,1145 1183,1126 1183,1103 1117,1088 993,1107 932,1084 899,1101 771,1100 757,1087 696,1103"/>
                <Baseline points="701,1125 726,1126 751,1126 776,1126 801,1126 826,1126 851,1126 876,1126 901,1126 926,1126 952,1126 977,1126 1002,1126 1027,1126 1052,1126 1077,1126 1102,1126 1127,1126 1152,1126 1178,1126"/>
                <TextEquiv>
                    <Unicode>dial etiam sit illud, quod est ens</Unicode>
                </TextEquiv>
            </TextLine>
            <TextLine id="r3l50" custom="readingOrder {index:22;}">
                <Coords points="693,1186 1190,1187 1191,1140 780,1152 759,1137 694,1150"/>
                <Baseline points="699,1174 724,1174 750,1174 775,1174 801,1173 827,1173 852,1173 878,1173 904,1173 929,1173 955,1173 980,1173 1006,1173 1032,1174 1057,1174 1083,1174 1109,1174 1134,1174 1160,1174 1186,1175"/>
                <TextEquiv>
                    <Unicode>&amp; bipes. nam si non fuerint illud,</Unicode>
                </TextEquiv>
            </TextLine>
            <TextLine id="r3l52" custom="readingOrder {index:23;}">
                <Coords points="696,1241 819,1223 931,1247 1019,1222 1201,1234 1201,1201 1111,1184 1032,1204 977,1186 881,1204 818,1186 696,1198"/>
                <Baseline points="701,1222 727,1222 753,1221 779,1221 805,1221 831,1221 857,1221 883,1221 909,1221 935,1222 961,1222 987,1222 1013,1222 1039,1223 1065,1223 1091,1223 1117,1223 1143,1223 1169,1223 1196,1223"/>
                <TextEquiv>
                    <Unicode>quod est ens, ergo sunt accidentia.</Unicode>
                </TextEquiv>
            </TextLine>
            <TextLine id="r3l54" custom="readingOrder {index:24;}">
                <Coords points="694,1279 754,1275 791,1294 818,1274 1191,1283 1202,1246 1159,1236 1084,1254 1018,1235 940,1255 834,1233 694,1250"/>
                <Baseline points="699,1269 725,1269 751,1269 777,1269 803,1269 830,1269 856,1269 882,1269 908,1269 934,1270 961,1270 987,1270 1013,1270 1039,1270 1065,1271 1092,1271 1118,1271 1144,1271 1170,1271 1197,1271"/>
                <TextEquiv>
                    <Unicode>aut ergo homini accidunt, aut alte</Unicode>
                </TextEquiv>
            </TextLine>
            <TextLine id="r3l57" custom="readingOrder {index:25;}">
                <Coords points="698,1330 1199,1328 1198,1293 1117,1282 1087,1299 976,1281 887,1309 833,1281 790,1294 747,1277 697,1293"/>
                <Baseline points="703,1317 728,1318 754,1318 780,1319 806,1319 832,1319 858,1319 883,1319 909,1319 935,1319 961,1319 987,1319 1013,1318 1038,1318 1064,1318 1090,1317 1116,1317 1142,1317 1168,1317 1194,1317"/>
                <TextEquiv>
                    <Unicode>ri subtecto. Accides enim dicitur,</Unicode>
                </TextEquiv>
            </TextLine>
            <TextLine id="r3l59" custom="readingOrder {index:26;}">
                <Coords points="698,1373 921,1378 938,1394 957,1378 1027,1379 1044,1393 1095,1371 1176,1379 1200,1369 1200,1340 911,1333 855,1348 820,1329 698,1342"/>
                <Baseline points="703,1367 728,1367 754,1367 780,1367 806,1367 832,1367 858,1367 884,1367 910,1368 936,1368 961,1368 987,1368 1013,1368 1039,1368 1065,1368 1091,1368 1117,1368 1143,1368 1169,1368 1195,1368"/>
                <TextEquiv>
                    <Unicode>aut de illo, quod potest esse alicu¬</Unicode>
                </TextEquiv>
            </TextLine>
            <TextLine id="r3l61" custom="readingOrder {index:27;}">
                <Coords points="694,1425 1095,1434 1193,1421 1193,1396 1129,1388 1095,1404 1069,1381 940,1397 916,1380 752,1398 710,1376 694,1384"/>
                <Baseline points="699,1414 724,1415 750,1415 776,1416 801,1416 827,1416 853,1416 879,1416 904,1416 930,1416 956,1416 982,1416 1007,1416 1033,1416 1059,1416 1085,1416 1110,1416 1136,1415 1162,1415 1188,1415"/>
                <TextEquiv>
                    <Unicode>ius, aut non esse, aut de illo, in cu¬</Unicode>
                </TextEquiv>
            </TextLine>
            <TextLine id="r3l63" custom="readingOrder {index:28;}">
                <Coords points="699,1475 904,1475 925,1490 994,1471 1205,1475 1205,1437 699,1441"/>
                <Baseline points="704,1463 730,1463 756,1463 782,1463 808,1463 834,1463 860,1464 886,1464 912,1464 938,1464 965,1464 991,1464 1017,1463 1043,1463 1069,1463 1095,1463 1121,1463 1147,1463 1173,1463 1200,1463"/>
                <TextEquiv>
                    <Unicode>ius ratione accipitur illud, cui acci¬</Unicode>
                </TextEquiv>
            </TextLine>
            <TextLine id="r3l66" custom="readingOrder {index:29;}">
                <Coords points="700,1523 757,1520 796,1539 873,1521 1015,1534 1036,1517 1072,1530 1194,1522 1194,1482 1135,1493 1038,1476 900,1496 876,1477 785,1493 729,1474 700,1484"/>
                <Baseline points="705,1512 730,1512 755,1512 781,1512 806,1513 832,1513 857,1513 883,1513 908,1513 934,1513 959,1513 985,1513 1010,1513 1036,1513 1061,1513 1087,1513 1112,1513 1138,1513 1163,1513 1189,1514"/>
                <TextEquiv>
                    <Unicode>dit. v. g. sessio, aut quasi separatum.</Unicode>
                </TextEquiv>
            </TextLine>
            <TextLine id="r3l68" custom="readingOrder {index:30;}">
                <Coords points="701,1578 887,1561 1016,1578 1094,1566 1121,1582 1201,1565 1201,1533 1064,1540 1033,1525 974,1548 942,1533 782,1542 701,1525"/>
                <Baseline points="706,1560 731,1560 757,1560 783,1560 809,1561 834,1561 860,1560 886,1560 912,1560 938,1560 963,1560 989,1560 1015,1560 1041,1560 1067,1559 1092,1559 1118,1559 1144,1559 1170,1558 1196,1558"/>
                <TextEquiv>
                    <Unicode>simitas vero ratio nasi accipitur,</Unicode>
                </TextEquiv>
            </TextLine>
            <TextLine id="r3l70" custom="readingOrder {index:31;}">
                <Coords points="700,1618 824,1618 842,1634 865,1618 999,1618 1048,1635 1088,1617 1127,1634 1199,1610 1199,1590 1100,1570 1029,1590 912,1572 892,1592 809,1573 783,1598 700,1580"/>
                <Baseline points="705,1609 730,1610 756,1610 782,1610 807,1610 833,1610 859,1609 885,1609 910,1609 936,1609 962,1609 988,1608 1013,1608 1039,1608 1065,1608 1091,1608 1116,1608 1142,1608 1168,1608 1194,1608"/>
                <TextEquiv>
                    <Unicode>in eo, de quo dicimus quod simi¬</Unicode>
                </TextEquiv>
            </TextLine>
            <TextLine id="r3l72" custom="readingOrder {index:32;}">
                <Coords points="698,1667 897,1667 897,1639 883,1633 864,1637 855,1629 842,1634 828,1621 801,1638 747,1640 697,1631"/>
                <Baseline points="703,1657 730,1659 757,1660 784,1659 811,1658 838,1657 865,1657 892,1658"/>
                <TextEquiv>
                    <Unicode>tas aeccidit ei.</Unicode>
                </TextEquiv>
            </TextLine>
            <TextLine id="r3l74" custom="readingOrder {index:33;}">
                <Coords points="738,1722 860,1714 917,1731 993,1708 1042,1723 1188,1722 1189,1683 739,1677"/>
                <Baseline points="744,1710 769,1710 795,1709 821,1709 847,1709 873,1709 899,1709 925,1710 951,1710 976,1710 1002,1710 1028,1710 1054,1710 1080,1711 1106,1711 1132,1711 1158,1711 1184,1710"/>
                <TextEquiv>
                    <Unicode>Cum redarguerit Parmenidem</Unicode>
                </TextEquiv>
            </TextLine>
            <TextLine id="r3l76" custom="readingOrder {index:34;}">
                <Coords points="704,1752 759,1767 778,1754 1190,1754 1190,1724 1126,1718 704,1725"/>
                <Baseline points="709,1748 734,1749 759,1749 784,1749 809,1749 834,1749 859,1750 884,1750 909,1750 934,1750 959,1750 984,1750 1009,1750 1034,1750 1059,1750 1084,1750 1109,1750 1134,1750 1159,1750 1185,1750"/>
                <TextEquiv>
                    <Unicode>propriem, incoepit contradicere eis am</Unicode>
                </TextEquiv>
            </TextLine>
            <TextLine id="r3l78" custom="readingOrder {index:35;}">
                <Coords points="698,1794 1192,1794 1192,1756 698,1762"/>
                <Baseline points="703,1787 728,1787 753,1788 779,1788 804,1788 830,1789 855,1789 881,1789 906,1790 932,1790 957,1790 983,1790 1008,1790 1034,1790 1059,1790 1085,1790 1110,1789 1136,1789 1161,1789 1187,1788"/>
                <TextEquiv>
                    <Unicode>bobus communiter, &amp; dixit: Et ens non est</Unicode>
                </TextEquiv>
            </TextLine>
            <TextLine id="r3l80" custom="readingOrder {index:36;}">
                <Coords points="696,1835 751,1849 773,1834 1188,1835 1195,1804 696,1805"/>
                <Baseline points="701,1829 726,1828 752,1828 778,1828 803,1828 829,1828 855,1828 881,1829 906,1829 932,1829 958,1829 984,1829 1009,1829 1035,1829 1061,1829 1087,1829 1112,1829 1138,1828 1164,1827 1190,1826"/>
                <TextEquiv>
                    <Unicode>magnitudo, &amp;c. i. &amp; etiam ens secundum hanc</Unicode>
                </TextEquiv>
            </TextLine>
            <TextLine id="r3l81" custom="readingOrder {index:37;}">
                <Coords points="699,1877 720,1890 837,1872 917,1886 982,1873 1181,1882 1197,1874 1197,1837 699,1845"/>
                <Baseline points="704,1868 729,1868 755,1869 781,1869 806,1869 832,1869 858,1869 883,1869 909,1869 935,1869 960,1868 986,1868 1012,1868 1037,1867 1063,1867 1089,1867 1114,1867 1140,1867 1166,1866 1192,1867"/>
                <TextEquiv>
                    <Unicode>opinionem impossibile est vt dicatur esse</Unicode>
                </TextEquiv>
            </TextLine>
            <TextEquiv>
                <Unicode>ratone manifestum est. vt homo,
si est quod verem est aliquid, ne¬
cesse est &amp; animal, quod verem aliquid
est esse, &amp; bipes. si enim non quod
verem est, est, accidentia erunt, aut
ligitur homini, aut alicui alii sub
iecto. sed impossibile est. accidens
etenim dicitur hoc, aut quod con¬
tingit esse, &amp; non esse, aut cuius
est in ratione hoc, cui accidit. vt
sedere quidem, velut separabile. I
simo autem est ratio naris, cui di¬
cimus accidere simum.
Et etiam ens non est magnitu¬
do, si ens est illud quod est ens. in¬ 
tentio enim vtriusque partis est alia ab
altera. Et manifestum est quod il
lud, quod est ens, diuiditur ratione
&amp; in aliquas partes, quae sunt etiam
illud, quod est ens. v. g. homo, si sit
illud, quod est ens, necesse est vt
dial etiam sit illud, quod est ens
&amp; bipes. nam si non fuerint illud,
quod est ens, ergo sunt accidentia.
aut ergo homini accidunt, aut alte
ri subtecto. Accides enim dicitur,
aut de illo, quod potest esse alicu¬
ius, aut non esse, aut de illo, in cu¬
ius ratione accipitur illud, cui acci¬
dit. v. g. sessio, aut quasi separatum.
simitas vero ratio nasi accipitur,
in eo, de quo dicimus quod simi¬
tas aeccidit ei.
Cum redarguerit Parmenidem
propriem, incoepit contradicere eis am
bobus communiter, &amp; dixit: Et ens non est
magnitudo, &amp;c. i. &amp; etiam ens secundum hanc
opinionem impossibile est vt dicatur esse</Unicode>
            </TextEquiv>
        </TextRegion>
    </Page>
</PcGts>
