1416 2066
177 172 679 234 ptionem, sequitur vt ipsa genera¬
189 215 681 258 tio recipiat corruptionem: & sic com¬
191 256 668 298 trarium recipit suum contrarium
191 293 679 342 quod est impossibile. D.d. Si gene¬
194 330 683 370 ratio tunc, &c. i. si igitur generatum
195 363 687 417 dum generatur, est generatum, non
199 405 687 453 corruptum, scilicet quia non potest
196 444 689 494 corrumpi apud generationem, quando
200 480 690 529 igitur corrumpitur, si generatio ha
200 526 682 562 bet venerationem:s & quoniam im
202 545 689 606 possibile est corrumpi apud genera
196 597 689 642 tionem, neque quando com, letur generatio,
198 631 681 681 quoniam corruptum est ipsum genera¬
198 676 685 718 tum, scilicet quod generatum est subiectum
196 708 681 755 corruptionis. si igitur generatio cor¬
196 744 681 786 rumpitur, tunc contrarium erit sub
199 779 685 818 iectum sui contrarij. & hoc inten¬
198 816 674 868 debat cum dixit: neque in postremo
201 858 685 898 &c. i. quia res corrupta indiget vt il
194 892 684 943 la sit generata, & vt sit in eadem ho
199 932 493 978 ra cum corruptione.
242 981 688 1026 Amplius oportet materiam
199 1024 686 1074 subesse & ei, quod fit, & ei, quid
201 1069 686 1106 mutatur, quae igitur erit evt al¬
200 1109 689 1146 terabile, aut corpus, aut ani¬
199 1145 682 1194 ma est, sic id, quod sit, motus,
201 1189 433 1236 aut generatio.
247 1235 699 1288 Et etiam generatum transmu
205 1273 689 1334 tatum indiget, vt habeat mate¬
201 1316 688 1378 riam subiectam, quae igitur est
203 1370 691 1426 ista mat eriaus quoniam quemad¬
203 1413 691 1474 modum alteratum est corpus, aut
210 1460 692 1522 anima, ita generatum est aliquid
207 1516 539 1569 motus, aut. generatio.
210 1564 689 1618 Ista est alia ratiocinatio. & est,
213 1605 689 1658 quoniam, si transmutatio est generatio,
202 1645 691 1690 & omne ceneratum habet materiam,
206 1684 697 1723 necesse est vt transmutatio habeat
209 1725 691 1754 materiam subiectam: & illa mate¬
202 1756 694 1806 ria est, quae disponitur per illam trans¬
211 1795 692 1834 mutationem, sicut corpus, aut ani¬
714 173 1227 218 ma disponitur per transmutationem,
717 215 1224 258 cum transmutatio fuerit in eis. Et
713 252 1215 305 dixit: quae igitur est ista materiaa
713 293 1227 330 i. materia transmutationis, quae est
722 330 1212 382 genus, in quo est transmutatio, non
714 367 1217 410 materia, in qua est transmutatio scilicet
715 404 1216 456 quae est de alio genere a genere tranf¬
719 452 1218 483 mutationis, si tranismutatio fuerit
717 480 1215 532 transinutata. D.d. quoniam quemadmo
717 519 1223 568 dum igitur alteratum, &c. i. quem¬
723 556 1225 607 admodum igitur transmutationis,
717 596 1221 634 in substantia subiectum est aut cor¬
718 628 1222 681 pus, aut anima, similiter subiectum
724 677 1218 721 generationis, si generatur scilicet genus,
725 716 1221 758 in quo est generatio, debet esse ali¬
719 744 1213 797 quid aliud, aut motus vniversaliter quicun¬
718 785 1212 833 que, aut generatio. Vvtitur igitur hoc
719 828 1219 858 nomine alteratio pro transmutatio
716 857 1214 898 ne in substantia. quoniam, si non
722 895 1212 946 vteretur hic pro transmutatione in
716 932 1220 970 substantia, sed pro transmutatione
714 971 1212 1012 in qualitate, tunc oeneratio non
725 998 1206 1054 erit de substantia. Et quasi inten¬
721 1044 1211 1094 dit declarare per hunc sermonem quod
726 1082 1218 1122 impossibilia contingentia ponenti
719 1119 1208 1166 bus quod motus habet motum, ita, quod
720 1164 1213 1202 motus sit subiectum motui, eadem
721 1204 1208 1245 contingunt ponentibus quod motus
725 1230 1212 1274 habet motum, ita, quod subiectum sit aliud:
719 1276 1211 1311 quoniam sequitur ex hac potone vt motus
724 1306 1211 1352 moueatur sicut sequitur ex prima. quoniam,
722 1342 1215 1385 sicut in trasmutatione de albedine
723 1381 1211 1431 in nigredinem sequitur vt nigredo
719 1421 1219 1458 sit trasmutata, similiter, si genus motus, in
730 1460 1217 1505 quo est, fuerit motus, sequitur vt mo¬
723 1492 1206 1541 tus moueatur, & si non ponatur quod motui
722 1540 1215 1582 est subiectum motui, vt posuimus in
730 1566 1217 1615 primo modo. Et hoc est ita: quoniam subie
723 1604 1215 1653 ctum motus intelligitur duobus mo¬
725 1637 1212 1691 dis, quorum Vnus est illud, in quo est
724 1686 1210 1730 motus scilicet corpus motum. & secundum hoc
722 1716 1213 1767 intelligitur primus modus in hoc,
727 1756 1213 1802 quod corpus moueatur scilicet in hoc, quod mo
731 1791 1213 1833 tus sit subiectum motui, sicut cor¬
