1416 2066
185 180 702 224 perius, quod illud, quod transmutatur pri¬
205 218 707 266 mo, cum transinutatur, est in illo
196 255 700 298 ad quod, non in illo ex quo. & hoc
196 294 697 338 intendebat, cum dixit: est enim in A,
199 333 701 371 &c. i. est enim in instanti alio ab instan
199 368 703 410 um, in quo est in B. quoniam declara
201 407 707 450 tum est quod illud, quod transmutat
201 446 707 486 non est in hoc. I. in eo, ex quo est
202 485 711 532 transmutatio. Dein. d. si igitur fuerit
196 520 702 562 in alio, &c. i. si igitur fuerit in eo, ex
198 556 705 606 quo, in alio instanti ab eo, quo est
194 595 702 644 in eo, ad quod, tunc inter illa erit
208 635 703 674 tempus: & in hoc tempore mouebi
202 667 705 714 tur necessario: & omne, quod dicit
201 710 703 755 iam motum esse, dicitur prius moue¬
203 742 707 786 ri: quemadmodum illud, quod trans
198 784 681 826 mutatur, dicitur prius fuisse transmutatum.
253 860 698 908 Quoniam igitur in tempore
201 908 701 959 mutatum est, tempus autem om¬
204 945 696 986 ne diuisibile, in dimidio aliud
202 989 698 1026 erit mutatum, & rursus in illius
202 1029 702 1084 dimidio aliud, & semper sic, qua¬
205 1077 619 1125 re mutabatur vtique prius.
248 1148 696 1211 Et etiam: quia trasmutatu est
205 1195 697 1258 in tempore, & omne tepus est diuisi¬
198 1245 695 1298 bile, in medietate eius erit trans¬
202 1293 701 1339 mutatio, & etiam in medietate
203 1340 695 1386 illius medietatis transmutatur a¬
204 1388 697 1445 liud, & sic semper. quare necesse
207 1432 677 1482 est quod prius transmutabitur.
243 1516 701 1564 Haec est alia declaratio, & est quod,
208 1559 703 1604 si omne transmutatum tramsmutetur in tpere,
212 1596 698 1649 & omne tpeos est diuisibile, tunc in medie
210 1636 706 1674 tate illius tperis dicetur transmutatum trans
206 1674 700 1734 mutari, &tunc dicetur ips iam esse transmu
214 1710 700 1754 tatum in medietate illi medieta: is. &
207 1749 711 1803 similiter, quando fuerit in medietate illius medic
733 181 1245 226 tatis, dicetur tramsmutari, & in medieta
731 221 1234 266 te medietatis illius medietatis ipm
737 255 1227 298 esse transmutatum, & sic in infini¬
731 299 1228 346 tum. ergo illudaquod transmutatur,
728 332 1074 378 iam est transmutatum,
776 413 1237 462 Amplius autem in magnitudine
735 453 1223 498 manifestius est, quod dictum est,
736 501 1230 545 propterea quod continua est ma¬
732 533 1236 586 gnitudo, in qua mutatur id, quod
735 574 1227 619 mutatur. Sit enim quippiam muta¬
733 615 1231 658 tum ex Cin p. ergo, si indiuisibile
731 655 1225 717 quidem est ipsum c per, id, quod
731 700 1231 739 impartibile est, impartibili, erit
736 741 1218 790 contiguum. quoniam autem hoc im
732 781 1225 834 possibile est, necesse est magni¬
735 819 1229 869 tudinem esse id, quod est inter, & i
733 860 1229 903 infinita esse diuisibile, quare in
728 898 1225 947 illa mutatur prius. necesse est er¬
726 941 1212 994 go omne, quod mutatum est
726 986 952 1034 mutari prius.
776 1061 1226 1122 Et etiam declaratum est hoc
726 1125 1228 1175 manifeste in magnitudine. magni
729 1161 1222 1210 tudo enim est continua, & est illud, in
730 1213 1216 1266 quo transmutatu trausmutatur,
731 1253 1215 1315 rrasmutetur igitur aliquid de C
731 1300 1229 1366 in D:vnde necesse est, si CDest in
730 1347 1218 1410 diuisibile, vt illud, quod est indiui
739 1396 1225 1455 sibile, sequatur idiuisibile: sed hoc
733 1444 1219 1506 est ipossibile: ergo inter illa est ma
731 1492 1221 1550 gnitudo, & est diuisibile in infini
735 1535 1225 1600 tu. ergo trasmutabatur, antequa
729 1596 1223 1634 trasmutaretur de Cad D.vnde ne
728 1629 1222 1691 cesse est vt omne, quod transmuta
731 1677 1187 1739 tum est, prius transmutabatur.
