1416 2066
154 181 657 226 In antecedentium librorum
167 229 654 275 diuisionibus, vsque ad hunc lo¬
166 268 657 315 cum, Auerroem, cui hoc dica¬
169 312 654 354 tum est opus, in Media eius ex¬
170 350 657 403 positione, tanquam ducem se¬
166 404 653 443 cuti sumus: in posterum vero,
167 437 660 482 cum ea nobis desit commenta¬
169 479 655 522 tio, vt rectius videbitur, parti¬
170 524 602 570 tiones accommodabimus.
235 612 595 658 SVMMA SECVNDA
322 652 503 690 De Vacuo¬
164 709 666 762 Quod ad Naturalem spectet consyderare
206 749 625 802 de Vacuo, et quo ordine, neguntium¬
251 791 589 843 que, atque asserentium va¬
286 829 551 882 cuum ratioes. Cap. 1.
290 893 664 946 en Odem autem modo existi¬
326 941 664 994 mandum est esse Phy¬
331 982 666 1035 sici consyderare & de
290 1020 664 1076 aesVacuo, si est, aut non,
168 1066 660 1124 & quomodo est, aut quid est, sicut &
164 1110 670 1162 de loco. nanque similem habet et
168 1150 660 1201 incredulitatem, & fidem per ea,
166 1194 666 1249 quae putantur. Vt locum enim quen¬
174 1243 669 1282 dam, & vas ipsum vacuum ponunt
175 1280 658 1323 esse dicentes. videtur autem plenum
173 1322 671 1365 quidem esse, cum habet illam
154 1365 663 1410 molem, cuius susceptiuum est.
168 1412 661 1451 cum vero priuatum est vacuum:
166 1448 659 1500 tanque idem quidem sit vacuum,
170 1485 664 1538 & plenum, & locus: esse autem
173 1532 469 1586 ipsis non idem est.
222 1573 661 1635 Et sciendum est quod oportet
166 1620 665 1683 Naturalem etiam consyderare de
167 1669 653 1723 Vacuo hoc modo, quo de loco, &
164 1726 662 1778 perscrutari de ipso quid sit, et vtrum
162 1770 661 1826 sit, aut non, & quomodo inter illa
172 1819 659 1886 est propinquitas in negando, & com
165 1860 661 1930 cedendo illa ex hoc, quod pertran¬
697 180 1200 227 sit mentem ex eis. Dicentes enim va¬
689 228 1195 282 cuum esse ponunt ipsum quasi ali¬
687 281 1187 339 quem locum. & vas, quod existi¬
695 326 1187 390 matur esse plenum, quando in eo
689 377 1192 443 est corpus receptum, & quando ca
687 426 1187 491 ret illo, est vacuum, ita, quod ple¬
693 476 1184 532 num, & vacuum, & locus sunt idem:
690 525 1119 587 sed esse eorum non est idem.
726 589 1186 638 Cum compleuit sermonen de lo¬
692 629 1194 666 co, incoepit loqude Vacuo, & dixit. Et
687 665 1189 706 sciendum est, &c. i. ponere perscruta
698 705 1184 758 tionem in ipso de tribus interrogatio
691 742 1181 787 nibus, de quibus perserutatus est in
698 781 1185 826 oco scilicet vtrum sit, & quid, & quale. &
688 820 1189 866 Naturalis debet consyderare de va¬
691 860 1184 914 cuo, quia conuenit secundum imaginatio¬
693 907 1187 941 uem loco, & motui, & aliis naturali¬
696 939 1189 978 bus. & hoc mouit dicentes ipsum ad
693 975 1181 1019 hoc credendum. Et, quia locus est si¬
695 1018 1185 1058 milis vacuo: vacuum enim apud dicem
697 1052 1185 1102 tes ipsum esse, est locus sine corpo¬
697 1101 1185 1148 re: dixit, & iter illa est, propinquitas.
698 1131 1185 1170 & ita inuenimus in lib Alex. in lib.
701 1176 1191 1222 autem nitmo inuenimus quod inter illa est
698 1207 1182 1265 distantia. in Arabico autem in scriptu
698 1252 1183 1301 ra coueniunt propinquitas, & distam
701 1286 1185 1337 tia. & forte est error scriptoris: & for¬
697 1324 1183 1378 te distantia est, quia alterum est verum,
697 1364 1179 1404 & alterum est fallum. D.d. & perscruta.
696 1404 1186 1457 ri quid sit, & vtrum sit. i. & perscrutari
699 1452 1180 1496 primo quid significat hoc nomen
694 1481 1184 1535 vacuum, quoniam quid est interrogatur ad
695 1521 1187 1573 sciendum significationem nominis.
695 1561 1183 1614 & ista interrogatio praecedit interro
696 1600 1182 1655 gationem de vtrum sit, in interiogatio¬
694 1644 1187 1682 nibus simplicibus. interrogatio autem
691 1677 1181 1727 per quid sit, quae interrogatur de eius de¬
695 1718 1187 1769 finitione, est post interrogationem per
698 1765 1184 1812 vtrum. & ideo incoepit ab interroga¬
694 1804 1186 1843 tione per quid sit, & post induxit in
698 1840 1197 1882 terrogationem per vtrum, & dixit &
698 1876 1195 1930 perscrutari, &c. i. vtrum sit, aut non sit,
