1416 2066
180 172 692 226 igitur possibile accipiatur, & sit
199 216 691 258 magnitudo quidem, aut continu¬
199 261 690 300 um, in quo ABCD.huius autem
199 305 691 339 motus EEOH. refert autem ni¬
194 336 687 378 hil finita sit, an infinita. similiter
194 376 689 419 enim in tempore finito Rmoue
199 417 686 460 bitur, aut finita, aut infinita. ho
199 457 687 513 rum autem vtrumque inpossibile est.
243 498 683 555 Sed, si motor primo motu cor¬
187 541 690 603 porali necesse est vt contiguetur cum
194 590 687 647 moto, aut continuetur cum eo, que
190 637 691 698 admodum hoc, videtur contingere
191 684 693 747 in omnibus, ergo necesse est vt com¬
197 729 693 789 gregatum ex omnibus istis sit v¬
194 788 683 830 num, & continuum. Accipiatur
187 821 677 885 igitur quodcunque sit possibile, &
194 869 692 931 sit vna magnitudo continua AB
195 924 683 978 CD,& motus eius HAOE.&
196 957 694 1023 non est differentia inter hoc, quod
198 1005 696 1066 sit finitus, aut infinitus. est enimaintem
194 1052 687 1114 pore finito. 1O, eodem modo, siue
191 1101 691 1162 fuerit finitus, aut infinitus. quod
197 1149 621 1210 est impossibile vtroque modo.
225 1192 692 1243 Nititu: addere in sermone illud,
194 1230 687 1282 ex quo sequitur impossibile in illo syllo
190 1273 692 1315 gismo inducente ad inconueniens:
193 1305 687 1359 & est quaa istae magnitudines sunt
194 1345 684 1386 vna magnitudo, aut secundum vnam con¬
197 1383 684 1433 tinuationem, aut secundum contiguatio¬
198 1420 690 1474 nem. nam, cum fuerit vna magnitu
196 1458 693 1500 do, habebunt vnum motum. quoniam,
196 1501 689 1548 cum fuerit positum quod ista magnitu
194 1533 692 1585 do congregata ex eis est infinita, tunc
199 1580 696 1610 motus erit infinitus. &, cum fuerit
194 1620 687 1661 positum quod vnum eorum mouetur
195 1649 695 1691 in tempore terminato, & omnia mouen
196 1688 691 1730 tur insimul, possibile est vt moueantur in
191 1725 695 1776 illo tempore terminato scilicet finito per
196 1772 693 1812 magnitudinem infinitam. &, quia
199 1801 690 1842 magnitudo infinita debet moueri
727 172 1234 219 motu infinito, necesse est ex hoc vt l
722 213 1213 259 motus infinitus sit in tempore fini¬
719 249 1218 299 to. quod est contra illud, quod de¬
723 285 1216 323 claratum est in Sexto. De.d. Sed, si
723 326 1223 372 motor primo, &c. i. sed, si illdm, quod
720 361 1212 411 primo mouet postremum motum,
722 397 1220 443 cilicet A, fuerit corpus, necesse est vt iste
718 437 1217 475 motor, cum mouet, aut contingat
726 472 1207 514 postremum motum scilicet s, sicut vide¬
719 513 1211 554 mus hoc in corporibus discretis, qua
724 551 1220 602 mouent se adinuicem in loco scilicet quoniam
724 588 1221 627 non mouent se adinuicem, nisi cum
719 628 1221 679 continguntur, aut iste motor sit com¬
718 666 1223 705 tinuum cum moto, sicut videmus
725 707 1214 746 hoc in membris animalium. v. g. vt
723 740 1234 796 choidae, quae mouent manum, & mul
722 782 1213 834 sculi, qui mouent chordas. Dem. d.
721 821 1217 871 sicut videmus contingere in omni¬
718 856 1225 907 bus. i. & hoc, quod diximus de mo¬
719 895 1219 946 tore propinquo primo cum postre¬
720 935 1217 982 mo moto est consequens. & contin
720 973 1216 1020 gens eis, sicut est contingens omni¬
718 999 1223 1051 bus scilicet secundum quod posuimus ea esse corpo
721 1045 1217 1090 ra infinita, qua mouent se adinui¬
724 1087 1214 1133 cem. D.d. eroo necesse est vt congre
716 1113 1228 1173 gatum ex istis, &c. i. &, cum sequitur
718 1159 1223 1202 in istis omnibus corporibus, quae mo
726 1204 1223 1234 uent se adinuicem, vt sint in tempo
718 1237 1221 1275 re motus, aut contigua, aut continua,
721 1274 1222 1321 necesse est vt illud, quod congregatur
720 1316 1219 1347 ex istis in tempore motus, sit vna ma
723 1346 1221 1396 gnitudo, aut secundum contigua¬
725 1392 1223 1426 tionem, aut secundum continuatio
722 1421 1226 1472 nem. D.d. Accipiatur igitur. i. ponatur
728 1461 1219 1509 igitur vtrumlibet istorum sit possibile,
726 1496 1223 1547 cum illud, quod sequitur ex vtrolibet
723 1534 1227 1579 sit illud scilicet quod ista corpora mota, &
725 1572 1222 1611 mouentia sint vnum secundum com
726 1613 1223 1663 tiguationem, aut continuationem,
723 1649 1215 1691 & quod motus eorum est vnus eodem
722 1685 1214 1740 modo. D.d. & sit vna magnitudo
719 1733 1219 1778 &c. i. ponatur igitur magnitudo comn¬
722 1772 1220 1816 gregata ex istis, aut vna secundum
716 1805 1218 1858 contiguationem, aut secundum con¬
