1416 2066
216 180 730 226 Et hoc, quod dixit, manifestum est
216 222 725 276 ex hoc, quod posuit quod infinitum de
236 263 722 306 bet esse infinitum in omnibus tribus d
240 302 727 348 mensionibus, & sunt sex pertes. & hoc
235 343 733 397 intendebat per omnes partes. &, si nos
235 383 736 437 posuissemus quod infinitum est infinitum
235 421 735 476 in quadam parte, continget infinitum
238 454 735 506 esse maius infinito. possibile enim
230 501 730 547 esset ponere in parte, in qua est infi
239 543 731 587 nitum, aliud corpus contiguum: &
234 581 733 638 tunc congregatum ex duobus co rpo
234 625 726 675 ribus erit maius vno corpe, & vtrumque
235 661 727 715 est infinitum scilicet congregatum, & ip¬
216 701 698 754 sum infinitum. quod est impossibile.
260 757 729 815 At vero neque vnum, ac Simplex
238 799 725 851 esse contingit infinitum corpus,
237 840 728 894 neque, sicut dicunt quidam, id,
243 892 729 939 quod praeter elementa est, ex quo
236 929 729 971 haec generant, neque simpliciter.
233 972 735 1025 Sunt enim quidam, qui hoc faciunt
235 1016 727 1070 infinitum, sed non aerem, aut aquam
230 1054 724 1105 ne caetera corrumpantur ab infi
232 1097 726 1146 nito. habent enim ad seinuicem
230 1140 732 1198 contrarietatem, vt aer quidem frigi
226 1182 732 1226 dus est, aqua vero humida, ignis
228 1224 739 1279 autem calidus, quorum, si vnum esset
229 1268 735 1315 infinitum, corrupta iam fuissent
222 1313 729 1355 alia. nunc autem dicunt aliud esse
223 1353 545 1410 id, ex quo haec sunt.
276 1396 735 1464 Quod aut impossibile est quod
226 1445 727 1507 infinitum sit vnu corpus Simplex
223 1493 727 1554 sic declarabitur. hoc enim non est
226 1540 730 1602 possibile, neque, secundum dicentem ip
227 1602 735 1650 sum esse aliquid extra elemeta, ex
226 1645 729 1707 quo res generatur, neque, simpliciter.
218 1692 731 1761 Quidam enim ponut infinitum, vt
222 1741 734 1803 diximus, & no ponut ipsum aquam,
224 1789 737 1851 aut aerem, ne illud, quod ponunt in
226 1841 735 1898 finitu, corrumpat alia. sunt enim
225 1901 733 1954 cotraria adinuicem. v.g. quoniam
760 180 1284 247 aer est frigidus & aqua humida, E
755 233 1258 298 & ignis calidus. &, si aliquod isto
754 284 1261 347 rum esset infinitu, tunc alia corru¬
764 333 1262 394 berentur. nunc igitur dicut hoc esse
754 380 1238 447 aliquid, ex quo generant ur ista.
803 432 1259 474 Cum destruxit quod corpus infinitum
756 469 1255 515 sit compositum, quia illa, ex quibus com
764 516 1264 568 ponitur, sunt infinita in magnitudi
759 555 1259 599 ne, anteque destrueret secundam par¬
762 591 1263 637 tem de composito infinito, & est illud,
767 631 1266 687 quod est infinitum, quia partes eius
757 672 1255 723 sunt infinitae in specie, incoepit de¬
758 715 1259 754 struere corpus simplex esse infinitum,
762 750 1261 794 & dixit: Quod autem impossibile est, &c.
758 789 1263 844 idest ex hoc, quod dicam. &, quia hoc
759 829 1261 885 intelligitur duobus modis, aut, quia il¬
759 869 1267 915 lud corpus est extra quatuor elemen
762 911 1260 963 ta, & ex eo generantur elementa, vt qui
765 948 1266 994 dam dicunt, aut quia illud corpus est
764 988 1260 1034 vnum elementorum quatuor. deinde
761 1028 1263 1074 dixit: non enim est possibile, &c. i. & im
766 1069 1263 1113 possibile est vt corpus infinitum esset,
763 1105 1265 1159 siue secundum ponentes ipsum esse extra mun¬
764 1150 1270 1193 dum, siue simpliciter scilicet si quocunque
763 1196 1263 1233 modo ponatur siue extra, siue intra,
760 1228 1257 1267 siue vnum elementorum, siue aliud,
781 1268 1269 1318 D.natrauit causam, prper quam qui¬
759 1309 1267 1357 dam posuerunt ipsum extra elemen
754 1346 1263 1400 ta, & dixit: Quidam enim ponunt in
760 1387 1284 1437 finitum, &c. i. in modo, in quo ponti
762 1429 1266 1477 plus conseruar, scilicet vt sit extra elemen
763 1466 1265 1506 ta. & sermo eius in hoc ma nifestus
764 1503 1268 1559 est, quoniam manifestum est ista esse con
763 1547 1267 1586 traria, quare, si vnum eorum erit infi¬
761 1589 1268 1639 nitum, necessario corrumpentur re
765 1625 1273 1670 liqua. & ideo isti fugierunt in hoc quod
761 1663 1110 1706 sit vnum elementorum.
798 1724 1273 1778 Impossibile autem est esse tale,
760 1766 1277 1810 non quia infinitum, Ide hoc enim
769 1812 1282 1858 omune aliquid dicendum est, de omni
762 1854 1277 1902 similiter & aere, & aqua, & quolibetus
767 1894 1265 1947 sed quia non est tale sensibile corpus
