1416 2066
186 173 699 235 omnis motus est diuisibilis. &, si
188 226 687 274 motus fuerit continuus, erit vnus,
194 269 695 336 tuoniam non omnis motus est con
197 316 697 378 tinuus cum omni motu, queadmo
197 362 697 423 dum in aliis non quilibet continua
195 413 699 470 tur cum quolibet, sed illa, quorum vlti
190 454 694 514 ma sunt vnum. & quaedam non ha
196 501 685 563 bent vltima, & quaedam habent.
194 550 695 612 sed in forma sunt aequiuoca. quonia,
191 596 691 649 impossibile est vt vltimu lineae ta
194 641 692 699 gat vltimu abulatiois, et fiat vnu.
238 700 697 746 Cum declarauit, quod vnus motus
203 741 693 786 in numero est motus, qui est in eodem
206 780 698 820 n numero, & in eodem in tpere, & indu
204 822 689 859 xit quodnes super hoc, incaepit dare ratio
199 861 692 905 nem, perper quam necesse est in hoc, quod
198 892 692 930 motus sit vnus in numero, vt tempus
198 929 694 972 sit vnum, & subiectum sit vnum. &
203 967 693 1014 est, quia est continuus. Et dixit: Et,
202 1013 695 1050 quia omnis motus, &c. i. & quia omnis,
206 1045 695 1090 motus est continuus, quia omnis mo¬
201 1076 691 1114 tus est diuisibilis, necesse est vt vnus
198 1117 690 1162 motus in numero sit continuus. Et, cum
199 1153 691 1194 declarauit quod omnes motus sunt de
202 1192 697 1226 natura continui, dicit: &, si fuerit mo
197 1237 688 1279 tus continuus, &c. i. si igitur motus,
196 1264 691 1315 qui est vnius subiecti numero, & in
193 1302 691 1346 eadem re numero habuit partes conti¬
194 1343 689 1391 nuas, tunc erit vnus. &, si partes eius non
198 1379 690 1418 fuerint continuae, non erit vnus. & caum
196 1415 693 1465 in hoc, quod quidam motus sunt, qui
201 1460 695 1502 non sunt continui, est, quoniam non omnis mo
195 1491 693 1531 tus pont continuari cum quolibet mo¬
194 1526 695 1571 tu, quemadmodum impossibile est in
201 1570 689 1603 aliis, quae sunt de speciebus continui,
197 1604 691 1641 continuari ita, quod quodlibet continue
197 1638 699 1682 tur cum quolibet. quoniam, si ita esset. tunc
196 1673 698 1714 omnia essent continua: sed continua sunt
198 1714 699 1768 illa, quorum vltima possunt esse vnum. &
200 1752 695 1794 hoc intendebat, cum dixit quemadmodum
194 1789 697 1843 in aliis, &c. i. impossibile est vt quili
716 181 1236 226 bet motus continuetur cum quolibet mo I
722 217 1215 259 tu, sicut est impossibile quodlibet conti
724 257 1220 297 nuari cum quolibet. Deinde induxit
724 292 1221 341 determinationem, per quam res fiunt con¬
723 329 1213 370 tinuae, & dixit: sed illa, quorum vltima
723 366 1209 410 sunt vnum. i. entia continua sunt illa
723 412 1213 450 quorum vltima possunt esse vnum. sed in cor
718 440 1221 490 poribus naturalibus continuatio fit, quando
720 477 1212 524 duo vltima fuerint vnum, absque eo, qui
731 519 1219 563 vltimum commune, quod est vnum, corrumpat.
730 555 1222 601 & similiter est continuatio in magnitudi
729 591 1223 630 nibus mathematicis. definiuntur enim quod
725 627 1215 665 sunt illa, quae possunt recipe vltimum commune. &
724 668 1216 706 similiter videtur esse in motibus. & sic, cum
725 700 1211 752 dixit: sed illa, quorum vluma sunt v¬
722 741 1216 789 num, intendit aut in imaginatione. &
723 776 1223 818 hoc est in motibus, & in tpre, & in ma
725 813 1213 863 vnitudinibus. quoniam ista scientia consy¬
722 842 1217 890 derat etiam de istis quodammodo, aut in
722 886 1225 930 esse. & est hoc in corporibus natura
726 925 1226 976 libus continuis, sicut est dispositio in
725 960 1227 1003 menbris animalium consolidatis. D.de¬
723 1002 1232 1050 dit causam, prper quam quae dam entia recipiunt
727 1037 1224 1087 continuationem, & quaedam non, & dixit:
727 1076 1227 1126 & quaedam non hiabunt vltima. &c. i. &,
724 1113 1224 1154 cum continua sunt illa, quorum vltima
727 1150 1220 1200 sunt vnum, videtuar quod cama in hoc, quod non omnia
729 1188 1227 1230 sunt continua, est, quod non omnia entia
727 1226 1227 1266 hisunt vltima: sicut est dispo in nume
724 1261 1226 1313 ris. neque omnia entia habuntia vltima possunt
731 1301 1223 1338 continuari, neque etiam in imaginatione.
723 1341 1217 1389 quoniam quaedam entia hibunt vltima diuersa in
720 1377 1223 1426 forma, de quibus hoc nomen vltimum dicitur
726 1419 1224 1459 aequiuoce. & hoc intendebat, cum dixit:
722 1448 1222 1490 sed sunt in forma aequiuoca. D.d.
724 1492 1222 1527 quoniam impossibile est vt vltimum lineae,
725 1524 1219 1570 tangat. &c. i. & impossibile est dice¬
726 1556 1223 1610 re quod vltimum lineae tangit vltimum
721 1603 1223 1647 ambulationis, cum magnitudo non
731 1637 1218 1688 angat motum. quoniam vltimum
723 1673 1061 1722 in eis dicitur aequiuoce.
764 1741 1220 1799 Contigui igitur erunt, & qune¬
728 1789 1219 1843 quod idem specie, neque genere. post¬
