1420 2070
171 836 677 890 Cum declarauit quod omne transmutatum
182 878 669 925 transmutabatur, anteque transmutaretur,
179 925 676 968 quoniam omne transmutatum est in tempore,
183 957 679 994 & omne tempus est didisibile in in
179 993 677 1034 finitum, declarauit hoc idem per ma
178 1029 680 1079 gnitudinem, & dixit: Et etiam decla
186 1066 676 1107 ratum est hoc, &c. i. & declaratum
188 1109 671 1154 est illud, quod declarauimus per tenm
180 1142 677 1193 pus, per magnitudinem: & hoc est
186 1181 673 1230 in transmutato in loco, & in quanti
186 1219 669 1259 tate. & ista declaratio est manifesti
190 1256 670 1308 or, quoniam magnitudo est manifestior
182 1296 674 1338 in hoc, quod transmutatio sit talis: sed
190 1334 673 1374 non est ita in tempore. Et Alex. d. quod
184 1367 683 1419 non intendit, quod declaratio, quae est
191 1405 679 1459 ex magnitudine, est manifestior quai
184 1444 675 1498 illa, quae est ex tempore, cum vtrumque
186 1483 671 1525 sit continuum, sed intendebat quod de
184 1523 669 1571 claratio, quae est in motibus quan
186 1560 681 1602 titatis, est manifestior, quae quae est in mo
187 1598 683 1647 tibus qualitatis. & verba Alex. suiit
190 1633 682 1687 ista. & etiam hoc, quod diximus declara
191 1673 681 1722 bitur magis in spatio. nam spatium,
195 1708 677 1755 in quo transnutatum transmutatur,
187 1749 673 1800 est continuum. D.d. Transmutetur ig
191 1785 671 1841 tur aliquid, &c. i. ponatur igitur aliquid
187 1823 677 1882 transmutari per aliqui magnitudiuem de
707 836 1206 890 c ad per, sequitur igitur vt, si inter punctum
704 885 1207 921 c, & pro non fuerit linea diuisibilis, vt
703 917 1209 962 indiuisibile tanuat indiuisibile: quid
701 947 1207 1009 est impossibile. D.d. necesse est ergo vt
710 992 1204 1034 inter illa sit magnitudo. i. &, cum sit
707 1024 1199 1082 impossibile indiuisibile sequi indiuisibi
710 1068 1208 1109 le, necesse est vt inter vltimum indi¬
706 1112 1203 1153 uisibile, ex quo motum mouetur, &
709 1143 1203 1198 indiuisibile, ad quod mouetur, sit
708 1183 1205 1227 magnitudo diuisibilis in infinitum.
709 1220 1204 1273 &, cum posuit hoc, dixit: ergo transmu
707 1261 1203 1299 tabatur, &c. i. &, cum inter c, & po sit
707 1298 1195 1349 magnitudo semper diuisibilis, & in quasi
711 1336 1219 1376 bet magnitudine earum transmutatur:.
707 1375 1191 1412 transmutatum, necesse est quod transmuta
704 1408 1191 1461 batur antequae trasmutetur de cin p. Et si
701 1447 1199 1501 militer sequitur in omni vltimo vstimo¬
709 1490 1193 1537 tum, quibus diuidit scilicet quod necesse est quod ip
704 1525 1190 1575 sum transmutabatur, anteque transmuta
714 1564 1197 1614 tum sit in ipso scilicet anteque pertrafscat il¬
707 1598 1197 1642 lam magnitudinem. vnde necensse est, vt
712 1636 1191 1690 dixit, quod illud, quod iam trasmutatum est
711 1673 1201 1724 prius transmutabatur Quam, si hoc non
711 1712 1189 1755 esset. a tunc inueniretur finis trans
712 1752 1197 1790 mutationis sine transmutatione: &
706 1787 1199 1831 sic inueniretur finis sine eo, cuius est
712 1824 1202 1866 finis quod est impossibile. bnihil
