1416 2066
173 181 679 218 D.d. necesse est ex hoc vt locus sit in
180 218 675 271 loco, i. sequitur ex hac positione impo
188 259 674 306 sibile scilicet quod locus indigeat loco. quoniam com
188 287 673 349 tingit in isto loco illud, quod contin¬
181 334 672 383 git in primo, & ita procederetur in in¬
189 365 673 417 finitum. quod est impossibile aut dicamus
195 413 683 450 etiam quod manifestum est per se quod locus
188 449 682 490 non habet locum. Et, cum narrauit
194 486 687 530 impossibile sequens ex hac positione,
190 525 685 580 incoepit declarare modum, ex quo com
190 572 678 609 tingit impossibile, & dixit transmuta
192 602 679 646 tur enim &c. i. sequitur enim ex hac positione,
199 648 683 704 vt locus transferatur per translationem,
191 680 683 723 locati. quoniam, secundum quod loc est pais rei, siue
189 717 681 762 materiae, siue formae, necesse est vt
173 758 679 809 moueatur per motum rei, quoniam ma¬
193 805 685 845 teria, & forma mouentur per motum
190 844 676 874 rei. D.d. & interminatum, scilicet materia
193 876 679 915 D.d. & non sunt in eodem loco scilicet mate
190 909 681 963 ria & forma, sed vbi est res scilicet corpus
195 950 683 994 compositum ex materia, & forma.
208 991 681 1042 Sed potest aliquis quaerere, & dice¬
188 1029 687 1081 rem quod iste sermo componitur ex propo
186 1068 681 1119 sitionibus, quaae Prima est, quod forma,
190 1106 686 1147 & materia mouentur per motum cor¬
186 1140 686 1192 poris compositi ex ambobus. Secunda
189 1180 679 1232 autem est, quoniam, secundum quod mouentur, indi¬
184 1229 686 1269 gent loco. Tertia vero est, quod si altera
191 1254 685 1298 earum est locus, necesse est vt locus
186 1299 687 1338 habeat locum. Secunda autem, & Ter
173 1337 682 1386 tia sunt verae, prima vero non. sequitur
187 1373 679 1417 enim ex ea quod forma, & materia sint in
188 1413 687 1465 loco. quod non dicit Arist. declarabit
191 1452 687 1502 enim in sexto quod omne tramsmutabile est
189 1490 685 1544 corpus. et, cum ita sit, materia igitur,
188 1533 680 1578 & forma non mouentur nisi per ac¬
189 1565 687 1620 cidens: ergo, si indigent loco, est per
189 1605 673 1657 accidens: & non est impossibile vt lo¬
191 1652 687 1694 cus habeat locum per accidens. ex¬
190 1684 682 1736 hoc igitur apparet quod ista contradi¬
182 1721 684 1771 ctio non est vera, neque essentialis.
186 1762 679 1810 Sed quia illud, quod est per accidens,
185 1804 681 1850 est duobus modis scilicet semper, & raio,
189 1838 682 1890 videtur, quod illud, quod est semper, in¬
702 180 1198 234 tret quoquo. modo in numero de¬
711 218 1199 258 monstrationum verarum, non es
707 257 1195 308 sentialium, quae dicuntur demon
704 294 1201 338 strationes Dialecticae. & ista contra¬
706 333 1204 386 dictio est huius generis sermonum.
705 375 1209 411 materia enim & forma, licet moueam
706 421 1204 462 tur per accidems scilicet secundum quod sunt pars mo
714 453 1202 490 ti, tamen motus accidentalis inuen
713 493 1207 539 tur in eis semper cum motu corpo¬
715 527 1206 570 ris: ex quo sequitur vt inueniatur in
717 565 1213 617 eis semper locus, licet per accidens.
713 603 1201 655 sequitur igitur, si fuerit locus, quod loc
712 637 1206 695 habeat locum semper, et necessario
716 680 1211 722 icet formam, & materiam, licet per ac¬
717 725 1213 770 cidens: sed est manifestum quod locus
717 758 1213 810 non habet semper locum, neque per
709 797 1213 849 se, neque per accidens, nisi sit de gene¬
710 836 1212 878 re accidentis, quod accidit iaro. &,
719 872 1215 922 quando acciderit vltimo continenti
710 917 1213 963 rem, moueri per motum corporis,
714 951 1211 1004 cuius est vltimum, tunc igitur potest
712 988 1219 1041 attribui loco motus per accidens, sed
712 1029 1216 1082 illud accidens est raro. ex hoc igitur,
709 1065 1211 1114 modo iste sermo potest esse de nu¬
714 1107 1210 1146 mero sermonum contradicentium
715 1144 1205 1185 demonstratiuorum. Et Alexan. re¬
712 1180 1217 1242 spondet, quoniam, cum fuerit positum quod
710 1219 1209 1259 forma, aut materia est locus: & loc¬
717 1260 1211 1311 est de quantitate, quia est aequale ei,
714 1297 1212 1349 quod est in eo: sequitur quod, cum transfeitur,
718 1334 1216 1379 vt sit aequale loco, in quem transfer¬
717 1373 1212 1418 tur: et sic forma exit in loco per se. lo
717 1420 1217 1470 cus enim, qui est forma, aut materia,
710 1455 1216 1497 est aeqnalis corpori translato scilicet haben
710 1488 1216 1539 ti formam, & materiam: & corpus est
718 1533 1222 1576 equale loco, in quem tiansfertu: & sic for
714 1569 1213 1612 ma, aut materia, vtra earum sit locus,
708 1604 1226 1657 erit aequalis loco, in quem corpus transfert,
719 1647 1221 1695 uia est aequale aequali ei, & omne, quod est
719 1684 1230 1724 equale loco, est in loco essentialiter. Et
715 1724 1230 1774 hoc, quid dixit Alex. non est sine dubita¬
709 1764 1223 1814 tione. quoniam locus, secundum quod est qutitas, non mo
718 1806 1224 1842 uetur, sed locus, secundum quod est locus, per se est
717 1842 1224 1883 non mobilis naturali, & essentialiter.
