1416 2066
216 187 712 219 trariae illo modo, quo motus sunt con
222 217 706 267 traril. D.d. exemplum & dixit. v. g. quoniam
229 261 703 298 transmutatio de esse, &c. i. & exem
222 301 707 343 plum eius, quid est vt transmutatio sit op
233 329 717 373 posita transmutationi, scilicet quod ex illo, ex
229 366 713 420 quo est altera transmutatio ad idem
223 404 717 443 sit reliqua, est transmutatio de esse
229 442 711 482 in non esse, quae est corruptio, & trans¬
225 478 704 531 mutatio de non esse in esse, quae est ge
226 517 715 554 neratio. & ista trasmutatio non est
226 552 717 604 opposita per illud ad quod: & si esse op¬
228 588 720 641 ponitur ad non esse. quia non est hic
233 629 713 680 motus exins per se oppositus alii mo¬
233 665 714 707 tui: quia transmutatio de non esse est
240 700 718 746 per accuns, & transmutatio de subie
234 741 700 786 cto scilicet de contrario est per se, aut est pro
245 778 709 819 inquius vt sit per se. transmutatio ve¬
232 820 719 858 ro subiecti, quiod defert contrarium ex¬
228 852 723 891 illo contrario ad suum contrarium, est
234 887 712 936 per se. & hoc non inuenitur in gene¬
233 932 719 970 ratione, & corruptione. Et, cum narra
231 965 713 1013 uit quod contrarietas in talibus trans¬
229 1004 707 1042 mutationibus est secundum quod transmuta
230 1034 718 1089 tio vna in eis est ad illud, ex quo est
231 1074 714 1114 secunda transmutatio, cum esse in istis
234 1112 711 1154 duabus transmutationibus non est,
232 1152 711 1199 nisi in altero extremo, incoepit nar¬
234 1188 716 1227 rare quod etiam non inuenitur in talibus
236 1229 720 1280 transmutationibus quies contratia
230 1269 711 1307 quieti, sicut inuenit in motibus: ne
226 1300 723 1340 que etiam quies est contraria transmuta.
232 1337 708 1378 tioni. D.d. Qnam in istis intentionibus
233 1375 711 1411 &c. i. in istis enim intentionibus, in qui¬
235 1413 715 1463 bus est generatio, & corruptio, non
229 1447 717 1490 est quies omniuo, sed est in eis priua¬
237 1494 714 1534 tio transmutationis. & hoc erit, si po
236 1524 710 1577 suerimus quod non ens, ex quo est ge¬
229 1561 705 1613 neratio, & aliud, ad quod est corruptio
228 1605 719 1644 est aliquid actu. quonam, si hoc posueri¬
233 1635 719 1674 mus, tuc erunt illic duo non esse, &
232 1676 715 1724 priuatio in non ente, secundum quod posueri
230 1709 714 1754 mus ipsum esse aliquid, & priuatio in
234 1748 716 1798 ente. Priuatio igitur quae est in ente, si po
231 1785 717 1842 suerimus ipsam esse quietem, sequit
740 179 1234 226 vt sit contraria priuationi transmuta
739 219 1235 258 tionis, quae est in non ente: & priuatio
746 261 1238 299 transmutationis, quae est in non en
741 293 1233 343 te, est eadem cum priuatione transmuta¬
739 329 1230 369 tionis, quae est in ente. & sic inter il¬
738 365 1240 417 las non erit contrarietas omnino, quoniam
743 403 1235 454 quies in eo, ad quod est motus, non est
742 442 1243 493 contraria quieti in eo, ex quo, nisi
741 485 1234 522 quia sunt in duobus contrarijs. D.d.
740 516 1240 565 Si igitur non ens nihil fuerit, &c. i. si
744 551 1226 601 igitur non ens non fuerit subiectum,
743 589 1231 642 impossibile est imaginari quod priua¬
746 625 1225 677 tio transmutationis, quae est in ente,
744 664 1235 714 est quies. quoniam ipossibile est imaginari ip
749 701 1231 752 sam esse contrariam motui. neque pri¬
748 737 1236 789 uatio existimatur esse ques. quoniam, si non
749 776 1233 818 ens non est aliquid, non erit illic pri¬
754 813 1244 858 uatio, quae possit imaginari quod est quies
749 860 1231 905 opposita quieti, quae est in ente. neque
749 886 1235 931 imaginat quod ista priuatio, quae est in
746 925 1242 976 ente, etiam est quies opposita transmuta
748 964 1239 1002 tioni ex eo, quoniam transmutatio ex eo
749 1001 1237 1047 non est motus: & omnis quies est con¬
748 1037 1230 1086 traria motui, aut quieti. Si igitur po¬
749 1070 1240 1114 suerimus ipsum esse quietem, tunc eri¬
744 1111 1235 1154 mus iter duo, aut ponemus quod non
746 1149 1239 1200 omni quieti opponitur motus, aut dice¬
745 1188 1237 1238 mus quod generatio, & corruptio sunt
751 1223 1239 1274 motus. & vtrunque est impossibile. D.d.
753 1260 1239 1310 Sed est manifestum, &c. i. quoniam non
746 1308 1234 1348 est quies in rei veritate. &, cum non
745 1335 1231 1376 fuerit quies in rei veritate, sed priua¬
755 1371 1237 1421 io transniutationis, dissoluetur quae¬
746 1410 1240 1461 stio dicens quod non omnis quies est con
748 1455 1231 1497 traria motui, aut contraria quieti.
754 1487 1227 1538 quoniam haec in rei veritate non est quies,
740 1523 1235 1574 sed similis quieti. D.d, aut non erit
748 1565 1239 1602 contraria alicui omnino. i. & ista priua
748 1596 1233 1649 tio, quae est quies secundum similitudinem,
749 1636 1237 1688 opinandum est, aut quod non est con¬
746 1675 1240 1722 traria alicui omnino, aut quod est con
751 1711 1235 1762 traria transmutationi, quae est cor¬
747 1748 1239 1794 ruptio: quoniam ex eo est princi¬
751 1788 1116 1835 pium motus corruptionis,
