1416 2066
223 180 710 235 tempus sit communiunctum cum esse eius,
235 224 714 266 ita, quod sit aliud ab eo, non continuum
235 260 721 306 cum eo, sed separatum. communiunctum
236 308 710 346 tiun in esse. i. vt inter illa non sit hoa
230 332 721 386 tio, nisi in esse eorum insimul. Secunda
232 381 713 432 autem intentio est vt intentio eius, quod
234 423 722 472 dicimus aliquid esse in tpre est aliquid esse
230 459 712 498 in numero. Et facit hanc diuilionem
235 500 717 550 bimembrem. quoniam notum est quod ens
232 538 709 591 attribuitur tempori, secundum quod est con¬
233 578 719 619 iunctum ei, non secundum quod accipitur in
237 618 713 666 definitione rei, tanque pars illius, neque
230 656 713 702 quod res accipiatur in definitione illius.
230 695 719 738 &, cum tempus sit communiunctum, non re
235 735 715 785 manent vt attribuatur ei illud, quod
218 781 713 825 est in tempore, nisi aut sicut nume¬
229 813 715 858 ratum attribuitur numero, aut sicut
226 861 714 903 aliquid attribuitur illi, quod existit
230 892 711 942 cum eo: licet aliquis possit dicere
230 935 712 983 quod adhuc est ista tertia pars possibi¬
233 969 707 1011 us, quae est attributio partis rei ad rem
228 1013 714 1062 & accidentium illius ad ipsam rem. &
226 1050 713 1099 ideo iam cito post induxit illam, quando
235 1087 715 1132 diuisit aliquid attribui numero, cum
231 1126 716 1180 d. & iste sermo, &c. sed apparet vniversali
226 1166 714 1216 quod sustentatus est in hac declaratio¬
231 1209 713 1256 ne super hoc, quod prius declarauit
218 1248 716 1298 ilicet quod tempus est aliquis numerus: &
226 1285 710 1335 illa, quae induxit, sunt ad confirmam
226 1324 719 1374 dum. Et, cum posuit quod res attribuitur,
213 1372 715 1414 tempori altero duorum modorum, aut
226 1404 710 1454 sicut res, quae inuenitur in numero,
231 1445 711 1482 attribuitur numero, aut sicut illud
222 1479 713 1531 est coniunctum alicui in esse ad ip¬
226 1520 710 1573 sum, cui communiungitur, reuersus est ad
225 1564 705 1610 diuidendum ipsum, quod est aliquid
227 1600 713 1643 esse in numeno, &. d. & iste sermo si
222 1644 712 1693 gnificat, &c. i. Et intendit per partem
228 1678 706 1725 illud, quid est in numero, quasi spees,
226 1720 707 1763 & differentiae, & per accidens conse
222 1757 706 1803 quentia essentialia, & per attribu¬
220 1796 719 1851 tum illud, quid est commune accidentibus.
220 1836 708 1889 Et intendit per hoc, quod dixit, aut quod
218 1877 721 1922 habet numerum hoc scilicet aut quoid attr
753 179 1257 226 buitur ei, ita, quod sit numeratum ab I
745 220 1236 265 eo, ita, quod ipsum sit numerus
747 260 1243 307 illius. & quasi dicat, & res attri¬
753 301 1239 345 buitur numero, aut sicut aliquid, quid
751 349 1227 389 accipitur in definitione numeri, aut
747 381 1231 430 sicut aliquid, in cuius definitione ac¬
752 416 1232 458 cipitur numerus, scilicet accidentia essen
744 457 1233 505 tialia, aut sicut ea, quorum vtrunque
745 496 1234 548 accipitur in definitione alterius, &
749 536 1239 578 sunt correlatiua, quae sunt in nume
742 575 1239 627 ro, vt duplum, & dimidium, aut sicut
744 613 1242 657 numeratum attribuitur ei: & hoc est
744 655 1238 699 simile attributioni continentis ad
747 693 1231 738 contentum. Et, cum posuit hoc, in¬
752 733 1243 786 coepit narrare quid inuenitur ex istis
746 773 1257 824 in tempore: licet hoc non fuerit in I
747 821 1237 863 tentio eius. quoniam intentio eius fuit de
741 852 1239 902 clarare, quomodo attribuuntur tempori¬
742 893 1241 942 res existentes in tpre, sed vidit quod, cum
741 933 1237 979 fuerit declaratum quae sunt illa, quae
744 970 1233 1021 sunt de tpere, sicut partes numeri de
748 1009 1237 1058 numero, & accidentia eius, declara¬
749 1050 1240 1091 bitur ex hoc quod attributio rerum tem
748 1092 1234 1142 pori est alia. Et d. Et, quia tempus, &c.
743 1128 1229 1175 i. &, quia tempus est numerus, ne¬
747 1164 1239 1218 cesse est vt in eo sint etiam aliqua, quae ita
742 1209 1235 1256 sint in eo, sicut vnitas, & par de nu¬
745 1245 1235 1297 aero: & sunt instantia, quae multi¬
748 1286 1247 1329 plicantur per prius, & posterius, vt
744 1324 1241 1376 declaratum est prius. proportio enim
751 1364 1239 1415 starum ad rempus est similis, proportio¬
747 1400 1239 1442 ni differentiarum numeri ad nume¬
745 1442 1242 1490 rum. & hoc intendebat, cum d. ista enim
747 1485 1236 1522 attribuuntur numero, &c. Et, cum po¬
745 1521 1241 1570 suit quod tpes est numerus, & quod illa, quae
749 1559 1249 1602 attribuuntur numero, sunt duobus
746 1611 1238 1642 modis, aut de natura numeri, aut
744 1642 1237 1682 numerata, quae contiuet numerus.
747 1677 1239 1730 & est declaratum quod illa, quae sunt in tpre,
746 1725 1238 1767 qua sunt illa, quae sunt de natura nume¬
748 1759 1249 1802 ri sunt alia ab eis, quae sunt in tpre, con
747 1799 1245 1850 clusit ex hoc, quod illa, qui sunt in tempo¬
743 1844 1239 1894 re, attribuuntur tperi, secundum quod numeratum
748 1883 1251 1922 attribuitur numero, & dixit: Et res
