1416 2066
207 179 722 232 differunt a Platone in hoc: quoniam
223 221 715 270 Platolponit haec duo contraria loco
214 259 720 306 materiae, & ponit vnum, quod est
215 297 721 338 subiectum eorum loco formae: isti
224 332 722 387 vero ponunt vnum, quod est subie
224 373 716 418 ctum, materiam, & ponunt contra¬
221 411 715 458 rias differentias, & species materiae,
221 453 709 503 licet quoniam vnum ponunt pro ma¬
220 492 718 544 teria, & contraria pro forma. Et cum
218 529 722 571 notificauit vnam sententiam dicen
223 567 715 618 tium, principium esse vnum in mo¬
222 610 722 651 do generationis rerum ab illo prin
222 645 718 690 cipio, reuersus est ad secundam sen¬
218 687 726 729 tentiam, & dixit: Et quidam dicunt
226 724 723 770 quod contraria, &c. i. & quidam eorum,
226 774 713 810 qui dicunt, quod principium est vnum,
227 807 718 854 non ponunt modum generationis
225 839 717 882 secundum densitatem, & raritatem: sed di¬
221 878 723 922 cunt quod contraria, & vniuersalitur om
225 917 719 962 nia diuersarum specierum, & forma¬
228 958 712 995 rum sunt existentia in actu in ille
229 1005 717 1047 vno principio secundum latentiam: & ge¬
220 1029 715 1073 neratio nihil aliud est quam exitus illa¬
216 1083 716 1115 rum rerum latentium ex illo vno:
220 1108 698 1154 vt dixit Anaximander naturalis.
242 1151 711 1194 D.d, quomodo conueniunt quidam eo
220 1188 710 1242 rum, qui dicunt principia esse plu¬
227 1227 721 1279 ra vno cum istis in hac opinione, scilicet
219 1269 721 1307 in hoc, quod oeneratio ex principiis est
221 1297 719 1354 secundum dissolutionem, & exitum, & di¬
207 1348 722 1386 xit: Et similiter illi, qui dicunt, &c. i.
216 1389 718 1426 talem opinionem de modis genera
222 1421 723 1466 tionis opinantur illi, qui dicunt quod
218 1468 716 1507 principium est vnum, & qui dicunt
220 1507 712 1548 principia esse plura, vt Anaxacoras
220 1528 727 1578 & Empedocles: isti enim attribuunt
218 1574 714 1623 generationem rerum exitui earum
219 1621 719 1659 a mixto. Et, cum narrauit quod isti duo
227 1647 713 1702 viri conueniunt in modo genera¬
222 1684 713 1731 tionis, incoepit narrare in ouo diffe
220 1730 719 1774 runt, & dixit: & differunt in hoc: quoniam
221 1765 718 1818 &c. i. Empedocles, & Anaxagoras
219 1803 719 1849 differunt: quoniam Empe docles opinatur,
220 1840 716 1898 quod mixtio, & congregatio rerum ha
755 180 1260 222 pet tempus, quod est tempus corrul
755 217 1247 271 ptionis mundi, & segregatio earum
749 254 1236 298 habet aliud tempus, & est tempus,
742 299 1245 347 generationis mundi: & quod ista
745 337 1247 389 congregatio & segregatio semper
753 373 1244 423 est reciprocem in infinitum. Anaxa¬
742 413 1244 463 goras vero opinatur res esse mixtas
750 454 1241 499 tempore infinito: deinde intellectus
749 492 1243 530 incoepit distinguere eas, & extrahe¬
751 526 1244 573 re eas a mixto: & quod hoc erit in
750 565 1242 610 infinitum. Mundus igitur apud
751 612 1249 658 Empedoclem est quandoque, & cor¬
746 652 1247 690 rumpitur quandoque: apud Anaxa
748 686 1239 738 goram vero est ens factum a prin¬
750 725 1239 763 cipio, sed permanebit in infinitum.
747 764 1242 803 Deinde induxit alias differentias in
750 805 1233 842 ter eos, & dixit: & iste facit semel
754 842 1229 882 &c. i. & non differunt in hoc tantum
749 877 1240 932 scilicet quod Anaxagoras ponit genera
746 917 1240 966 tionem mundi semel, & Empedo¬
748 956 1242 1003 cles infinities, sed etiam in hoc, quod
746 999 1246 1047 Anaxagoras dicit, quod omnia, quae dif
746 1033 1240 1074 soluuntur, sunt partes consimiles, &
755 1076 1245 1114 contraria: & ideo accidet mundo re¬
749 1110 1243 1163 manere in infinitum, eo quod istae par
754 1148 1244 1200 tes sunt infinitae: quare nunquam ces¬
744 1191 1246 1238 sant exire. Empedocles autem dicit
752 1228 1244 1280 cogregationem, & segregatione.
746 1276 1243 1314 elementorum quatuor esse recipro
750 1308 1249 1347 cam: quia apud ipsum sunt elemen
750 1345 1244 1386 menta eorum, quae sunt consimilium
750 1383 1242 1435 partium: sed apud Anaxagoram est
748 1420 1247 1473 conuerso scilicet quoniam omnia illa, quae sunt
751 1461 1245 1510 consimilium partium, sunt apudlip
754 1501 1238 1539 rum elementa elementorum quatuor,
790 1548 1248 1602 Videtur autem Anaxagoras sic in¬
755 1589 1246 1634 finita opinari, quoniam putabat com
748 1634 1245 1682 munem opinionem Physicorum esse
746 1677 1253 1731 veram, quod nihil fit ex eo, quid non
748 1717 1250 1762 est. prper hoc enim sic dicunt, erant si
750 1756 1249 1802 mul omnia, & fieri huiusmodi statuerunt
746 1805 1249 1850 alterari, Alii autem congregatio¬
747 1844 1131 1899 nem, & segregationem.
