1416 2066
269 196 723 242 Temperantes: cum sciuerint in¬
222 239 724 282 dignitatem voluptatum, quia non
229 278 731 322 sunt de dispositionibus necessarijs i
235 318 721 370 esse hominum, nedum de perfectio
227 357 724 410 nibus ipsorum, sed sunt consequen¬
228 398 723 445 tia ex necessitate materiae, de seipsis
232 437 728 474 ciicient voluptates omnino, & erunt
233 478 726 528 temperantes, & mansueti, & manu¬
234 513 727 555 tenebunt leges diuinas, & imitabun
224 549 526 594 tur ordines naturales
267 619 723 667 Et manifestum est quod debent esse
229 669 723 717 Liberales, cum sciant essentiae pecu¬
226 710 722 747 niae vilitatem, & quod studiositas in
225 741 731 795 ea est vnum de desyderijs praeter na
235 789 335 827 turam.
270 820 729 873 Similiter debent esse Magnanimi,
227 861 726 906 & amantes veritatem in operationi
228 901 724 938 bus, & dictionibus ipsorum, cum aliis
228 935 719 978 consequentibus eis ex virtute humana,
266 974 727 1028 Si autem dicatur quod esse non
235 1017 722 1061 testatur super hoc, quia plures, qui
236 1057 728 1104 glortantur in his scientijs hoc tempo
229 1093 475 1138 re, non sunt tales.
269 1128 721 1183 Dicatur quod hoc accidit eis, pro¬
236 1168 716 1216 pter dispositionem innaturalem, quae
230 1207 722 1250 eos ad talem consensum deduxit: &
231 1244 724 1291 ista dispositio est declarata exercitam
230 1285 612 1339 tibus in disciplina practicae.
276 1357 720 1413 Et signum super hoc, quod accidit
232 1398 721 1442 eis extra naturam, est quod inuenimus
244 1440 725 1492 Alexam. & alios, dicentes quod sapientes
240 1482 723 1527 virtuosi fuerunt in tempore suo. T&
234 1517 726 1565 cum aliquis perscrutatus fuerit de
230 1553 727 1602 hac dispositione, inueniet nullam
221 1590 732 1641 aliam huius rei causam esse, nisi quid
221 1633 724 1680 illa perfectio, cui subilciuntur assuetu
221 1668 724 1714 dine hominum, in qua nutriebantur,
221 1708 727 1746 valde est remota ab hac perfectione.
221 1744 731 1786 sed non solum hoc accidit eis, sed etiam
239 1782 729 1836 quod ex consuetudine, in qua nutrie
221 1821 725 1867 bantur, credunt quod haec perfectio est valde
799 203 1252 252 Temperati vero: quoniam, cum nouerint in¬
755 237 1252 287 perfectionem ipsarum cupiditatum volu
760 276 1253 327 ptuosarum, easque non esse necassarias ad
755 317 1255 370 homis perpetruitatem, logeque minus adlip¬
754 357 1256 410 sas perfectiones, Imo esse res, quae sequuntur
754 396 1256 434 ex necessitate naturae, ipsius maae, tunc
762 437 1254 483 pcul eas, priicient, atque depelsent, ma
759 480 1257 514 rimoque eas odio, & ab ominatione
754 510 1256 563 prosequentur. & sic efficientur tpati, am
757 556 1255 603 plectentes diuinas leges, sequentesque
757 588 1027 635 naturalia instituta.
779 629 1256 666 Constatque eos reddi meliores, ac Li
758 668 1251 719 beraliores aliis, cum despiciantpecunta
755 707 1251 755 rum quaestum, cognoscantque eius ignobili
757 743 1262 786 tatem, & quod vu solertia ad eum acqurendum
755 781 1210 826 est quid egrediens simites naturae.
766 821 1257 873 Constatque isuper eos esse Magnanimos
754 853 1244 913 diligentes veritatem in suis verbis, & a¬
753 900 1242 950 ctionibus, & in reliquis aliis, probitatibus.
758 935 1253 978 & virtutibus humanis, quae na debentur eis.
773 974 1255 1019 At, si quisquam dixerit hoc dictum non
755 1014 1253 1058 correspondere veritati: quoniam nos vide¬
753 1053 1245 1103 mus his nris rpibus oppositum hus in
756 1091 1247 1130 his, qui se iactat obtinere huiusmodi senias.
774 1133 1249 1182 Ad hoc scire debes quod hoc contingit
756 1166 1254 1219 perper quendam affectum non namlem, quod indu
757 1206 1249 1250 xit eos ad huiuscemodi deliberatio
757 1243 1251 1296 nem quod quidem est notus illi, qui fuerit tam
754 1285 1249 1322 tisper exercitatus in senia practica, seu
755 1321 1245 1362 actiua, atque de ea fuerit perserutatus.
800 1361 1252 1403 Qd autem hoc, quid accidit eis, sit res
759 1398 1247 1442 non namlis, indicio est id, quod Alex. at
763 1443 1243 1487 que alii dcunt, nempe sapientes esse viros
762 1476 1244 1529 pobos, virtutibusque preditos: quia aetate
758 1516 1245 1561 iua erat hoc sapientibus comsuetum, quod
756 1553 1247 1594 si hoc diligenter inuestigaueris, nihil
758 1590 1245 1644 prfecto aliud inuenies, nisi quod illa per¬
757 1629 1247 1687 tectio legum, cui a pueris, atque ab ipsa
751 1668 1242 1707 consuetuoine srinclinati, est de se remo
754 1708 1246 1759 ta ab hac perfectione. neque hoc tantdum eis
756 1744 1239 1796 accidit: sed sunt opinati ex ipsa edu¬
758 1785 1245 1835 catione quod haec dignitas, & perfectio
753 1820 1244 1875 sit vilissima, & ipefecta, ac eius quoque
