1416 2066
178 173 693 226 pondus. Cum autem spatium fuerit
187 223 687 260 vnum, & tempus vnum, tunc pro¬
190 260 689 301 portio eius, quod congregatur ex
195 286 684 327 duabus potentijs motiuis ad duo po
190 324 693 362 dera mota, erit eadem proportio: &
189 365 679 402 siue potentia ponderum, & poten
188 400 686 434 tia motorum conueniant, aut diuer¬
184 437 682 474 sentur. verbi oratia quoniam, si ali¬
189 465 687 521 quis motor fabet aliquam propor
195 510 689 554 tionem ad aliquod motum, & alius
191 549 682 599 motor, cuius potentia habet istam
194 588 686 626 eandem proportionem ad potentiam
198 624 693 673 ponderis, quo mouetur ab eo. Decla
188 661 683 698 ratum est enim in libro Elemento¬
197 700 687 750 tum quod, cum fuerint quaelibet
178 737 683 778 quantitates, & totidem earum com
201 774 690 824 pares, tunc proportio omnium ad
194 813 693 863 omnes est, sicut proportio vnius ad
195 849 685 890 vnam. Deinde dixit. Et iste sermo
191 888 689 941 distinguendus est, & caetera, & sic in¬
195 925 687 982 uenitur in quibusdam libris. & in¬
191 973 684 1003 tendit quod, cum duo motores mo
198 999 689 1052 uent aliquod pondus per aliquod
196 1037 689 1080 spatium, quod possibile est, cum di¬
194 1084 683 1114 uiserimus motores, & diuiserimus
200 1111 690 1160 pondus, ita, quod, proportio vtrius¬
194 1157 688 1202 que partis ad vtrunque motorem
196 1189 687 1234 sit, sicut proportio totius ad totum,
201 1226 693 1272 quod proportio motus remanebit.
202 1262 680 1311 eadem. & hoc secundum propor¬
198 1307 692 1339 tionem est verum: sed secundum
198 1339 697 1378 quod existimatur quod in quolibet
192 1366 689 1412 illorum duorum. ideo dixit, vt mi¬
203 1413 689 1464 hi videtur, ita, quod consyderandum
198 1451 689 1490 est. videnius enim quod duo, & tres
198 1489 689 1530 homines mouent congregatim, quod
203 1525 691 1570 non possunt mouere secundum se¬
196 1564 396 1618 gregationem,
234 1629 690 1675 Num igitur sic est & in alte¬
194 1677 695 1722 ratione, & in augmentatione ¬
200 1713 695 1763 Aliquid enim est augens, aliquid
203 1764 693 1801 autem & id, quod augetur. in
202 1797 693 1842 quanto autem tempore, et quam¬
725 174 1222 220 tum, aliud quidem auget, aliud
718 214 1220 266 autem augetur. Et alterans, &
723 253 1227 298 id, quod alteratur similiter. &
721 296 1229 352 aliquid, & quantum secundum
719 341 1231 379 ipsum magis, & minns alterata
720 378 1229 418 sunt, & in quanto tempore, in
718 419 1231 458 duplo duplum, aut duplum in
719 461 1227 498 duplo: dimidium autem in di¬
720 500 1227 539 midio tempore, aut in dimidio
722 540 1219 580 dimidium, aut in aequali du¬
723 588 1217 629 plum. Si vero alterans, aut au¬
720 628 1213 672 gens tantum, in tanto, aut auget,
714 661 1226 715 aut alterat, non necesse est & di¬
719 701 1216 746 midium in dimidio, & in dimi¬
719 740 1209 794 dio dimidium. sed, si contigerit
721 782 1214 834 nihil alterabit, aut augmentabit,
724 823 1047 866 sicuti & in pondere.
771 864 1219 922 Et similiter est de alteratione,
721 909 1219 971 et in augmento. Est enim aliquid,
719 956 1224 1019 quod auget. Et alterans etiam si¬
716 1005 1221 1059 militer est alteratum. & secun¬
717 1053 1221 1114 dum auiquam quantitatem in ad¬
719 1109 1221 1147 ditione, & diminutione erit al¬
719 1156 1225 1202 teratio. & in aliqua quantitate
725 1188 1219 1252 temporis in duplo erit duplum, &
719 1237 1221 1301 duplum erit in duplo. & quod est
718 1285 1215 1347 in tempore aequali est duplum. Si
727 1341 1221 1395 ligitur alterans, & augmentans
722 1389 1230 1427 auomentat: & alterat tantum in
717 1427 1222 1474 tasi tempore, non est necesse ut me
717 1474 1217 1523 dietas etiam faciat hoc in medie¬
725 1522 1219 1580 tate, aut in medietate agat me¬
723 1565 1216 1626 dietas. & forte accidit ut non ab¬
718 1612 1223 1675 teret omnino, aut ut non auget, si¬
725 1661 1070 1714 cut diximus in pondere.
762 1725 1234 1774 Vult declarare, quod omnia, quae
724 1765 1215 1809 dixit de moto, & motore in loco,
728 1802 1221 1852 sunt vera in augmento, & altera¬
