1416 2066
157 186 665 245 transmutatur aqua, & non est se
162 245 666 299 parata a vase, sed continua cum
171 281 665 346 eo, & fiet aer absque eo, quod sepa¬
168 330 675 378 catur, sed remanente continuo. Et
176 376 670 434 quemadmodum in alteratione est
175 424 661 487 aliquid, quod nunc est album, &
170 473 675 535 prius fuit nigrum, & etiam quod
170 519 669 578 nunc est durum, & prius fuit mol
172 565 673 626 be &ex quo dicimus materiam esse
175 613 669 674 aliquid,similiter existimamus lo¬
179 665 669 727 cum esse hoc modo imaginationis.
177 712 660 763 Sed illam existimamus propter hoc,
170 761 668 818 quod illud, quod fuit aer, est nunc
179 812 665 869 aqua: locum vero existimamus es
181 855 675 914 se, quia vbi fuit aer, illic nunc est
174 909 670 970 aqua. Et materia, sicut diximus
179 957 669 1018 superius, non est separata a re, ne¬
174 1006 674 1066 que continens ipsam: in loco vero
179 1058 381 1115 est vtrunque.
218 1125 676 1171 Cum posuit quod locus videtur esse aliquid
182 1165 670 1219 quatuor, & quod non est aliquod trium,
182 1205 669 1243 licet forma, aut materia, aut dimensio
185 1244 675 1290 inter vltima corporis continentis,
182 1281 675 1335 & dedit similitudines, quae faciunt
182 1329 673 1370 existimare vnumquodque eorum, &
158 1358 669 1403 Iprimo dedit similitudinem, quae fa¬
187 1397 675 1445 cit existimare locum esse formam, &
181 1439 667 1485 quae facit existimare locum esse va¬
187 1484 671 1522 cuum, incoepit etiam dare similitudi¬
183 1520 671 1568 nem, quae facit existimare ipsum esse
184 1565 674 1595 materiam, et dixit: Et existimatur ma
184 1595 667 1642 teriam esse locum, i. et similitudo, quae
180 1632 665 1674 est inter motum translationis, & mo
180 1672 664 1723 tum transmutationis, quae est gene
181 1709 669 1761 ratio, & corruptio est, quoniam vtrumque in
180 1746 660 1799 diget aliquo, in quo sit transmuta
178 1796 669 1841 tio. & ideo existimatur quod illud, in quo
175 1825 672 1870 est transmutatio secundum generationem,
182 1864 676 1914 & corruptionem, quod est materia,
697 183 1203 226 sit subiectum translationis scilicet oces.I
695 229 1189 267 & hoc existimatur maxime, quando ali¬
694 266 1179 318 quod corpus transmutatur in aliud,
703 310 1189 359 etiam vbi quiescente, absque eo, quod se
698 344 1188 392 paratur ab eo, sed remanet continuum
700 382 1193 426 cum illo vbi. vt aqua quae in cypho,
709 419 1195 470 quae transmutatur in aerem absque
705 469 1191 510 eo, quod vas moueatur, & absque eo quod
700 500 1195 551 aqua diuidatur a vase: quoniam subiectum
701 536 1193 579 istius transmutationis esse insimul
705 574 1195 627 cum vase, facit existimare ipsum esse
697 613 1197 657 locum. D.d. Et quemadmodum in al
704 655 1189 705 teratione, &c. i. & illud, quod mouit
704 693 1194 730 nos ad credendum materiam esse, &
702 729 1192 783 locum esse, est consimile. illud enim quod
702 768 1196 810 mouit nos ad credendum materiam
705 808 1195 850 esse, est subiectum esse in alteratio¬
698 847 1193 899 ne. quoniam quemadmodum in alteratio¬
700 886 1192 939 ne aliquod est, super quod succedunt
705 926 1186 978 sibi duo contraria, v. g. albedo, & iu
694 971 1190 1016 gredo, & durities, & mollities, ita, quod
703 1005 1191 1055 in aliqua hora est album, & in alia
702 1052 1191 1096 nigrum, & similiter in transmuta¬
700 1081 1184 1134 tione, quae est in substantia, etiam est
702 1125 1188 1162 aliquod subiectum, vt in transmuta¬
704 1165 1180 1215 tione aquae in aerem, & aeris in ignem,
702 1205 1176 1252 & similiter existimauimus per mo
699 1240 1195 1282 tum translationis locum esse. locus enim ita
699 1277 1189 1322 se habet in motu translationis, sicut
703 1324 1181 1362 materia in motu secundum substantiam,
702 1357 1184 1396 & subiectum in alteratione. & hoc
702 1397 1182 1434 intendebat, cum dixit: ita existimau
706 1436 1191 1475 mus locum esse, &c. Et, cum dedit simili
700 1474 1185 1522 tudinem inter causam facientem opi
700 1512 1181 1554 nari locum esse, & materiam esse
702 1548 1178 1594 dedit differentiam, & dixit: Sed illant
702 1592 1189 1633 &c. i. & est differentia inter has duas
697 1628 1191 1674 transmutationes. quoniam transmutatio,
700 1676 1186 1714 quae induxit nos ad credendum ma
702 1709 1184 1754 teriam esse, est transinutatio, a quae est
699 1749 1187 1786 in substantia: transmutatio autem, quae
698 1785 1187 1834 induxit nos ad credendum locum esse,
704 1825 1189 1866 est b transmutatio in loco. & hoc in¬
703 1868 1195 1914 tendebat, cum dixit: quoniam illud, quid fuit
