1416 2066
195 180 697 234 tur DHXmotus partiu ABC.
212 229 695 274 vnde necesse est vt totus motus T
208 273 705 323 HS sit motus magnitudinis A
206 325 701 378 BC, cum vtraque pars eius mouea¬
203 379 699 410 tur vno motu illorum, & neutra
207 413 695 458 moueatur hoc motu tote: vnde ne¬
205 468 705 519 cesse est vt iste motus totus sit istius
201 509 514 563 torius magnitudinis.
214 1413 705 1466 Cum declarauit quod omne motum est
214 1454 700 1498 diuisibile, & fuit necesse, vt diuisibi¬
210 1492 701 1542 litas accidat motui secundum tempus, & secundum
215 1533 705 1578 motum, incoepit notificare hoc, &
215 1568 695 1609 dixit: Et motus est diuisibilis duobus
205 1613 708 1651 modis, &c. & intendit per partes moti,
215 1652 703 1693 partes, quae mouentur de principio
214 1679 701 1729 patii vsque ad finem. & similiter est
210 1717 698 1767 Intelligendum de partitione motus
213 1755 698 1794 secundum partitionem partium: quo
211 1792 713 1843 niam ista partito differt a partiuo¬
731 181 1271 226 ne eius secundum partitionem temporis. R
731 221 1229 266 D. induxit exemplum, & dixit. v. g.
734 255 1232 298 &c. i. quoniam vtraque istarum partium
731 295 1231 340 mouebitur de initio spatii vsque ad fi
730 333 1230 370 nem, sicut totum mouetur. D.d. Sit
736 367 1222 418 igitur motus, &c. i. &, cum fuerit, ne
729 407 1221 449 cesse vt vtraque pars scilicet A B, & nC mo¬
730 453 1221 490 ueatur apud motum totius ABC,
728 480 1218 520 necesse est vt vtraque pars AE, & To
729 518 1223 562 habeat motum. Sit igitur pHmotus
732 557 1230 608 partis AB, & HAmotus S &: erit igitur
730 592 1219 635 motus compositus ex duobus motibus
726 631 1216 673 DHi, & H2. D.d. vnde necesse est,
729 669 1220 709 &c. i. vendunr necesse est vt iste totus motus,
731 709 1223 746 qui est compositus ex duobus moti
729 744 1215 786 bus partium pHr, & Ha sit motus ma¬
723 781 1223 830 gnitudinis AEC, cuius partes sunt
734 819 1225 858 AE, & Bc. D.dedit causam huius con
729 855 1229 897 secutionis, & dixit: cum vtraque pars,
732 893 1223 930 &c. i. & causa in hoc est, quoniam
733 928 1221 979 tota magnitudo ABC non dicitur mo¬
730 965 1218 1014 ueri secundum totum, nisi cum vtraque pars
732 1005 1226 1043 cius mouebitur vno motu. & hoc
727 1041 1216 1083 intendebat. cum dixir. cum vtraque
734 1076 1222 1128 pars, &c. Et, cum declarauit quod aliquid
730 1125 1222 1155 non dicitur moueri secundum totum, nisi cum
734 1152 1221 1204 quaelibet suarum partium moueatur
731 1195 1227 1234 motu vno. dixit: & neutia moueat,
724 1228 1218 1279 &c. i. &, quia motus, quem habet to
731 1264 1221 1306 ta magnitudo, non est ei, nisi cum
731 1313 1217 1352 partes eius fuerint motae, & est im¬
736 1339 1224 1389 possibile vt motus totius attribuatur
741 1380 1222 1419 parti, sequitur vt motus totius sit om
730 1415 1220 1458 nium paitium. nam impossibile est
737 1452 1225 1501 vt motus alicuius attribuatur alii
733 1493 1224 1542 ab eo, quod mouetur illo motu. Et
738 1528 1223 1583 intendit in declaratione eius, quod
736 1567 1224 1616 em, quod motus partium sit motus totius, decla
733 1604 1225 1642 rare ex hoc, quod motus totius etiam sit di¬
730 1639 1224 1682 uisibilis secundum diuisibilitatem moti: &
740 1683 1213 1726 quod iste modus diuisibilitatis est alius
732 1717 1221 1754 ab eo, quem habet secundum suam
736 1752 1121 1803 extensionem cum tempore.
