1416 2066
208 181 719 233 sitione, per quam est mouens, semper
220 220 718 273 est cam pcedens illud, per quod aliud
218 261 726 305 est in illa dispositione, scilicet per quam est
220 298 721 339 mouens. Et dixit hoc, quoniam, si hoc est
224 340 721 378 necessariu in hoc, quod aliquid moueat,
231 379 725 420 vt moueatur, tunc motor, qui habet
218 413 715 459 in se istam dispositionem, est dignioi
218 447 724 497 vt sit motor, qua illdm, quod habet hanc
224 484 537 539 dispositionem ex alio.
226 557 719 613 Quod, & si perueniamus ud primum fe¬
259 598 695 649 ipsum mouens, necesse tamen sit deue
278 637 686 674 nire ad mouens penitus immobile.
362 676 582 723 Oap. A¬
370 740 721 794 Vare hoc consyderandum
365 793 724 834 est, sumpto alio princi¬
365 827 725 876 pio, si quid mouet seip¬
351 869 720 915 sum, quo modo mouet, &
216 908 721 959 secundum quem modum. Necesse igitur est
223 948 723 1000 omne, quod mouetur, esse diuisibi¬
228 989 717 1031 le in semper diuisibilia. hoc enim osten
229 1028 721 1080 sum est prius in ijs, quae vniversaliter de
231 1069 721 1123 natura, quod omne, quod per se mo¬
235 1115 720 1162 uetur, continuum est. Impossibile igitur
238 1152 717 1194 est ipsum mouens seipsum pemi
226 1204 721 1234 tus mouere ipsum seipsum. fere
232 1235 720 1276 tur enim totum, & feret secundum eandem
231 1277 717 1314 lationem, vnum existens, & in¬
231 1317 722 1363 diuiduum specie, & alterabitur, &
231 1357 717 1405 alterabit: quare docebit vtique, &
230 1396 718 1439 docebitur simul, & sanabit, & fa¬
226 1445 716 1482 nabitur secundum eandem sanitatem.
226 1477 715 1528 Amplius autem determinatum estque
230 1519 722 1562 mouetur id, quod mobile est. hoc
229 1565 721 1610 autem est potentia, cum mouetur, non
227 1597 723 1642 actu. quod autem potentia est ad actum
222 1643 717 1684 pergit. est autem motus actus mo
226 1684 723 1722 bilis imperfectus: mouens autem
230 1717 717 1766 iam actu est: vt calefacit calidum,
226 1757 716 1802 & omnino id, quod habet for¬
230 1796 723 1858 mam, generat, quare simul idem,
752 180 1259 221 & secundum idem calidum eritl
748 224 1246 266 & non calidum. similiuer autem &
747 265 1240 314 aliorum vnumquodque eorum,
750 308 1248 350 quae necesse est mouens habere
759 349 1249 390 vniuocum. eius ergo, quod seip
751 390 1253 433 sum mouet, hoc quidem mouet
749 429 1102 474 illud autem mouetur.
797 485 1249 553 Oportet igitur nos consyderarem
749 537 1238 587 nunc de hoc, incipiendo alio modo,
753 581 1245 644 cilicet si aliquid mouet se, qualiter mo¬
753 629 1245 692 uet, & quo modo. Dicamus igi¬
748 677 1247 738 tur, quoniam necesse est vt omne
748 717 1241 771 motum diuidatur i diuisibilia. hoc
755 771 1249 827 eni. declaratum est prius in nostro
759 817 1245 866 sermoe de summis de natura. ce enim
757 861 1243 921 motu per se est continuum. Et im¬
752 908 1249 970 possibile est vt illud, quod mouet se,
749 957 1245 1017 moueat se secudum totum. quonia,
757 1002 1249 1050 tunc secundum totum transferret,
755 1051 1245 1106 & transferretur eodem mo tras¬
756 1094 1238 1154 lationis, & est vnum indiuisibile
755 1141 1243 1203 in sua specie, & tunc idem altera
749 1189 1243 1251 bitur, & alterabit: & sic sciet, et
756 1236 1251 1291 addiscet insimul, et sanabit, & sa
746 1281 1242 1330 nabitur eadem sanatione. Et iam
753 1333 1245 1386 determinauimus etam quid intendi¬
751 1375 1245 1435 mus, cu dicimus, quod aliquid mo¬
750 1420 1245 1483 uetur, secundum quod mouetur: et
757 1468 1243 1524 est quod in potentia mouetur, &
757 1516 1237 1570 no in actu: & illud quod mouetur,
757 1565 1245 1618 semper nititur ad perfectione. &
752 1609 1239 1658 motus est perfectio non completa ei,
759 1652 1241 1715 quod imnatum est moueri: & mo¬
754 1700 1244 1758 tor aut ia exiuit in actu: v. g. quod
748 1757 1247 1805 calefacies est calidum, & vniuer
746 1792 1244 1850 saliter. est illud, quod iam habet for¬
