1425 2070
177 165 667 207 commen. I2. &. 7. phy. tex. com. ii. vbi dicitur quod
175 201 677 236 taritas & densitas sunt rerum qualitates in
174 230 670 271 sequentes calidum & frigidum. Soluitur. lo
178 262 677 304 quitur Aristote. in. 6. physi. secundum opi¬
170 301 674 338 nicnem Antiquorum, non secundum pro¬
168 326 674 370 priam opinionem, vt ostendat conclulionem
170 367 681 395 quam intendit ibi probare secundum vtram¬
185 390 676 431 que opinionem habere veritatem. Nam opi¬
170 423 674 459 nio Arist. fuit quod principia transmutationis
174 455 680 490 sunt quatuor qualitates primae, vt patet in
170 492 678 527 principio secundi de generatione & corruptio¬
177 516 676 554 ne. Opinio vero Antiquorum fuit quod princi¬
183 549 673 586 pia transmutationis sunt raritas & densitas,
183 580 679 612 vnde secundum istos omnes passiones cau¬
176 612 674 643 santur ab istis, & quomodocunque sit sem¬
184 641 682 681 per, vt deducit, sequitur quod motus localis p¬
180 671 684 706 cedat alios motus. non curat autem ibi Ari
178 704 680 739 sto. quomodo se habeat veritas circa illud,
176 742 675 777 an videlicet generatio fiat vt Antiqui asse¬
176 772 683 808 rebant, an per viam alterationis per quatuor
176 799 680 841 primas qualitates, quia illa speculatio perti
182 837 682 874 net ad librum de generatione & corrumptio
182 868 680 898 ne, vnde Arist. i. physico. tex. commen. A9.
180 899 678 930 dixit quod magnum & paruum sunt secun
186 925 682 962 dum rationem, iarum autem & densum se
182 961 688 994 cundum sensum. quod non dixisset, nisi ere
183 988 681 1020 didisset raritatem, & densitatem insequi
188 1018 684 1056 qualitates primas in solis sensibilibus gene¬
190 1047 409 1083 rabilibus inuentas.
213 1079 685 1114 Decimasexta contradictio est in commen.
186 1112 679 1149 73. dicit Auer. quod in linea recta est ma¬
187 1149 684 1179 xima distantia. Oppositum. 3. physico. 13. &
186 1173 685 1218 primo coeli com. 36. Soluitur. est breuissi¬
181 1209 685 1242 ma, quae possit cadere inter duo extrema in
182 1237 679 1274 actu, inter enim duo puncta distantia nulla
181 1268 675 1306 breuior linea potest cadere quam linea re¬
182 1301 687 1344 cta, tamen est longissima, quia maxinia re¬
183 1333 675 1370 motio non inuenitur, nisi in recto inquan
183 1364 673 1396 tum rectum. vnde linea imaginata a centro
185 1397 684 1436 terrae vsque ad conuexum supremae sphaerae
187 1422 682 1463 est longssimae distantiae possibilis in narura.
210 1455 679 1491 Decimaseptima contradi. est in tex. 7A.
183 1485 680 1523 Habetur ibi quod, cum motus augmenti & di
183 1521 685 1554 minutionis sint oppositi, non possunt esse
172 1556 684 1586 continui, sed de necessitate inter eos est tem
174 1585 674 1619 pus quietis. & ita videtur poni tempus sta¬
179 1620 670 1651 tus inter motum augmenti & diminutio
175 1648 673 1682 nis. Huius tamen oppositum colligitur ea
179 1673 680 1715 2. de generatione & corruptione in tex. cem.
180 1710 676 1746 39. vbi dicitur quod in aequali tempore est ge¬
174 1737 670 1773 neratio & corruptio secundum naturam.
182 1771 671 1815 & Commen. ibi in com. expresse dicit quod tem¬
170 1805 676 1842 pus senectutis est aequale tempori inuentu¬
178 1836 679 1876 tis. ex quibus videtur non dari tempus sta¬
183 1869 671 1899 us medium. Dicamus nos quod Aris. & Auer
174 1898 679 1938 ibi per tempus generationis naturalis, aut
707 165 1210 210 uuentutis intelligunt totum tempus prose
703 200 1208 234 ctus, in quo videlicet res habet se in natura¬
709 231 1206 268 i dispositione. & sic in tali consyderatione
705 266 1209 306 includitur tam tempus augmenti, quam
710 297 1209 336 etiam tempus status. nam. propter quod
704 320 1209 362 vnumquodque tale & illud magis. non enim
705 363 1211 399 motus augmenti dicitur naturalis, nisi pro
709 388 1209 429 quanto tendit ad finem na. uraliter inten¬
706 420 1209 458 tum, & quaesitum per naturam. natura enim
706 453 1215 490 agit propter finem. & ideo tempus status
704 477 1210 518 est longe perfectius quam tempus augmen
701 514 1213 550 ti. Vnde Auic. in cap. de aetatibus vult quod illa
698 544 1211 581 aetas sit aetas pulchritudinis & perfectionis.
714 579 1212 617 quia in aetate consistentiae solum potest ho
707 613 1211 642 mo habere opetationes simpliciter natura¬
715 641 1215 674 es & perfectas, in qua aetate fuit crucifixus
711 673 1215 713 Redemptor noster. Aetatem vero corruptio¬
712 706 1207 745 nis & sensi appellauit tempus, in quo res ten¬
717 735 1210 771 lit ad diminutionem, quae est via ad nihil
714 767 1206 802 vt dicit Com. 3. phy. com 6o. vnde Arist. ibi
715 798 1207 830 respiciendo ad vniuersalem causam, quae
715 831 1211 866 est motus Solis. qui per sex signa appropin¬
714 864 1204 901 quat, & per sex signa recedit, & sic est causa
716 892 1212 929 contrariorum, illo modo venatus est aequa
709 923 1208 962 litatem illam in temporibus generationis
710 957 1207 988 iuuenturis, & profectus, & tempora cor¬
708 989 1212 1023 ruptionis senii & defectus. sed per inuentu
711 1018 1213 1049 tem, vt dixi, intelligit totum aggregatum
706 1051 1217 1083 ex tempore, in quo res vere augetur, & ex tem
712 1085 1213 1121 pore status: quia totum islud tempus atte¬
709 1117 1211 1147 statur perfectioni. & sic inter iuuentutem,
717 1143 1206 1178 & senectutem non datur medium. sed in
715 1175 1205 1209 9. phy. & alibi aliterloquitur, & magis in par
710 1208 1207 1242 tirulari in ordine ad actus animae. Vnde tem
714 1235 1209 1279 pus, in quo plus reparatur, quam deperdi¬
708 1269 1206 1307 tur ex actione animae, & caloris innati, tale
706 1303 1211 1338 dicitur tempus augmenti. tempus vero, in
713 1332 1213 1373 quo aequaliter reparatur, sicut deperditur,
712 1365 1213 1401 est tempus status, quando vero minus repa
706 1404 1211 1435 ratur, quam deperdatur, est tempus dimi¬
714 1427 1201 1460 nutionis. & sic inter augmentum & dimi¬
708 1455 1211 1491 nutionem datur quies media. impossibile
708 1490 1165 1522 enim est motus contrarios continuari¬
739 1519 1213 1554 Decimaoctaua contradictio est in 77.
709 1551 1222 1586 commen. Dixit densari, & rarefieri motus lo¬
712 1582 1204 1619 cales. Oppositum. 7. physi. commen. 13. vbi
702 1613 1211 1650 habet quod sunt quales, & per consequens
705 1649 1222 1682 alterationes. Ibi soluitur: quia loquitur secundum
709 1675 1209 1723 Antiquos. vide in. 4. phy. super commen. SA.
706 1709 999 1754 quia ibi dixi satis diffuse.
739 1740 1199 1778 Decimanona contradictio est in com. 7E.
711 1772 1201 1810 Dicit finitatem esse ex parte materiae, non
706 1805 1200 1841 ex parte formae. Oppositum dicit. 3. physic,
711 1832 1215 1866 com. 6o. Soluitur. hic loquitur de finitate
709 1863 1209 1898 actionis & durationis, ibi loquitur de sini¬
706 1895 1207 1937 tate, quae est rei actualitas, & intrinseca per¬
