1416 2066
164 173 666 216 fuit hoc, & positio antecedentis est
177 220 666 261 manifesta ex hoc, quod dixit in Quin
182 252 669 301 to, & consecutio non est manifesta
180 287 670 336 per se, incoepit declarare eam, &. d.
174 325 664 375 punctus enim non habet vltimum, & vl
182 365 669 412 timum, &c. Et iste sermo componitur
179 398 652 442 sic in secunda figura. Omnia, ex quib
182 444 669 488 componitur continuum, diuiduntur,
181 476 669 514 in vltima, & in habens vltimum: vlti
175 510 662 554 mum enim est vltimum alicuius rei: &
178 556 669 596 punctus non diuiditur in haec duo: er
178 597 669 635 go continuum non componitur ex
183 622 667 669 punctis, & vniversaliterex indiuisibilibus. Et
178 668 665 706 etiam, anteque continuum continuetur,
179 697 669 749 necesse est vt contiguetur: & contigua
164 734 668 778 etiam diuiduntur in vltimum, & in ha
173 777 663 824 bens vltimum, puncta autem non ergo
183 812 668 853 ex punctis non componitur linea,
173 845 669 900 neque ex lineis superficies, neque ex su
180 884 664 934 perficiebus corpus. D.d. quoniam quod
176 932 664 968 non diuiditur, non habet partem,
178 959 669 1008 &c. i. quoniam omne indiuisibile non ha
183 996 671 1047 bet duas part es diuersas, quarum vna
179 1036 667 1084 est vltimum, & alia illud, quod habet
180 1069 668 1114 vltimum. Et in hoc syllogismo non
177 1109 659 1150 expressit, nisi minorem proponem,
174 1147 664 1197 & pertransit maiorem, quia est ma
178 1183 669 1227 nifesta. D.d. neque habent vltima in
180 1221 667 1273 simul. i. quod contigua debent habere,
179 1258 675 1298 continua enim sicut diximus, contigua
164 1295 651 1346 buntur, antequam continuentur,
213 1341 671 1386 Amplius necesse est aut conti¬
172 1381 663 1427 tinua esse puncta, aut tangentia
178 1420 664 1475 se inuicem, ex quibus est conti¬
177 1461 672 1502 nuum. eadem autem ratio est et
171 1500 665 1546 in omnibus indiuisibilibus. Com
175 1548 670 1593 tinua quidem non erunt, propter
178 1583 667 1626 dictam rationem. Tanget autem
174 1629 661 1666 omne, aut totum totum, aut pars
178 1676 661 1719 partem, aut totum pars. Quo
177 1705 666 1746 rniiam autem impartibile est ip¬
177 1749 664 1787 sum indiuisibile, necesse est totum
178 1797 677 1826 tangere totum. totum autem, to
695 171 1205 218 tum tangens, non erit continuum. I
700 221 1186 258 continuum enim habet hanc qui¬
698 261 1180 298 dem aliam, illam vero aliam par¬
704 299 1186 347 tem, & diuiditur in sic us diuer¬
692 341 1183 386 sas, & loco separatas. At vero: ne
702 388 1188 430 que consequenter erit punctus
695 420 1190 467 ad punctum, aut ipsum nunc ad
694 462 1193 515 nunc ipsum, vt ex his sit longi¬
702 501 1195 546 tudo, aut tempus. consequenter
703 549 1187 594 enim sunt, inter quae nihil est eius¬
701 582 1186 626 dem generis. inter puncta autem
698 625 1193 666 semper est linea, & inter ipsa
697 669 924 714 nunc tempus.
743 709 1205 770 Et sequitur necessario vt ista.
698 757 1184 818 puncta sint aut contigua, aut con¬
701 805 1197 863 tinua, scilicet puncta, ex quibus sit conti
699 861 1191 911 nuu. & iste sermo sequitur in om¬
692 893 1195 954 ni indiuisibili. Sed impossibile est
711 941 1195 1004 vt puncta sint continua ex puctis.
699 989 1197 1048 Et contiguatio fit, aut ita, quod
696 1035 1195 1097 aliquid contiguetur secundum to¬
698 1081 1196 1129 tum, aut aliqua pars eius contigue
692 1124 1192 1186 tur cum aliqua parte alterius, aut
699 1172 1193 1236 aliqua pars cum toto. Et, quia indi¬
695 1220 1187 1278 uisibile non habet partem, sequitur
708 1277 1189 1314 vt contiguetur secundum totum.
701 1313 1189 1376 &, cum aliquod totum contigua¬
699 1359 1198 1418 bitur cum aliquo toto, non fiet ex
701 1405 1199 1461 hoc continuum. quoniam continuu
695 1452 1191 1498 habet partes diuersas adiuuicem,
696 1498 1188 1560 & diuiditur in huiusmodi partes,
702 1543 1199 1603 & segregatas in loco. Et impossi¬
701 1589 1191 1650 bile est etiam vt punctus sequatur
698 1636 1190 1695 punctum, aut instans instans ita,
695 1685 1199 1738 quod ex eis fsiat longitudo, & tem
699 1729 1197 1786 pus. consequentia enim sunt illa, inter
695 1773 1199 1834 quae nihil est vnigeneum. & inter.
