1416 2066
198 181 706 230 Separatio enim & congregatio, &c. i. Em
211 217 711 263 pedocles enim ponit motum localem
210 251 707 304 priorem caeteris motibus, eo quod separa
217 300 711 330 tio, quam dixit fecisse litem, & congre
210 333 715 378 gatio, quam dixit fecisse amicitiam, in
210 368 708 415 onatione mundi, & eius corruptione
210 395 708 456 sunt scilicet motus locales. Similiter Anaxago
214 449 707 484 ras dixit motum localem priorem esse omni
215 480 715 522 bus motibus. dixit enim intellectum in
215 517 705 567 coepisse discernere partes consiles, qui
212 557 704 595 sunt iuxta suam opinionem elemen
215 594 703 634 ta, & extrahere illa a mixto: discre
221 631 709 674 tio autem est separatio, separatio autem
216 672 711 707 motus localis. D.dixit: Similiter autem se
213 709 715 757 hiiunt, qui non concedunt, &c. i. similiter se ha
224 749 707 798 bent negantes causam agentem incipi
220 781 707 835 entem gnerare mundum, & innuit De¬
218 821 715 867 mocritum: & alios. Democritus enim
216 868 713 907 opinabatur elementa, quae dicebat cor¬
218 898 711 945 pora atoma esse, & infinita, per se mo
219 936 705 986 ueri per vacuum, in quo sunt, quibus
210 973 713 1018 inuolutis generabatur ens. sic eroo dicitu
216 1005 714 1062 motum localem priorem esse aliis. D.d. il
218 1053 712 1089 li. enim dicunt naturam moueri localeictu i. &
214 1092 708 1141 si isti non dicunt causam agentem, quae aliquand
219 1129 712 1178 incoepit mouere elementa mundi,
221 1172 709 1219 aut partes eius ad generationem, ponunt
220 1204 712 1256 tamen has partes prius moueri, eo quod sunt
218 1244 717 1293 in vacuo. quod autem mouetueo, quod est
213 1285 706 1322 in vacuo, mouetur locali. D.dixit: im
214 1321 712 1368 possibile enim est quod aliquis aliorum motuum
216 1362 705 1402 sit in primo. i. hoc autem dicunt eo,
215 1404 713 1444 quod nullus motus praeter localem pot
216 1439 710 1480 numerari in motibus primis, sed inhis,
210 1478 712 1514 d a primis gnerantur. DL. notificanit
216 1513 710 1562 quomo isti, scilicet secta Democriti, redu
210 1550 701 1602 cunt omnes motus ad localem, qui est pri
217 1588 705 1642 mus, & dixit: dicunt enim augmentum
214 1628 708 1678 &c. i. dicunt enim augmentum, & dimi¬
213 1667 707 1706 nutionem, & alterationem accidere
214 1706 702 1755 rebus ex compositione atomorum, quc
216 1741 708 1795 fit per congregationem, & separatio¬
215 1778 707 1817 nem. i. vt m:thi viversali quod illi opinantur hoc
216 1814 711 1858 fieri, sequentes amplitudinem fora¬
743 173 1235 226 minum, & stricturam. amplitudo au¬
738 221 1237 258 tem, & strictura est separatio, & con
738 252 1234 302 gregatio. D.dixit: Et similiter qui dicunt
738 288 1231 337 ganeoationem, & corruptionem fieri ex
744 318 1231 374 spissitudine, & raritate. i. & similiter qui
740 365 1233 410 dicunt elementum esse vnum aliquid
740 405 1231 451 corporum simplicium, aut aliquod
740 440 1233 478 medium inter illa, & faciunt hoc ex
747 478 1227 522 hoc omnia alia gnenari secundum spissitudinem
742 516 1245 554 & raritatem, dicunt etiam motum localem
744 557 1247 603 priorem esse caeteris motibus. densari enim &
751 592 1237 634 arificari sunt motus locales. & hoc
746 631 1238 674 est, quod voluit dicens: haec enim ordinant
744 669 1241 722 in congrenatione, & separatione. comi
744 697 1237 755 locant enim densitatem, & raritatem in gnee
740 746 1237 792 congregationis, & segregationis, & se
742 781 1236 832 parationis. D.dixit: Et similiter alii facien
743 824 1243 878 tes animam, &c. i. & similiter qui dicunt pri¬
742 860 1242 899 cipium motuum esse animam, & opinati
747 897 1243 938 sunt animam seipsam mouere, dicunt
738 939 1240 986 primum motuum esse localem. & inuit
750 973 1238 1022 vt vnidetseli Platonem. I. qui opinabatur
747 1013 1233 1064 principium motuum esse animam, & ip¬
740 1053 1239 1104 sam seipsam mouere. & ideo dixit: anima
745 1091 1241 1139 lia aute, & quicquid habet animam, mo¬
741 1127 1239 1176 uent se motu locali. Et, cum dixit quod
743 1165 1240 1215 omnes Antiqui conueniunt in hoc, quod mo
738 1207 1237 1251 tus localis est primus motuum, & si
742 1246 1243 1282 differunt in modo, deinde innuit rationem,
740 1284 1239 1330 dialecticam, quae iuuat in hoc, quod ipse est
748 1321 1238 1366 primus motuum scilicet quod motus localis est
744 1360 1225 1410 hotior omnibus motibus, dixit: Amplius
739 1397 1239 1449 si dixeris aliquid moueri, &c. i. am¬
750 1436 1235 1475 plius ex hoc noie simpeiricitur motus non
741 1476 1237 1525 intelligitur, nisi motus localis, cum
741 1510 1235 1556 hoc nomen motus dicatur de mo¬
741 1549 1236 1599 tu locali, &de aliis secundum prius, & poste
739 1589 1235 1635 rius, & simpeircitur, & secundum determinatio¬
737 1622 1239 1666 nem. Horum autem: de quibus nomen
742 1662 1233 1713 dicitur secundum prius, & posterius, & simperciter,
739 1701 1237 1750 & secundum determinationem, illem, dae quo
741 1741 1227 1791 dicitur prius, est cam eius, de quo dicitur poste¬
741 1777 1233 1818 tius. Iodo dixit, quiescens autem ab hoc
730 1818 1229 1859 motu, &c. i. & nomen motus ab eo,
