1416 2066
207 181 721 227 At vero neque quiescere. Quie
221 221 723 270 scere. enim dicebamus id, quod ap¬
215 271 727 306 tum est natura moueri, & non
210 309 718 346 mouetur, quando aptum natu¬
214 343 723 389 ra est, & vbi, & quo pacto. qua
214 385 722 426 re, quoniam in ipso nunc nihil
214 429 712 466 aptum est natura moueri, mani
219 463 666 506 festum est, quod neque quiescere.
265 502 719 562 Neque, autem est possibile quie¬
218 549 722 610 scere. Quoniam iam diximus, quod
216 597 717 655 quies non dicitur nisi in eo, quod in
219 653 719 699 natum est moueri. cum non moue¬
222 685 713 747 tur, quando innatum est moueri,
232 733 716 790 & quo innatum est moueri, et quo
220 780 711 841 est. quia igitur impossibile est ali¬
219 827 726 882 quid innatum esse moueri in insta
223 873 715 935 ti, manifestum est quod nihil om¬
220 919 690 976 nino est innatum quiescere in eo.
269 964 713 1016 Cum declarauit quod inpossibile est mo¬
222 1004 718 1043 tum fieri in instanti, vult declarare
226 1039 719 1090 quod similiter est in quiete. & posuit a quod
231 1075 711 1131 quiescens non dicitur quiescere, ni¬
231 1114 715 1154 si quando secundum suam naturam, & lo
226 1157 721 1194 cum, & tempus fuerit innatum mo
235 1196 715 1226 ieri, & non mouetur. Et hoc inten¬
233 1224 718 1266 debat, cum dixit: Quoniam iam di
233 1262 724 1313 timus quod quies. &c & intendebat, cum
229 1300 710 1338 dixit in eo, quod innatum est mo
235 1336 721 1379 ueri, in eo, quod habet naturam re¬
228 1373 717 1423 cipiendi motum. Et, cum dixit quando,
230 1412 714 1450 intendit in tempore, in quo innatum
231 1447 720 1491 est moueri. Et, cum dixit & in quo
226 1483 713 1522 inuatum est, intendit & ad locum,
231 1532 719 1562 quo innatum est moueri. Et, cum
233 1559 719 1602 d, secundum quem innatum est. intendit, &
228 1605 712 1644 cum fuerit in ea disponne, qua inna
236 1633 712 1683 tum est moueri. Et, cum posuit quid
230 1669 723 1711 quiescens est illud, quod innatum
234 1707 719 1747 est moueri in tempore, in quo est
230 1745 716 1794 innatum, & ad locum, in quo est in
226 1780 721 1835 uatum, & similiter in aliis disponibus, di¬
756 172 1229 231 xit: quia igitur impossibile est, &c.
755 214 1247 258 Et consecutio istius sermonis est
753 260 1249 305 manifesta. quoniam, quia quiescens non
755 289 1245 341 quiescit, nisi in tempore, in quo in¬
748 339 1258 370 natum est moueri: & instans non est
755 366 1249 417 tempus, in quo potest aliquid mo¬
758 405 1251 451 ueri: concluditur in secunda figura,
755 439 1247 496 quod tempus, in quo aliquid quie¬
746 478 1035 523 scit, non est instans.
790 539 1254 586 Amplius, si idem nunc in vtris
748 584 1250 635 que temporibus est, contingit
748 623 1251 666 autem in hoc quidem moueri:
750 661 1245 706 in illo autem quiescere toto, id
748 709 1247 759 autem, quod in toto mouetur,
746 742 1239 786 tempore, in quouis mouebitur
755 788 1242 834 eorum, quae huius sunt, secundum quod
751 829 1244 867 aptum est natura moueri, & que
751 862 1245 906 scens similiter quiescet, accidet
746 908 1240 946 idem simul quiescere, & moue¬
754 956 1238 986 ri: idem. enim vltimunt tempo¬
746 996 1243 1027 rum vtrorumque ipsum nunc est.
749 1031 1238 1074 Amplius autem quiescere qui¬
744 1069 1248 1114 dem dicimus id, quod similiter
751 1109 1245 1157 se habet & ipsum, & partes nunc
749 1149 1245 1186 & prius: in ipso autem nunc non
754 1188 1249 1234 est prius: quare neque quiescere.
746 1226 1241 1275 Necesse est ergo & moueri id,
755 1267 1258 1316 quod mouetur in tempore, &
751 1309 1178 1363 quiescere id, quod quiescit.
797 1357 1243 1413 Et etiam, si instans est idem in
754 1405 1236 1466 vtroque, tempore & est possibile
754 1452 1238 1499 vt secundum aliquid totum mouea
752 1501 1237 1554 tar in altero, & quiescat, et illud,
748 1545 1241 1602 quod mouetur secundum eotum in
752 1588 1238 1650 aliquo tempore, mouetur in quoli
748 1636 1246 1682 bet loco demornrato locorum, in
755 1685 1237 1745 quibus ins. icum est vt motus siat,
747 1740 1248 1787 & quod quiescit, similiter quiescit
751 1777 1247 1834 in illo modo, sequitur necessario vt
