1416 2066
188 190 686 234 stantia sint in corporibus. moue
199 221 701 279 ri namque videntur habentia, & flue
194 261 696 310 re. Si igitur eadem, & vna sit mane,
197 301 693 346 & nunc sanitas, cur non etiam, cum
199 341 697 386 intermissa acceperit iterum sanita
199 388 695 426 tem, & haec, & illa vna nunero erit¬
248 424 695 485 Et est etiam quaestio similis isti:
210 469 688 514 vtrum sanitas est eadem, & vniue
199 511 690 575 saliter vtru formae, et passioes Sui
196 565 689 610 m corporibus in suis substatus, quo
194 609 689 675 nia nos inuenimus illud, quod ha¬
200 656 691 706 bent ex hoc in eis: du mouetur et siu
188 705 691 763 unt. Si igitur sanitas, quae fuit in
193 748 687 810 mane, & quae est nunc, est eadem,
194 796 690 859 quare sanitas quae fuit, & destrui
201 843 691 890 tur, & post reuertitur, illa & ista
197 889 598 939 non sunt eadem in numeros
219 932 696 987 Quia quaestio praedicta fundatur
203 972 687 1019 super hoc scilicet vtrum veneratum, postque
199 1000 695 1051 corrumpitur, sit idem in numero cu
201 1045 697 1089 corrupto. & fuit positum quod, si fuerit
199 1085 690 1135 idem in numero, continget vt motus, qui
203 1122 696 1162 fuit Soc. hodie, & qui fuit heri, sint
188 1159 695 1202 idem in numero, &, si posuerimus quod est
202 1205 689 1247 aliud, continget vt non sit vt vnus mo
207 1236 684 1280 tus in numero, incoepit dicere quod ta¬
203 1269 681 1322 lis quod accidit in formis quiescentibus
208 1308 693 1353 quia sunt in transmutato, & dixit: Et
202 1355 697 1386 est quod, &c. i. & est quaestio similis
203 1389 686 1427 qodoni dictae de motu vno in nume¬
202 1428 680 1471 ro, & de formis, & vniversaliter de passionib
204 1459 690 1510 qua sunt in corporibus, quae sunt in suis
206 1495 689 1538 lubstantiis, vtrum sint eaedem. dum cor
206 1534 691 1581 pus fuerit idem, aut non sunt eaedem, si
207 1576 681 1621 corpus deferens non fuerit idem scilicet mul
202 1614 695 1651 tiplicatae secundum multiplicationem cor¬
198 1647 684 1691 porum, aut quomodo est. nos enim vi¬
206 1692 690 1723 demus hanc formam existentem in
206 1722 699 1762 corporibus, & corpus moueri, idest
208 1764 692 1809 transmutari, & fluere semper. vnde
204 1794 697 1850 necesse est, vt ita sit in formis, quae
723 180 1227 230 sunt in istis corporibus, cum sint in
729 218 1223 266 substantia corporum transmutabilium,
732 255 1227 306 si igitur sanitas, quae fuit hodie So¬
729 294 1225 342 cra. & quae fuit heri sit eadem in nu
723 330 1219 378 mero, necesse est vt sanitas eius quae
725 367 1225 410 est, deinde destruitur, deinde reuer¬
724 407 1224 446 titur, sit eadem in numero. &, si hoc
727 444 1227 482 est inopinabile, necesse est vt non sit
722 482 1225 529 hic eadem forma in numero. Dein
724 518 1220 560 de dicit, vtrum sanitas est eadem. i.
726 556 1219 595 in numero scilicet quae fuit heri in Socr¬
728 596 1219 634 & quae est hodie. D.d. & vniversaliter, &c. i. &
724 631 1222 681 haec perscrutatio vniversaliter fundatur super
723 668 1223 720 hoc scilicet vtrum formae, & passiones exi¬
724 706 1216 755 stant in substantia corporum. quoniam, si
723 743 1223 786 ita fuerit. necesse est vt illud, quod
724 782 1225 829 inuenitur in corporibus motis, &
719 819 1219 859 Quentibus, moueatur, & fluat. viide
726 858 1217 898 sequitur vt formae moueantur, & fiu
721 901 1218 939 ant. &, si formae fiuunt, & sunt eaedem
723 936 1223 982 in numero, necesse est vt forma, quae
723 970 1215 1011 fuit heri, deiude reuertitur hodie,
728 1007 1218 1050 postquam corrumpitur, sit eadem
722 1045 1217 1094 in numero. & hoc contingit in eo¬
722 1081 1215 1124 dem motu, quoniam dictum est quod
724 1116 1225 1155 necesse est vt subiectum eius sit idem
725 1157 1225 1203 numero. si igitur non est haec eadem
722 1193 1219 1243 forma in numero. ergo neque idem
716 1236 961 1266 motus numero.
761 1268 1217 1314 Eadem enim ratio erit. verum
726 1308 1219 1354 tantum interest, quod, si duo
725 1347 1215 1393 idem hoc sunt, sicut numero vnus
727 1389 1220 1434 & habitus esse necesse est. vnus
723 1433 1227 1473 enim numero actus vnius numero
723 1471 1222 1511 est. Si vero habitus vnus est, fortas¬
719 1509 1221 1554 sis alicui non videbitur vnus & actus
726 1549 1216 1594 esse. cum enim cessauerit ambulas non
725 1597 1223 1635 amplius est ambulatio: rursus
724 1632 1223 1682 autem ambulante erit. Si igitur v¬
723 1672 1223 1722 nus, & idem est, continget vnum,
720 1712 1226 1754 & idem & corrumpi, & esse sae¬
728 1753 1224 1802 pe. Hae igitur dubitationes extra
728 1797 1228 1844 praesentem sunt consyderationem,
