1416 2066
186 171 687 209 pns: licet hanc rationem participent secun¬
185 201 692 233 dum prius & posterius, vt dicit Com. in com. &
186 231 691 266 ideo non oportet tempus multiplicari ad
184 269 695 300 niultiplicationem motuum. quia tempus,
188 296 696 330 vt comparatur ad omnes motus in ratione
189 332 689 363 numeri numerantis, est vnum, licet res nu¬
184 359 684 394 teratae secundum materiam sint plures
186 391 692 425 sed vt veniunt, in propinquam rationem, qua
183 423 693 458 numerantur, aut numerari possunt, reducum
189 453 695 490 tur ad vnitatem, sicut dictum est. Et secundum
189 484 695 522 istam solutionem verificatur dictum Ale¬
195 516 693 551 xandri asserentis numerum non esse in re¬
195 554 690 589 bus numaeratis, sed in anima: intelligitur. enim
190 579 694 610 de numero numerante in actu. Et simili¬
186 612 698 642 ter verificatur dictum Boethi asserentis men
187 645 695 682 suram & numerum amatura non esse, quia
190 676 687 707 auod numerare & mensurate animae no
188 703 699 738 strae est opus & functio propria, verum est
189 738 699 770 de numero numerante in actu, quando ani¬
192 772 691 802 ma per ipsum tanquam per instrumentum
186 799 693 834 facit illam actionem: non autem veritatem
188 830 690 865 habetpro numero nuterabili, quod est res
187 861 692 898 numerata, quia ille bene est extra naturam.
193 899 687 936 nam numerus quinarius digitorum ma¬
194 930 693 959 nus meae, habet esse extra animam. Et sic
190 955 696 994 intelligitur dictum Auerro. in quarto phy¬
198 993 694 1025 com: 13t. quod esse numeri non est in anima
187 1018 689 1051 omnibus modis, quia tunc essut ens fictum,
193 1050 693 1084 sicut chimera & hircoceruus: sed habet esse
193 1083 695 1121 extra mentem propter subiectum proprium,
187 1110 691 1158 & tale est esse in potentia: & habet esse in
186 1146 690 1177 anima in actu, quando anima egerit illam
192 1178 687 1210 actionem in subiecto praeparato ad reci¬
186 1210 694 1248 piendum illam actionem. Ex quo sequitur,
196 1245 692 1281 quomodo tempus quodammodo est ens
192 1274 697 1306 naturale & mobile, & quodammodo est
194 1308 693 1338 ens mathematicum & imaginabile. Nam,
191 1341 699 1378 quo ad esse in potentia, quod habet extra
196 1372 691 1402 animam in subiecto proprio, quod est mo¬
186 1396 697 1434 tus, est ens naturale: pro quanto autem ani¬
190 1434 691 1467 ma sumit ipsum in ratione formae numeri,¬
186 1467 696 1504 per quem numerat aliquam partem primi¬
189 1499 697 1530 motus, & per illam mensurat etiam totum
198 1527 689 1562 tempus & motus alios, sic habet esse abstra
196 1558 696 1594 ctum in anima, sicut numerus, quo anima
193 1587 691 1622 numerat decem canes & decem equos. &
191 1621 687 1654 aliter non potest intelligi. dicit enim Ale¬
187 1652 685 1690 xauder, quod abstractio mathematica in
193 1685 688 1722 quampluribus locis deferuit scientiae Natu
188 1720 685 1755 rali. Vnde Aristote. vt supra diximus, isto
191 1746 693 1787 modo manuduxit nos, vt intelligamus idem
193 1776 697 1810 esse tempus praesens in omnibus, sicut est
190 1808 686 1842 idem numerus aequalis in diuersis specie¬
186 1841 681 1883 bus numerabilibus. & supra declarans, quo
186 1870 692 1906 modo sit idem instans in toto tempore, de
189 1909 693 1938 clarauit hoc per similitudinem, per quam
727 164 1239 203 Ceometrae dicunt punctum per suifiaxum
724 204 1233 234 causare lineam, & vt diximus, cum tempus
718 234 1233 270 sit mensura motus, non potest imaginari,
717 265 1235 298 nisi pro quanto comparatur: ad quantita¬
723 296 1233 330 tem motus, quae ffuit secundum dimensionem li¬
722 328 1229 368 neae. etenim non mensurat motum, quo ad
729 359 1233 402 partes, quas habet simul, sed quo ad partes,
724 390 1229 426 quae in successione longitudinali consistunt
723 421 1239 458 & imaginantur. aliter enim non potest in
725 454 1233 490 telligi. Et sic habes, quomodo in definitioe
730 493 1237 522 temporis cadit motus. quia cadit ex. parte,
727 525 1224 555 qua est ens extra animam naturale & mo¬
721 549 1228 585 bile in potentia propter subiectum eius, li¬
723 581 1229 618 cet forma eius in actu, dum anima facit il¬
726 612 1229 650 lam actualem actionem sit in anima nu¬
731 646 1229 674 merante. & sic patet. quomodo cessante ani¬
725 676 1233 706 ma in ratione numerantis in actu, tempus
725 704 1227 737 non esset in actu, sed solum esset in poten¬
727 737 1239 779 tia propter subiectum propinquum, quod
726 772 1239 811 aptum est recipere illam actionem. Sed quid
726 800 1227 832 si per imaginationem desineret anima, quo
722 833 1229 871 ad rationem numerantis in actu & in apti
724 864 1228 898 tudine, an aliquo modo esset tempus? Dico¬
726 894 1229 938 quod non, quia forma temporis cum consi
727 932 1231 967 stat in hoc, quod est numerus motus: nume
727 964 1234 995 rus autem, in eo quod numerus est, alter
726 989 1229 1026 est numeratus, & alter est numerabilis, vter
730 1022 1228 1062 que suo modo dicitur relatiue ad animam.
732 1053 1228 1086 iuia numerus numeratus in actu dicitur,
723 1090 1225 1123 dependere ab anima numerante in actu, &
726 1118 1232 1157 numerus numerabilis in potentia depen¬
723 1149 1228 1186 det ab anima numerante in potentia, vt pa
725 1188 1229 1219 ter in tex. com. 133. Sic enim foluitur argu¬
720 1212 1230 1246 mentum Boethi contra Arist. vt dicit Alex.
729 1244 1225 1274 & Themist. in illo loco. Et sic soluitur obie¬
725 1272 1231 1306 ctio Themistil dubitantis quomodo potest
723 1306 1227 1338 idem nunc esse in pluribus motibus, acci¬
727 1335 1225 1370 leret enim vnum & idem accidens esse in
727 1368 1221 1402 pluribus subiectis. & ita vnum & idem de¬
726 1405 1226 1442 hisceret in plura, & per consequens non re¬
722 1436 1229 1466 maneret vnum. patet enim quod tempus
726 1463 1227 1508 praesens, quod est passio quedam motus, seu
727 1495 1227 1530 accidens non est in pluribus, sicut albedo,
718 1525 1224 1562 & nigredo. quia per informationem & actua
721 1558 1221 1593 lem inhaerentiam vnum accidens impossi¬
719 1591 1227 1626 bile est esse in pluribus subiectis non com¬
719 1619 1227 1653 municantibus. sed dico quod esse tempo¬
727 1653 1229 1690 is vt sumitur vt habet esse in actu, in ratio
717 1682 1227 1721 ne, qua est numerus numerans actu, est vnum
720 1717 1224 1745 in actu: &, si sumatur, vt est numerus nume
724 1749 1227 1779 rans potentia, etiam est vnum in poten¬
725 1776 1229 1816 tia, & sic habet esse in anima numerante,
724 1809 1222 1852 vel actu, vel potentia, proportionabiliter
724 1845 1229 1874 tamen numerus pro rebus nunmeratis est
716 1876 1220 1906 multiplicatus sicut sunt res numeratae. Et
718 1903 1223 1946 ideo animaduerte bene, & consydera quod
