1416 2066
181 173 679 243 .g. quod baculus mouet lapidem.
192 227 687 274 et mouetur a manu, et manus ab
195 268 670 315 homine, homo autem non moue.
191 317 685 362 tur ab alio. Et nos dicimus in om¬
195 365 686 426 nibus eis mouere, scilicet in primo, et po¬
194 413 688 475 stremo, sed primum est dignius.,
198 468 666 514 ipsum enim mouet postremum
202 505 678 562 & non postremum primum. po¬
192 557 683 613 stremum igitur non mouet sine
193 602 682 658 primo, primum vero mouet sine
201 644 687 706 postremo. verbi gratia, quod ba¬
197 692 691 738 culus non mouet, si manus non
194 748 322 788 mouerit
236 779 682 826 Existimatur quod capitulum pdictum
200 822 680 866 ante proximum intendit quod Arist. in¬
194 868 693 910 tendit per ipsum, quod omne motum habet
200 907 682 939 motorem. & ideo dimisit Themist. de
194 938 685 978 clarationem eius, quae est in principio
201 973 680 1011 Septimi, & contentus est in hac de¬
198 1011 685 1062 claratione hic. & opinatus est eam esse
198 1047 688 1100 magis certam quae primam: cum illa, quae
200 1086 687 1130 illic est, signum, ista autem existimatur esse
196 1124 687 1175 inductio. Et videtur quod inductio non
194 1163 680 1214 sufficit in hoc: & maxime apud po¬
198 1196 690 1242 nentes hic esse aliquid, quid mouet se, si
203 1238 687 1288 cut ponit Plato. Et videtur mihi quod ipse in¬
199 1277 683 1314 tendit per hanc declarationem hic dif¬
203 1316 675 1362 soluere quodnem accidentem in propone,
199 1354 678 1394 dicente quod omne motum habet mo
194 1388 682 1434 torem ex motis simplicibus. ista enim ap
197 1432 683 1476 parent moueri per se, cum fuerint ex¬
199 1464 681 1501 tra sua loca naturalia, & sunt sim¬
198 1508 681 1546 plicia non diuisibilia, scilicet quod motor in
190 1541 683 1589 eis est ipsum motum. ista igitur, quia
196 1576 675 1626 faciunt dubitare in hac quodne, secundum quod
195 1613 683 1663 Arist. d. in principio Septimi, ideo in¬
191 1655 671 1698 coepit illic demonstrare hac propo¬
193 1693 673 1737 nem scilicet quod omne motum habet moto¬
192 1728 668 1772 rem, sed non dissoluit illic quodnem acci
189 1764 674 1811 dentem in eis ex his simplicibus. in
189 1798 677 1850 hoc autem loco dissoluit illam quodnem,
718 180 1201 229 & declarauit quod ista mouentur ab ex¬
714 216 1207 267 triuseco, & quod non mouentur ex se, ni¬
714 254 1207 304 si per accidens: & sic compleuit sermo¬
709 299 1211 342 nem suum in hoc, quod omne motum mouet
717 333 1207 370 ab aliquo. & ipse post perfecte perscru¬
717 370 1205 418 tabitur de hoc scilicet declarando quod im¬
727 406 1198 456 ossibile est vt aliquid moueat se. Et, di
718 445 1200 482 Et, cum omnia, &c. i. &, cum declaratum
715 485 1205 522 sit, quod cum omne motum aut mouetur vio¬
715 521 1197 562 lente, aut naturaliter: & illa, quae mouen
718 559 1200 602 tur naturaliter, aut mouentur ex se, scilicet
715 598 1209 647 habentia animas, aut erunt corpora gra
719 637 1213 682 uia & leuia, & iam apparuit in istis tri¬
719 671 1214 722 bus modis ipsa moueri ab aliquo
716 708 1201 761 alio: illa autem, quae mouentur violente.
718 748 1210 787 & grauia & leuia mouentur a moto¬
716 785 1211 826 re extrinseco, animalia autem mouen¬
718 828 1203 860 tur a motore existente in eis: eroo ne
721 850 1207 898 cesse est vt omne motum moueatur ab ali¬
723 898 1205 946 quo alio. Et intendebat quod ista pro¬
728 934 1209 978 od declarata est hic perfecte, cum quod,
714 972 1209 1024 quae accidit in ea ex corporibus gra
721 1013 1205 1058 uibus, & leuibus, sit dissoluta: & de¬
714 1053 1207 1100 mtro facta sit de ipsa in principio Se¬
722 1085 1210 1136 ptimi: non, quia inductio, qua vtitur
715 1125 1205 1163 hic, sit sufficiens in hoc, inductio enim
711 1164 1197 1214 in qua non percipitur quod pdicatio est es
715 1200 1199 1242 sentialis, non dat certitudinem natu¬
712 1237 1195 1288 ralem, licet inducantur in ea omnia parti¬
712 1276 1205 1322 cularia. Et, cum verificauit hanc pro¬
718 1316 1197 1362 ponem, & est, quod omne motum mouetur ab
711 1349 1195 1394 alio, incoepit declarare quod illa, quae mo¬
714 1390 1203 1437 uentur in loco, seducuntur ad aliquid mo
712 1428 1179 1466 tum ex se, & d. Et hoc duobus modis
710 1468 1200 1506 &c. i. &, cum declaratum sit quod omne motum
710 1502 1193 1547 habet motorem, & est manifestum quod
713 1541 1193 1586 motores sunt duobus modis, aut quod
707 1577 1203 1619 motor mouet motum, quia aliud ex¬
712 1621 1197 1658 trisecum mouet ipsum, aut quia nio¬
709 1653 1201 1693 tor mouet, non, quia aliud mouet ip
707 1688 1201 1740 sum, & ista propo est manifesta per
708 1727 1193 1770 se, deinde induxit aliam proponem,
714 1764 1203 1802 & d. Et iste motor, &cae. i. & omnis
708 1801 1201 1843 motor aut erit primus motor, quia
