1416 2066
159 176 667 243 augetur, aut augmentum eius non
162 228 667 290 fiet per corpus, aut duo corpora com
166 275 660 338 gregantur in loco. ipsi icitur per
167 324 675 378 hoc, quod dicunt, non deciarant va
169 372 665 434 cuum esse, sed quaerunt dissoluere
170 420 660 484 questionem communem nobis, &
178 469 675 531 illis. & oportet etiam ut corpus su
186 528 665 583 vacuum, cum totum augetur, &
171 568 673 618 augmentum sit mediante vacuo.
174 613 651 667 & hoc idem dicimus de cinere.
180 684 676 740 Cum declarauit quod non sequitur,
178 724 674 770 si motus sit, vt vacuum sit, vt probam
159 763 677 803 tes vacuum esse existimauerunt, in¬
178 807 669 856 coepit etiam declarare quod neque etiam
180 846 669 898 sequitur ex densitate, & raritate, neque
183 887 676 938 ex augmento, & dixit. Et possibile est
179 921 675 971 etiam corpus condensari non ad va¬
180 961 671 1011 cuum, i. & possibile est existimari quod
186 1009 674 1049 corpora condensentur sine eo, quod va
181 1039 673 1080 cuum sit impositum in ipso. & hoc
180 1079 671 1121 intelligitur vt a corpore contradensa
178 1118 671 1170 to dissoluantur quaedam partes, &
186 1164 671 1207 exeunt ab eo: & sic constringuntur
182 1197 672 1246 partes residuae ad loca illarum par¬
185 1237 675 1286 tium: & sic corpus fiet minoris quam
179 1273 670 1325 titatis absque eo, quod imaginetur quod in¬
180 1310 665 1354 ter partes eius sunt foramina vacua
175 1351 670 1404 ad quae constringuntur partes eius
184 1389 673 1445 apud desitatem. v. g. quod, quando aqua
181 1436 672 1474 exprimitur, reuertitur in minorem
186 1475 667 1517 quantitatem: quia partes aereae mis
185 1516 674 1547 tae cum ea dissoluuntur ab ea. & similiter in
186 1549 675 1600 lana, & filtro. & possibile est quod den¬
188 1589 670 1642 sitas accidat non propter exitum par¬
185 1635 666 1675 tium, sed ex alteratione tantum,
187 1665 664 1718 quando corpus maioris quantita
188 1701 668 1755 tis transfertur in minorem quanti¬
189 1743 674 1786 tatem. & similiter possibile etiam
186 1783 674 1833 est, vt magnitudo eius crescat absque
187 1821 679 1874 eo, quod admisceatur ei aliquid extrin
179 1861 677 1915 secum: vt aqua, quae transmutatur
691 171 1193 219 in aerem. & hoc intendebat cum di¬
694 217 1189 269 xit Et possibile est corpus augeri,
695 260 1195 306 &, quia hoc dicitur augmentum tran
693 299 1189 348 sumptiue: augmentum enim in rei
706 333 1194 378 veritate non est nisi in animato, &
702 375 1186 427 per aliquod extrinsecum: & decla¬
705 421 1193 465 rare quomodo sit augmentum ve¬
709 454 1195 498 rum manifestum impertinens est
703 490 1205 545 hic, incoepit declarare quod questio de
707 529 1198 582 augmento non dissoluitur ex posi¬
707 570 1205 618 tione vacui: sed remanet super illos,
706 609 1206 650 sicut remanet in hoc loco super nos,
706 652 1212 690 & dixit Et vniuersaliter, &c. i. & vni
710 684 1208 737 uersaliter questio de augmento, &
711 725 1203 778 de aqua, quae funditur in ciuere, re¬
712 773 1210 818 manet, licet ponatur vacuum. con¬
708 812 1211 855 tinget enim, si corpus augetur per
703 842 1203 890 introitum alterius corporis in ipsum,
708 881 1203 922 & augmentum est in omnibus par
702 922 1198 970 tibus augmentabilis per introitum
699 960 1203 1008 alicuius extrinseci, quod non possi¬
704 1005 1205 1052 mus dicere quod omnes partes corpo¬
696 1037 1197 1082 ris sunt vacuum. quoniam, si ita esset, not
698 1085 1203 1129 esset illic corporeitas omnino. ergo
708 1123 1203 1167 questio remanet supra illos, sicut su
706 1155 1205 1202 per nos. sumus igitur inter tria. quoniam
701 1192 1199 1246 augmentum aut itegabimus esse: aut
700 1231 1203 1283 negabimus ipsum fieri per addita¬
708 1269 1201 1314 mentum corporis extrinfeci, aut, si
709 1307 1194 1362 concesserimus, habebimus pro pos¬
702 1351 1201 1403 sibili corpus penetrare corpus, D.d.
708 1389 1207 1442 ipsi igitur per hoc, quod dicunt, &c.
705 1429 1204 1482 i. & maximum, quod faciunt, est quae
707 1477 1199 1520 rere a nobis dare causam augmen¬
704 1508 1207 1559 ti non aliud, quoniam, cum declarauimus quod
711 1549 1203 1597 vacuum non sufficit in dado causam aug
706 1589 1200 1638 menti, oportet nos dare causam illius. De
700 1624 1207 1671 inde notificauit quomodo remanet super
700 1676 1201 1718 eos, & dixit & oportet etiam vt totum
701 1703 1203 1746 corpus, &c. i. & necesse est vt totum cor¬
710 1745 1204 1795 pus sit vacuum, si posuerimus ipsum au¬
701 1789 1205 1835 geri per omnes partes: & augmentum sit per
702 1826 1209 1866 introitum partium corporis, quid est ex ex
707 1864 1206 1922 tiinseco in locis vacuis augmentati:
