1416 2066
202 180 704 232 merus motus scilicet sed secundum prius, & po¬
220 223 703 267 sterius est numerus motus, i. nume
214 261 700 312 rat motum per suas partes priores,
218 296 709 351 & posteriores, secundum quod sunt prio
218 338 714 378 res, & posteriores, non secundum quod sunt in
228 376 705 418 simul. Dixit Alexan. & non est in¬
228 416 715 470 telligendum ex hoc, quod dixit in de
220 453 711 498 finitione temporis, quod est numerus
224 492 716 544 motus secundum prius, & posterius ex hoc,
226 534 718 586 quod tempus numerat motum: sed debet
226 573 713 625 intelligi ex hoc, quod tempus est nume
221 613 713 650 rus prioris, & posterioris, existentium
226 648 714 690 in motu. & in libro Ale. non est nume
227 688 715 730 rare nonerum motus, sed nunerus motus.
226 732 714 770 definitio igitur, in qua non est dubitatio,
223 768 702 810 est dicere, quod tpens est numeratum prio
225 806 717 859 ris, & posterioris, exuntium in motu.
263 853 715 912 Signum autem est. plus enim,
230 893 716 938 & minus discernimus numero:
222 940 715 986 motum autem plurem, & mino¬
227 988 718 1032 rem tempore: Numerus itaque
225 1022 715 1072 quidam tempus est. Quoniam
219 1068 715 1107 autem numerus est duplexsete¬
222 1117 711 1151 nim quod numeratur, ac nume
220 1157 716 1203 rabile numerum dicimus, & quo
224 1190 713 1234 numeramus: 7tempus autem est
223 1228 710 1277 quod numeratur, f & non quo
225 1277 719 1322 nueramus. &est autem alterum quo
226 1317 715 1362 numeramus, & quod numerat.
266 1356 713 1419 Et signu eius est hoc, quod nar¬
218 1405 711 1467 rabo. quoniam nos determinamus
220 1460 705 1517 per numerum magis, & minus.
216 1501 708 1562 & per tempus determinamus mo
222 1557 711 1618 tum magis, & minus: tempus igi
218 1596 710 1659 tur est aliquis Numerus. Et, cum
223 1644 705 1691 numerus est duobus modis: dici¬
220 1692 708 1754 mus enim numerum illud, quod nume
218 1741 707 1795 ratur, & numeratum, & illud,
218 1788 709 1850 per quod nueratur: tempus est illud,
214 1836 713 1899 quod nueratur, non illud, per quod
730 177 1250 227 numeratur. et illud, quod nume¬
739 229 1231 291 ratur, est aliud ab illo, per quod
733 293 923 330 numeratur.
775 339 1231 390 Cum posuit quod genus temporis est
744 380 1235 431 numerus motus, dedit signum de
743 416 1233 458 hoc, hoc modo. Per tempus determi¬
742 461 1233 499 natur magis, & minus ex motu: &
741 501 1230 538 omne, per quod determinatur ma¬
738 533 1232 583 gis, & minus ex aliquo, est nume¬
741 573 1235 622 rus illius: ergo tempus est nume¬
738 613 1231 651 rus eius, per quod determinatur.
750 648 1231 702 lei nde coniungit huic, quod tem¬
751 693 1237 738 pus determinatur per prius, & po¬
743 726 1233 778 sterius motus: ergo in teitia figu¬
740 767 1230 810 ra tempus est numerus motus secundum
749 812 1233 854 prius, & posterius, propter conuer¬
743 850 1233 882 sionem affirmatiuae in eo vniuersalis.
743 882 1231 930 & est necesse vt illud, per quod de¬
743 928 1231 962 terminatur magis, & minus ex ali¬
744 957 1237 1004 quo, sit aliquis numerus. quoniam illud,
751 997 1237 1049 per quod determinatur magis, & mi¬
744 1037 1235 1091 nus simpliciter est numerus simpli
746 1077 1239 1129 citer, quoniam, si illud, quod est calidum
742 1116 1226 1167 simpliciter, est ignis simpliciter, il¬
738 1153 1233 1205 lud, quod est aliquod calidum, est
743 1193 1230 1241 aliquis ignis. Et, quia omne, per quod
743 1230 1225 1275 numerantur omnia, aut est nume
742 1275 1228 1320 rus simpliciter: & hoc est numerans,
750 1309 1234 1354 non numeratum essentialiter, aut
744 1346 1237 1399 aliquis numerus alicuius generis: &
743 1385 1231 1426 hoc accidit: vt sit numerans quodam
743 1424 1235 1462 modo, & numeratum alio modo:
745 1461 1238 1513 & ista sunt, quae numerantur per vni
744 1500 1233 1546 tates existentes in illo genere, & non
746 1549 1237 1586 per vnitatem simplicem: & tempus est in
745 1577 1243 1631 hoc gnere, scilicet quod est numerans & nune¬
742 1620 1238 1658 ratum: incoepit declarare hoc, & dixit:
746 1654 1237 1698 Et, cum nunerus, &c. i. & cum nunerus est
744 1693 1241 1730 duobus modis scilicet numerans tantum, non nu
745 1732 1244 1770 meratum, & numerans numeratum, &
743 1768 1243 1810 dixit: nos. enim dicimus nunerum, &c. i. &
740 1807 1245 1858 nuerus est duobus modis. Quia nos
737 1852 1239 1890 dicimus numerum illud, per quod nume
