1416 2066
158 165 663 225 tpe illud idem: sed, quia excessus est de¬
171 211 667 263 terminatus, necesse est peruenire ad tpmens
167 247 659 298 determinatum in paruitate, i. quod in mi¬
165 284 660 330 nori illo aliquid non post mouere. Et i¬
166 325 663 373 tendit per hoc, quod d. cconuerso, quod si ma¬
161 360 656 402 ior magnitudo fuerit dupla mino¬
169 403 655 451 ris, erit tpes motionis illius huius me¬
166 436 670 474 dietas, cu communicant quidem reuersim, sed est
163 481 663 515 econuerso. Post d. virtus autem est infi¬
165 518 668 562 nita eo modo, quo numerus. i. potent ia
164 549 657 594 autem, quae in hoc corpe infinito posito,
160 584 656 640 cilicet quod est infinitum, erit infinita, quia ere¬
165 630 656 666 scit per crementum corporis: cum autem ere
161 662 669 707 mentum corporis est infinitum, constat
166 701 669 746 quod & virtus etiam in infinitum est: quare
158 740 658 788 virtus est infinita. D.magnitudo ve
171 776 669 828 ro, &c, haec vero magnitudo est ifini¬
170 813 669 859 ta, cum habeat infiniti diffinitionem, est
173 853 669 904 enim maior omni magnitudie termiata.
209 893 667 938 Est autem & sic demtrare hoc. ac
168 933 663 987 cipiemus enim quandam potentiam,.
170 972 667 1031 eandem genere ei, quae est in infinita
172 1013 668 1057 magnitudine, in magnitudine
166 1058 659 1099 finit a existentem, quae mensurabit eam
172 1103 662 1151 quae in infinita est, finitam poten¬
167 1135 662 1192 tiam. Quod igitur non infini¬
170 1180 673 1227 tam contingit esse potentiam in
166 1221 655 1266 finita magnitudine, neque fini
175 1260 667 1318 tam in infinita ex his palam est.
218 1309 666 1361 Hoc quidem aliter pot declarari
158 1345 664 1406 sic, ponendo quod aliqua potentia
173 1389 662 1454 eiusdem generis illius potetiae, qui est
168 1437 671 1505 Imagnitudine infinita, sit in pote
171 1484 671 1551 tia finita. sic ergo erit potentia in
172 1533 663 1598 quatitate potentiae finitae inifinito.
171 1589 667 1640 Quonia aut ipossibile e potetia in¬
173 1627 655 1689 finita in finita esse magnitudine,
169 1669 674 1731 aut potentia finitam esse in infini
176 1724 657 1783 ea magnitudine manifestum est
169 1765 658 1817 Dicit & hoc idem possumus ofide
169 1802 666 1850 re alia via. cum enim posuerimus infini¬
692 181 1190 218 tum corpus, in quo sit virtus s infini¬
695 215 1191 263 ta, possibile erit ponere virtutem eiusdem
700 257 1197 303 gneris cum illa prima virtute, et ei aequa
694 295 1195 342 lem in magnitudine finita: & sic poten
699 332 1193 379 tia, quae est in corpore finito, erit aequa
699 364 1195 416 lis potentiae, quae est in corpore infinito, quod
698 401 1193 452 est impossibile, virtus enim eiusdem generis,
699 437 1199 490 qua corpori inest maiori, maior existit,
701 476 1195 529 quanto magis quae est in ifinito corpo¬
698 516 1190 565 re erit maior illa, quae est in finito. Et, cum
699 550 1191 594 ondit haec duo, fecit de eis mentionem,
703 589 1195 639 & d. Qnam autem impossibile est, &c. & haec
703 625 1193 675 conuersio non facit ad, propositum decla¬
696 661 1193 707 randum, sed tamen ostendit illud, vt ex eo ac
706 709 1191 754 quiratur, quoniam est causa propinqua.
740 741 1191 786 De ijns autem, quae feruntur, bene se
702 780 1195 834 habet dubitare quandam dubita¬
698 820 1186 882 tionem primum. Si enim omne, quod moue¬
694 864 1192 914 tur, mouetur ab aliquo, quicumque non
706 908 1201 954 ipsa seipsa mouent, quomodo mouent
701 946 1191 998 aliqua continue, non tangente eo, quid
702 989 1197 1034 mouit, vt prorecta. Si autem simul
700 1029 1191 1075 mouet & aliud quid, is qui mouit,
705 1077 1195 1118 vt aerem, qui, cum mouetur, mouet,
700 1108 1192 1156 similiter impossibile est primo non tangente,
695 1152 1195 1195 neque mouente moueri, sed simul
698 1190 1189 1243 omnia & moueri, & quescere, cum id,
706 1231 1192 1287 quod primum mouet, cessauerit. &
703 1274 1188 1321 ti facit, quemadmodum lapis, velu¬
700 1312 1191 1354 ti si mouet id, quod mouit. Neces¬
699 1356 1191 1403 se autem est hoc quidem dicere quod pri¬
701 1393 1195 1442 mum mouens facit, vt possit mo¬
707 1437 1195 1474 tere aut aer hic, aut aqua, aut
699 1484 1197 1522 aliud quid huiusmodi, quid aptum natura
695 1514 1194 1563 est mouere, & moueri, sed non si¬
703 1556 1186 1610 mul cessat mouere, & moueri,
705 1599 1197 1642 sed moueri quidem simul, cum mo¬
705 1649 1193 1690 uens cessauerit moueri, mouens
702 1685 1195 1738 ant adhuc est. quapper mouetur quid
700 1725 1193 1770 alii contiguum. eri hoc eadem ratio est.
699 1771 1195 1809 Cessat autem, cum in ipso contiguo mi
695 1810 1193 1866 nor fuerit virtus, quam vt moueat.
