1416 2066
207 181 716 235 vel leuitatem. si grauitatem. ergo erit
218 221 718 266 in loco insimo, & esset separatus ab
224 260 719 307 eo locus supior. quod est falsum. &,
219 300 717 346 si fuerit leue, tunc esset in loco sursum,
220 340 712 392 & cet sepatus ab eo locus deorsum. &
227 380 715 430 si esset in vtroque, tunc esset simul gra¬
222 419 642 458 ue, & seue. quod est absurdum.
218 459 712 506 Quarta demtratio huiusmodi est. Si omne
222 494 717 538 corpus sensibile est in loco: & loca sunt
225 534 719 578 finita speie, atque magnitudine, hoc est
223 581 717 625 qualitate, & qutitate: ergo omne corpus
218 621 715 658 erit finitum. nam nemo ambigit quod erit
217 647 711 690 in aliquo loco naturali: & huiusce¬
224 688 709 730 modi locus est finitus: ergo & ipsum
225 728 721 778 erit finitum: quia corpus nonus distinguitur
224 773 716 818 a loco. Quod autem loca sint finita
226 804 715 849 spee patet: quia eorum dicturae sunt fini
226 844 708 891 tae, quae sunt Sursum Deorsum, An¬
226 885 673 922 te Retro, Dextrum, & Sinistrum.
262 922 711 972 Identidem, probatur quemlibet eorum esse fi¬
228 964 712 1010 nitum quatitate. quoniam hae diciturae non possunt esse
227 999 712 1045 in Tdimensionibus infinitis: quia non
227 1037 719 1082 essent cognita haec loca naturalitur, cum
226 1080 720 1122 non haberent terminos naturales. sed
229 1116 713 1169 in respectu sseu relationelerunt: proba¬
226 1164 713 1208 tum autem est ipsa esse naturalitur terminata
223 1197 711 1240 ex motu ipsorum mobilium, quae ad ip¬
222 1234 713 1274 sa mouentur, & quia in eis quiescunt.
230 1274 713 1327 hoc autem clarius, probabitur, cum declarabitu
226 1317 714 1361 quod locus est vltimum ambiens: Ex his
207 1349 721 1394 ergo hitur quod non pont repiri corpus actu
226 1389 720 1434 Innnitum, siue simplex, siue compositum.
232 1429 714 1480 verum harum demtrationum quadam hibunt
231 1468 717 1522 vniversaliores conclusiones, quidam vero non.
229 1508 715 1557 sed ego conatus sum tatun, probare quod non
228 1550 715 1587 repitur corpus simplex infinitum. nam
226 1586 711 1630 quadam earum probant non posse repiri cor¬
226 1621 714 1675 pus simplex infinitum, quatenus est ele
228 1666 718 1714 mentum, quaedam vero aliae, probant non pos¬
226 1701 719 1746 se repiri infinitum corpus simplex, qua
232 1741 711 1786 tenus mouetur motu recto, nonnulla
230 1781 713 1831 vero aliae, probant non posse repiri cor
224 1828 716 1868 pus simplex infinitum, quouis motu
230 1860 715 1914 moueatur in infinitum, hoc autem parri
744 181 1253 226 culitr & proprie, prbabitur in libro de Coe
748 221 1245 266 lo, & mundo, postque fuerit ibi proba
747 261 1251 306 tus numerus generum corporum sim
746 301 1171 354 plicium fimilarium partium.
902 361 1116 410 Caput Quintum.
831 412 1246 469 lcamus insuper quod, si non con
788 429 1244 507 cedamus repiri infinitum, tunc
743 494 1246 538 sequetur quod tpeos habebit principium, &
745 532 1238 587 finem: quod quidem non pont concipi
749 573 1237 625 ex natura tperis. Adde etiam quod adhuc, pro¬
747 613 1241 663 babitur tpeos insequi aliquem motum
748 659 1241 702 aeternum. Sequetur adhuc, si tollatur ab
742 692 1240 741 solute infinitum, quod tolletur diuisio ma
748 727 1245 779 gnitudinum in infinitum: quod est vnum
746 765 1242 810 ex suppositis ipsius Ceometrae. hoc
749 812 1236 859 tamen in Sexto libro huius opis exacte
747 844 1237 900 probabitur postque ibi, probatum fuerit omnem
747 885 1244 937 m agnitudine diuidi in senper diuisi
748 925 1235 970 bilia. Cum haec igitur, quae dicta sunt,
747 965 1237 1002 affirment infinitum repiri, sed demtra¬
743 1005 1239 1041 tiones supius dictae tollant esse eius, re¬
747 1043 1239 1089 linquitur igitur vt alias reperiatur,
748 1082 1028 1128 alias non reperiatur.
786 1117 1241 1162 Manifestum autem est, quod ratio, qua
747 1159 1237 1208 tollitur eius esse demrationibus iam p¬
751 1196 1234 1248 dictis, est quidem ratio ipsius actus, hoc
749 1236 1243 1289 est non reperiri infinitum in actu, &
753 1276 1237 1323 per ea, quae affirmant infinitum regir, scilicet i
747 1320 1233 1362 tpere. & magnitudine, illud quidem se.
744 1352 1236 1403 quitur ratione potentiae, non ratione actus.
749 1393 1239 1434 Neque intelligo hic per potentiam, eam
750 1428 1234 1482 potentiam, quae deducitur ad actum,
747 1469 1238 1506 secundum se totam: vt cum dicimus aes esse
745 1509 1235 1557 in potentia statuam, quoniam haec poten¬
741 1549 1239 1594 tia deducetur ad actum. &, si infinitum re¬
747 1585 1241 1631 piretur in potentia hoc pacto, dedu
747 1629 1235 1667 ctum ad actum, tunc reperiretur infinitum
739 1669 1240 1706 in actu. At quod infinitum sepiatur in po
751 1701 1231 1757 entia intelligitur, quod potentia est sem
746 1739 1241 1792 per in eo seruata. & quis eorediatur de
741 1780 1233 1832 co aliqua pars ad actum, adhuc erit in
742 1823 1232 1873 eo alia potentia ad aliam partem, &
744 1860 1237 1914 hoc in infinitum, ita, vt actus ipsius in¬
