1416 2066
194 173 698 232 attamen aeris actus, quatenus aes
210 221 706 266 motus, non est. non enim idem
210 262 708 320 est aeri esse, & potentia quadam
212 303 699 354 mobili. quoniam, si idem esset simpli¬
209 349 707 399 citer, & secundum rationem, esse vtique
207 396 711 434 aeris, quatenus aes, actus motus.
252 429 714 490 Motus autem eius, quod est in
208 480 704 538 potentia, est in eo, quod est, quan¬
204 525 708 592 do illud, quod est in perfectione, agit
204 576 709 627 aut per se, aut per aliud, secundum
211 629 703 693 quod est motu, & itelligo per hoc,
207 674 711 735 quod dico, secundum quod est mo¬
212 723 709 787 tum, hoc, quod narrabo. cuprum scilicet
208 772 716 836 est in potentia idolum, sed perfectio
202 820 706 883 cupri, secundum quod est cupru, non
211 868 705 931 est motus. quiditas enim cupri, & ip¬
202 925 705 978 sum esse motum per aliquam pote
211 965 701 1010 tiam non habet eandem intentio¬
211 1013 709 1075 nem simpliciter. &, si haberet ean
205 1061 714 1127 dem intentionem simpliciter, tunc
213 1109 699 1172 et in definitione cupri esset motus
251 1157 709 1199 Cum declarauit quod entia natura¬
210 1197 703 1243 lia sunt in potentia, & actu insimul
209 1237 707 1291 aut in duobus temporibus in respe¬
217 1276 711 1330 ctu eiusdem, aut in eodem tempore
215 1316 714 1361 respectu duorum, aut eiusdem, sed
195 1357 707 1401 duobus modis, & quod motus est in hoc
204 1404 708 1443 genere, incoepit declarare quod motus
214 1432 707 1483 est perfectio entis, secundum quod est in poten¬
212 1470 710 1523 tia, non secundum quod est in actu, & dixit:
214 1514 715 1555 Motus autem eius, &c. i. motus autem
212 1548 713 1602 eius, quod est in potentia, scilicet eius, quid
212 1596 706 1628 exit de potentia, in actum, inuenitur
215 1629 711 1676 in illo, quod est in actu, Ts& quan¬
220 1668 713 1719 do illud, quid est in actu, agit: I& hoc
218 1709 716 1755 est secundum quod est motum, & non secundum quod est
210 1746 715 1798 in actu. v. g. quoniam cuprum est in
207 1784 701 1826 actu cuprum, & in potentia idolum
211 1826 705 1866 & perfectio cupri in actu, secundum quod
213 1868 712 1915 est cuprum, non est motus, quoniam
734 171 1237 226 tunc quiditas eius esset in motu, sed
739 217 1237 259 actio cupri, quae est motus, est actio
738 257 1228 307 eius, secundum quod est in potentia idolum
739 296 1249 338 intendit quoniam, cum potentia in
735 333 1233 378 aliquo fuerit aliud ab actu, & motus
743 373 1245 418 non est perfectio rei, secundum quod est in
734 412 1251 460 actu, necesse est vt sit perfectio eius,
741 452 1246 502 secundum quod est in potentia. &, si motus es¬
741 493 1239 542 set perfectio actionis, tunc quidita¬
743 533 1239 571 tes rerum essent motus, sed motus non
738 565 1241 622 est perfectio actionis. quia quiditas
747 612 1241 657 cupri, quae est perfectio eius in actu,
743 649 1243 690 non est quod habeat potentiam ad mo¬
743 688 1249 738 tum. quoniam, si hoc esset, tunc po¬
738 727 1120 770 tentia, & actus essent idem,
780 768 1243 824 Non est autem idem, quemad¬
733 813 1244 858 modum dictum est. Manifestum
746 854 1249 898 est autem & in contrarijs. posse
743 902 1242 952 enim valere, ac posse aegrotare al
738 941 1237 995 terum est. namque aegrotare quidem,
736 981 1243 1026 & valere idem esset. subiectum
741 1029 1243 1075 autem, & id, quod valet atque
746 1053 1246 1121 egrotat, siue humiditas, siue san
741 1115 1245 1162 guis, vnum, & idem est. quoniam autem
740 1153 1243 1194 non est idem, quemadmodum
740 1196 1240 1244 neque color idem, & visibile, pos¬
741 1237 1240 1291 sibilis, quatenus possibile, actus,
740 1277 1146 1323 manifestum quod motus est.
789 1317 1238 1374 Et intentio eorum non est eadem,
749 1364 1243 1431 vt diximus. Et hoc manifestu est
737 1415 1239 1483 in contrarus. sanu enim in potetia
743 1461 1241 1514 aliud est ab infirmo in potentia. et
743 1512 1240 1565 secundum illum sermonem debent
739 1562 1241 1610 habere eandem intentionem. subie
741 1605 1249 1666 ctum enim eoru, & est illud, quod
746 1660 1238 1722 sanatur, & infirmatur, siue sit hu
744 1708 1247 1777 mor, aut sanguis, est idem. & cum
738 1757 1243 1817 hoc non sit idem, sicut color, & vi¬
742 1804 1247 1866 sibile non sunt idem. manifestu est
746 1852 1243 1915 quod perfectio eius, quod pot ali¬
