1416 2066
184 181 689 226 priores vero sunt ipsae causae, & ele¬
199 227 692 266 menta, ex quibus sensata constant.
198 261 694 308 cam autem, ob quam maior pars demon
201 295 698 330 strationum ducentium in notitiam
199 333 691 371 causarum, quae in hac expectantur
192 369 694 424 seia, sunt de genere signorum est,
194 406 687 449 quia quae cognita sunt in hac senia,
190 444 701 500 non sunt priora: quemadmodum fit. enim
196 484 700 531 Mathematicis scietiis. & propterea
191 522 701 562 in Mathematicis via scniae opposita
196 561 695 613 est huic: ibi enim a priori ad posterius,
196 598 691 650 hic vero a posteriori ad prius. ibi igi¬
201 636 691 689 tur cognita apud nos sunt simplici
201 673 699 723 ter cognita, & apud naturam: prper quod
204 714 695 765 & ipsae demrones, quae ibi fiuiit, sunt
198 756 689 802 absolutae, seu simplices. sed quae hic
202 789 697 842 non sunt simpiricitur cognita, & apud
202 828 689 879 naturam: iccirco maior pars demon
198 865 688 914 strationum, quae hic fiunt, sunt a
196 904 689 946 signo, seu demonstrationes quia.,
215 965 678 1020 De modo docendi in hac scia. Cap. 3.
274 1015 696 1069 rOdus vero doctrinae, qui in hac
200 1031 684 1107 sIscia sit, est primo contempla¬
194 1100 694 1138 ri, quae communia sunt cunctis rebus natura
192 1132 693 1178 libus, tam causas, quae consequentia: ex his
200 1172 689 1224 mox ad partialia, proficisci, vt ratio hu¬
202 1218 690 1258 ius libri se habet ad alios, sibi poste
200 1252 689 1296 riores, qui positi sunt in hac seia: qua
200 1293 695 1338 quidem res ita se habet, propterea
201 1325 693 1378 quia communia sunt propriis notio¬
200 1365 689 1413 ra nobis, vt composita simplicibus.
195 1402 693 1454 eadem igitur cam, ob quam ad horum
198 1440 691 1491 cognitionem procedimus a composi¬
201 1477 691 1522 tis ad simplicia, proficiscimur in ordi¬
195 1517 687 1562 ne doctrinae a communm ad proprium,
200 1556 693 1605 hoc est velle iter agere a notiori no
205 1593 693 1634 bis ad ignotius. Ipsa autem communi¬
198 1630 695 1674 tas, seu vniuersitas in hoc negocio
202 1671 696 1718 se habet ad partialitatem, veluti com
194 1708 688 1759 posita ad simplicia. Hinc est quod to¬
203 1744 692 1796 tum notius est sensu eius partibus:
203 1784 695 1831 quemadmodum nomina sunt apud in¬
198 1823 695 1867 tellectum notiora definitionibus.
727 180 1235 219 Indicium vero, ostendens seiam, sen t
726 219 1223 259 notitiam communem esse propriam, apud nos
726 257 1226 305 priorem, est quod puer statim, cum in eo
726 303 1221 345 virtus dignoscitiua oritur, putat mu¬
722 333 1223 379 lierem, quancunque viderit, esse eius ma
724 372 1222 410 trem, & virum quemlibet, patrem. Extat
724 408 1217 460 adhuc alia causa, ob quam in ordine
724 444 1225 490 doctrinae proceditur a communi ad proprium,
730 485 1221 531 quia videlicet ea doctrina non contin
728 521 1221 573 git repetere declarationem eiusdem
731 557 1221 608 ei. nam, si ad demrones hac non proce
725 599 1213 642 deremus doctrina, cogeremur seorsum
726 637 1208 686 ppbare res communes inesle cunctis rebus
724 674 1215 723 quibus sunt communes: vt probare equum
726 713 1212 766 obtinere materiam primam, & homi
719 750 1213 799 nem, atque inanimatu, & stirpem. Adde
722 789 1221 839 etiam quod propones eiuscemodi demon
727 829 1207 880 strandi generis non essent propriae,
723 864 1217 918 neque primae: vt medicis, euenire so¬
723 903 1215 946 set, cum demonstratiue quatuor ele
724 941 1217 994 menta iuesse homini probare ten¬
719 988 1213 1032 tant, Haec igitur sunt, quae in prae¬
718 1022 1178 1060 fatione huius libri continentur.
754 1060 1182 1106 Summula Secunda Primo in duas
868 1105 1062 1154 fecatur partes.
723 1149 1214 1190 in prima parte adducuntur opiniones, quae
763 1181 1217 1218 snst de principiis rerum sensibilium afferri,
752 1211 1212 1248 habeturque sermo cum his, qui in hac scia
754 1243 1217 1276 errorem non proprium commiserunt.
723 1269 1219 1312 In Secunda fiet verbum cum illis, qui cir¬
757 1306 1215 1346 ca principia proprium, atque propoetio¬
747 1341 1125 1370 natum commiserunt errorem.
721 1380 1224 1434 Prima pars diuiditur in quatuor capita.
725 1437 1209 1482 In primo capite continentur opiniones,
754 1468 1217 1507 quae de hoc principio afferri possunt, &
751 1499 962 1531 earum authores.
753 1525 1223 1571 Secundo earum genera varia, & quae nam
717 1525 747 1562 in
754 1560 1216 1590 a Physico destrui, vel non destrui de¬
750 1589 1216 1626 beant. quod, si cum eo genere sermo¬
753 1620 1217 1656 nem faciet, quod non spectat ad Physi¬
750 1653 1220 1690 cum ei contradicere, loquetur quidem
754 1683 1222 1714 vt Philosophus, non vt Physicus, hu¬
754 1710 1070 1752 iusque rei rationem reddet.
719 1741 1221 1778 In Tertio destruet opiniones illorum, qui
748 1772 1220 1814 non sunt naturaliter locuti, ptaeter de¬
752 1807 1193 1837 structionem syllogismorum eorum.
717 1837 1223 1883 In Quarto destruet ipsorum syllogismos.
