1416 2066
183 178 713 235 e ARISTOTELIS
249 252 685 298 DEPHISIco AvorrV
323 317 633 354 LIBER SEXTVS,
312 389 643 434 Cum Auer. Commen.
328 484 637 523 SVMMAE LIBRI.
229 549 727 587 Atex. i. vsque ad 2A. declarat Motum non
260 585 589 619 componi ex indiuisibilibus.
228 613 717 651 A2 vsque ad. 32. Motum docet non mo¬
254 644 716 683 mento, sed tempore mensurari: simili¬
256 677 451 715 ter & Quietem.
223 700 721 738 A 32. vsque ad. 49. pertractat de Diuisione
259 740 345 770 motus.
225 766 717 803 A A9. vsque ad. 7e. de Ordine agit partium
256 797 337 826 motus
227 821 726 859 A 79. vsque in finem confutat errores quos¬
251 858 568 889 dam circa ipsum motum.
247 893 701 946 Nullum continuum ex indiuisibilibus
349 940 605 987 componi. Cap. 1.
438 988 721 1043 1TIautem est conti
444 1031 694 1083 nuum, & tangens
439 1075 720 1122 & consequenter¬
438 1098 721 1154 vt definitum est
442 1156 715 1203 prius, Gcontinua
229 1197 719 1243 quidem, quorum vltima sunt
230 1237 721 1289 vnum: tangentia vero, quorum
203 1275 717 1330 Isimul: consequenter autem, inter
230 1317 722 1366 quae nihil est eiusdem generis, 7
223 1357 716 1402 impossibile est ex indiuisibili¬
227 1399 721 1442 bus esse aliquid continuum vt
222 1439 725 1482 lineam esse ex punctis: si linea
229 1486 727 1530 quidem continuum est, punctum
220 1524 722 1571 autem indiuisibile. neque enim vnum
226 1564 722 1602 sunt vltima punctorum: non enim
228 1612 726 1650 est hoc quidem vltimum. illud ve
222 1645 718 1689 ro alia quaedam pars ipsius indiui
226 1685 717 1731 sibilis. neque simul sunt vltima,
227 1726 717 1778 non enim est vltimum vllum eius,
222 1767 727 1810 quod impartibile est: alterum
222 1813 724 1854 n, est vltimum, et id, cuius est vltimum.
799 181 1263 234 Si continuum, & contiouum, B
744 215 1243 286 & consequens sunt, secundum quod
742 271 1242 336 determinauimus prius scilicet quod con
745 317 1247 378 tinua sunt, quorum vltima sunt
755 365 1241 428 vnum: & contigua sunt, quorum
754 410 1248 466 vltima suni insimul: & consequem
748 457 1251 515 tia se adinuicem sunt illa, inter quae
751 505 1247 563 non est aliquid sui generis, impos¬
748 549 1248 611 sibile est vt aliquod continuum sit
748 596 1241 656 compositum ex indiuisibilibus. v.
748 644 1246 702 g vt linea sit continua, & puctus
759 688 1263 746 it indiuisibilis, & linea sit compo
752 739 1249 794 sita ex punctis: cum linea sit conti
753 785 1245 842 nua, & punctus indiuisibilis, quo¬
748 828 1242 890 niam punctus non habet vltimum
760 876 1250 938 vnum. quoniam indiuisibile no ha
747 924 1249 982 bet partem vltimam, & alia par
751 967 1249 1027 tem vltimam, neque habent vlti¬
750 1014 1247 1066 ma insimul. quod enim non habet
750 1076 1242 1122 partem, non habet vltimum omni
751 1112 1247 1170 no: nam vltimum est aliud, ab eo,
755 1157 1036 1218 cuius est vltimum.
927 1236 1263 1282 Ste tractatus, sicut dixit
926 1278 1246 1330 Alexan. sequitur Quin
931 1317 1245 1368 tum, cum in principio
931 1354 1249 1394 eius vtatur illis descri¬
764 1390 1249 1442 ptionibus, quas posuit in Quinto re¬
759 1429 1245 1474 tum continuarum, & contiguarum,
757 1462 1246 1511 & consequentium. Et dicit, si illa, quae
758 1502 1245 1546 dicta sunt de definitione continui,
752 1548 1252 1592 & contigui, & consequentis sunt ve
752 1581 1251 1627 ra, scilicet quod continua sunt illa, quorum vl¬
754 1619 1246 1670 tima sunt vnum: & contigua sunt
755 1658 1249 1707 illa, quorum vltima sunt insimul: &
752 1701 1252 1743 consequentia sunt illa, inter quae non
752 1739 1248 1778 est aliquod sui generis, impossibile
756 1779 1249 1820 est vt aliquod continuum compo¬
750 1804 1251 1858 natur ex indiuisibilibus. Et, cum po
