1416 2066
160 181 678 243 Et quaerendum est quomodo di¬
171 228 676 290 spositio temporis est apud animam.
174 276 677 338 Et quare homines dicunt quod tem¬
172 324 676 385 pus est in quolibet, in terra, & in
166 372 672 430 mari, & in coelo. Dicamus igitur
172 416 665 474 quod tempus est accidens motui,
172 462 676 522 & forma eius, cum sit numerus
175 514 676 570 tllius: & ista omnia innata sunt
168 564 677 603 moueri: omnia enim sunt in loco: et
169 612 681 664 tempus, et motus in potentia cum
174 649 683 707 eo, quod est in potentia, et quod est
176 693 650 754 in actu cum eo, quod est in actu.
214 745 674 787 Perscrutatur hic in tempore de
160 782 664 835 duobus. Quorum vnum est, quo
180 821 679 859 modo est dispositio temporis in es¬
178 857 668 896 se, scilicet si habet esse extra animam,
181 894 679 938 sicut est in anima, ita, quod, si ani¬
182 934 682 978 ma non esset, esset tempus: aut, si ani¬
177 971 676 1018 ma non esset, non esset tempus, nisi
175 1006 681 1046 in potentia: quemadmodum nume
179 1052 675 1094 rus non est, nisi anima sit, nisi in po
181 1080 679 1123 tentia. & hoc intendebat, cum dixit:
179 1116 675 1169 quomodo est dispositio, &c. Quae¬
181 1157 669 1195 stio autem secunda est, quare tem¬
172 1196 672 1242 pus inuenitur in quolibet, siue quie
174 1228 668 1275 scente, siue moto. Nos enim com¬
180 1269 674 1321 prehendimus tempus in terra, & in
172 1309 676 1354 mari, & in coelo, sicut dixit & tempus
174 1342 672 1383 est accidens motui: vnde necesse est
183 1385 673 1418 vt non inueniatur nisi in mobilibus.
182 1421 667 1458 & hoc intendebat, cum dixit: Et qua¬
179 1457 669 1503 re homines dicunt. Et intendebat per
176 1495 667 1538 terram quiescens, & per coelum mo
178 1533 670 1583 tum. & quasi dicat, & quare homi¬
178 1569 670 1618 nes dicunt quod tempus ita est in quie
182 1606 673 1658 scente, sicut in moto. D. incoepit sol
180 1644 665 1696 uere secundam quaestionem, & di¬
181 1692 669 1734 xit: Dicamus igitur quod tempus
175 1720 667 1768 est, i. & tempus existit in rerra, & ma¬
179 1762 664 1808 ri, & coelo, quia est accidens motui
183 1796 669 1834 & forma eius, cum sit numerus il¬
708 181 1208 226 lius scilicet quoniam numerus est accidens nu¬
708 229 1206 266 merati: &, cum tempus est numerus
711 268 1209 298 rerum mobilium, & numerus inue¬
711 299 1205 343 nitur in numerato: & ista omnia,
705 340 1204 374 scificet terra, coelum, & mare natu¬
711 380 1212 410 raliter habent moueri: siecesse est vt
706 410 1208 459 tempus inueniatur in eis. Sed scien
708 448 1207 495 dum est quod non eodem ordine inue
709 493 1209 524 nitur in istis. quoniam primo inuenitur in
712 522 1192 563 coelo, & inuenitur in aliis motis se
711 558 1209 602 cundo, propter hoc, quod inuenitur in
712 601 1204 646 coelo: & inuenitur etiam in quiescem
704 635 1204 685 te, propter hoc, quod inuenitur in moto.
714 671 1205 714 D.d. sunt enim omnia in loco, i. & causa in
709 710 1207 759 hoc, quod ista, in quibus inuenitur tem
709 745 1205 794 pus, innata sunt moueri, est esse eo¬
702 782 1201 826 rum in loco. omne enim quod est in lo
707 821 1199 858 co, innatum est moueri, quia est cor¬
704 860 1204 903 pus. D.d. & tempus, & motus, &c. i.
712 893 1206 944 & quod est ex istis rebus motum in
712 931 1193 981 potentia, & est illud, quod est quie
712 968 1205 1010 scens, tempus inuenitur in eo in po
714 1006 1198 1051 tentia: & quod est motum in actus
703 1043 1166 1089 tempus inuenitur in eo in actu.
758 1097 1202 1140 vtrum autem, cum non sit
709 1139 1207 1183 anima, erit tempus, an non, du¬
706 1181 1202 1224 bitauerit aliquis. Cum enim impossi
707 1221 1195 1259 bile sit numeraturum esse, impos¬
702 1261 1207 1299 sibile est numerabile aliquod es
706 1302 1201 1352 se, quare est manifestum quod neque
705 1341 1203 1386 numerus est. numerus enim est aut
709 1388 1194 1426 numeratum, aut ipsum numera
706 1421 1197 1472 bile. Si autem nihil aliud aptum
708 1461 1193 1514 natura est quaem anima numerare,
704 1504 1203 1554 & animae intellectus, impossibi
702 1543 1199 1587 le est tempus esse, cum non sit ani¬
705 1590 1205 1626 ma. nisi hoc, quod aliquando exi¬
702 1627 1207 1666 stens tempus est, vt, si contingit
699 1665 1196 1719 motum esse sine anima. prius au¬
705 1709 1202 1755 tem, & posterius in motu est: tem
700 1749 1203 1795 pus autem haec sunt, quatenus
702 1789 996 1842 numerabilia sunt.
