1416 2066
204 173 709 226 accidens, & motum partium per mo¬
221 214 715 253 tum totius est dicituria, deinde dedit il¬
218 251 707 302 las, & d. motus enim partium, &c. i. & si¬
214 293 712 339 gnum eius, quod motus partium per mo
220 324 713 370 tum totius non est motus per accidens,
221 371 713 415 est, quia motus partium differt a mo
217 404 701 442 tu totius, & ipsi a seinuicem. Et inten
227 436 709 490 debat, vt mihi videtur, quoniam, si motus ea¬
220 477 706 520 rum esset per acciuns a motu totius, non
223 514 713 560 differret a toto in suo motu, neque a
222 547 704 599 seipsis abinuicem. nam corpora, quae mo¬
222 583 701 626 uentur per se, sunt huiusmodi. Et, cum indu¬
219 629 702 673 xit hoc, incoepit declarare in quo mo
222 660 701 698 to apparet hoc, & d. Et ista diuersi¬
224 692 713 747 tas, &c. i. quia illae, quae magis vicinam
222 740 704 783 tur centro, pertranseunt minores cir¬
221 773 709 821 culos circulis, quos pertranseunt per¬
224 813 699 850 tes, quae magis vicinantur circunfe¬
220 845 705 890 rentiae, & in tempore aequali, necesse
218 879 702 930 est vt partes propinquiores centre
223 918 705 961 sint tardiores, & remotiores velocio
214 964 704 1005 res. D.d. & velocitas ipsius, &c. i. iie¬
218 993 700 1033 que velocitas totius sphaerae. et velo
225 1030 703 1077 citas partium est eadem velocitas. Po
221 1068 700 1107 test autem aliquis dicere, quod hoc non in¬
222 1105 711 1147 uenitur, nisi in motu circulari, in re
218 1139 703 1189 cto vero motus partium sunt aequa
219 1175 704 1232 les: & similiter motus totius in eo est aequa
229 1214 710 1263 is motui partium. Sed forte dicet in
227 1255 707 1305 hoc quod partes sphaerae videntur moueri
224 1288 710 1333 per se inagis, qui illud, quid mouetur re
221 1326 706 1378 cte: cum iphera videtual permanere secundum to¬
218 1365 705 1402 tum, & moueri secundum partes. sed non est
227 1399 715 1441 verum, vt declaratum est, sed secundum totum
222 1445 704 1489 mouetur. &, cum declaratum est quod par
215 1484 702 1527 tes sphaerae non mouentur per se, quanto
221 1514 705 1562 magis partes eius, quod est recti mo¬
223 1548 711 1600 tus, non mouebuntur per se. Et quasi
222 1588 707 1634 intendit congregare hic duo: quorum
224 1628 703 1674 vnum est notificare quod motus partium per
221 1664 711 1706 motum totius, non est per acens pure,
221 1708 706 1750 neque per se principaliter. a partes enim
217 1738 711 1790 non mouentur per se: quia mouentur in
214 1784 705 1818 moto, in quo conueniunt cum accnti¬
749 173 1243 218 bus, & formis, quae non sunt innata mo
747 214 1223 263 ueri per se. &, cum declaratum est quod ac¬
746 256 1226 298 cidentia, & formae mouentur per acci¬
746 288 1229 330 dens per motum subiecti, & partes sunt
743 324 1197 373 tales, visum est quod partes mouent
739 371 1221 415 accis. & hoc apparet ex verbis Aris
742 404 1221 442 & ideo excepit istu modum motus, & in¬
740 440 1223 475 duxit exemplum extraneum ab vno il¬
741 475 1226 514 lorum, & d. possibile est vt inpartibile, &c.
740 509 1218 558 & manifestum est, quod motus puncti
745 547 1228 586 motum corporis est huiusmodi. D.d.
742 590 1225 634 per se autem impossibile est, &c. id
743 621 1227 674 est, est autem motus indiuisibilis per
737 660 1144 706 se, & primo impossibilis est.
787 709 1226 754 Mutetur enim ex AB, in pc, siue
734 753 1225 795 ex magnitudine in magnitudi¬
738 791 1223 835 nem, siue ex forma in formam, siue
742 833 1227 874 secundum contradictionem. tempus autem
745 873 1221 915 sit, in quo primo mutatur, in quo
742 911 1218 962 p. Ergo necesse est ipsum eo, que
740 958 1223 994 mutatur, tpore, aut in AE, aut esse in ir o
734 996 1220 1034 aut aliud quidem quid huius in hoc
743 1031 1223 1082 aliud autem quid in altero, omne enim quod
740 1072 1226 1119 mutatur, sic se habebat. In vtroque
738 1113 1221 1155 ligitur non erit aliquid ipsius: parti
740 1157 1227 1209 bile enim erit. At vero neque in pC.
740 1201 1225 1234 mutatum enim erit: supponitur autem
743 1237 1222 1285 mutari. Relinquitur igitur ipsum in
744 1276 1223 1326 AE esse eo, quo mutatur, tempore,
742 1324 1226 1359 quiescet ergo. in eodem enim esse ten¬
742 1356 1176 1410 pore quodam quiescere est.
785 1395 1235 1458 bonatur igitur ipsum trasser¬
736 1444 1230 1503 ri de AB, in BC, siue de magni¬
734 1489 1226 1546 tudine in magnitudinem, siue de
742 1533 1238 1594 forma in formam, siue secundum
743 1580 1228 1638 contradictionem. et sit tempus, in
735 1628 1235 1691 quo primo transfertur, D: necesse
741 1676 1231 1734 est igitur, vt in tempore, in quo tras
744 1725 1235 1778 certur, sit aut in AE, aut in BC
738 1765 1232 1827 aut quiddam est in hoc, et quiddam
