1416 2066
174 173 685 220 enim dicitur iam transmutatum es
179 213 683 258 se, nisi cum fuerit in vltimo tranf¬
184 254 341 299 mutationis.
226 332 690 378 Eadem. enim demonstratio est
185 373 687 419 & in non continuis, vt & in com¬
186 418 690 458 trarijs, vt & in contradictione. Ac
183 460 691 498 cipiemus enim tpos, in quo mutatum est
190 500 689 539 & rursus eadem dicemus, quare ne
191 540 689 592 cesse est id, quod mutatu est, mu¬
185 581 689 626 tari, & quod mutatur, mutatum
189 628 687 666 esse. & est ipso quidem mutari mu
194 665 682 707 tatum esse prius, ipso autem mutatum esse
174 707 684 754 mutari, & nunque accipietur pri
187 744 682 787 mum. Causa autem huius est, non esse
195 789 691 840 impartibile imparibili contigu
194 823 690 881 um. in infinitum. enim diuisio fit,
191 867 688 914 vt in is, quae augentur, & dimi¬
187 909 440 954 nuuntur lineis.
240 953 687 1020 Sequitur igitur necessario vt il
192 997 685 1050 lud, quod iam transmutatum est,
190 1045 682 1107 prius transmutabatur. Quonia de¬
189 1092 682 1154 monstratio eadem est in eo, quod no
190 1141 683 1203 est continuum omnino. v.g. in con
195 1189 679 1234 trarus, & inm contradictione. Ac¬
191 1234 681 1290 ciptemus tempus, in quo transmu¬
174 1278 676 1330 tatur, & dicemus etiam hoc idem.
187 1324 681 1387 ergo necesse est vt illud, quod tram,
193 1372 683 1427 mutatum est, iam transmutaba¬
187 1421 685 1483 tur. illud igitur, quod transmuta¬
188 1467 673 1522 tur, prius erat transmutatum, &
192 1512 684 1570 quod transmutatu fuit, prius trat
197 1558 689 1619 mutabatur, & impossibile est ali¬
195 1605 679 1663 quo modo inuenire primu. Et cau¬
199 1652 683 1715 sa huius est, quia impossibile. est
199 1699 688 1762 impartibile sequi impartibile. na
186 1744 682 1802 diuisio est in infinitum, sicut in li¬
197 1788 680 1850 neis, quae addutur. & diminuutur.
753 181 1221 236 Idest, manifestum est igitur ex hac
722 213 1208 259 demonstratione, qua vsi sumus in
719 261 1210 309 transmutato secundum quantitatem, quod omne
717 300 1209 345 transmutatum simpliciter transmu¬
719 335 1207 384 tabatur, anteque sit transmutatum, si¬
723 370 1213 420 ue in quantitate, siue in qualitate,
714 408 1218 450 aut in substantia. Demonstratio enim
718 446 1212 498 qua vsi sumus in transmutato, est
718 484 1211 530 ppinqua potentia in alio, & eadem
716 520 1217 562 est demonstratio in transmutatione
716 557 1210 608 in qualitate, & in substantia. quoniam non
716 597 1213 634 est dicitura aliqua inter duas demonstra
718 636 1212 674 tiodoes, sicut dixit, sed declaratio, qua
722 676 1206 714 viversaler sumus in maguitudir, & in quam
717 715 1207 754 titate, transfertur ad tempus, cum
714 744 1206 791 omne transmutatum sit in tpere. D.d. v. g.
719 785 1209 826 in contrarijs, & contra dictorijs. &
717 822 1213 872 intendit per contraria tiamsmutatio¬
714 868 1209 910 nem in qualitate, & per contradicto
718 901 1213 938 ria transmutationem in substantia: quia
714 935 1212 978 est de affirmatiua in negatiuam, &
717 976 1207 1018 econuerso. D.d. Accipiemus enim tpmes,
717 1011 1207 1050 &c. i. & transferamus illam demtratio
720 1045 1209 1090 nem ad tpens, ponendo quod vnunquodque
716 1087 1209 1138 istorum transmutetur in tpere, & quod omne
715 1121 1204 1164 tpens est semper diuisibile. Et dicitura in
716 1163 1207 1205 ter hanc demtrationem, quam innuit,
711 1197 1206 1243 qua vsus est in his duabus transmu
718 1236 1207 1282 tationibus ex tpre, & duas denitratio¬
720 1274 1205 1316 nes, a quibus incoepit loqui in hac
717 1310 1209 1355 declaratione, quae sunt etiam ex tpore, est, quia
716 1351 1207 1387 illae duae declarationes fuerunt communes
716 1388 1207 1440 omni transmutationi, & ista est quasi
720 1428 1206 1468 prpria his duabus tiamsmutationibus.
713 1464 1209 1514 D.d. ergo necesse est, &c. i. duo quae¬
714 1500 1211 1547 sita, quae intendebat: declarare, scilicet quod trans
717 1535 1207 1587 mutatum est, prius transmutabatur, & quod
714 1575 1206 1626 illud, quod transmutatur prius, trans
720 1613 1206 1665 mutatum est. D.d. illud igitur, quod
719 1657 1200 1700 transmutatur, &c. i. sequitur igitur
721 1686 1207 1736 ex istis duabus conclusionibus, quod
716 1730 1201 1764 omne instans, in quo demonstratur
719 1759 1199 1811 transmutatum transmutari, neces¬
718 1802 1198 1843 sario aute illam transmutationem
