1416 2066
152 184 657 226 aliud a causa quietis eius, sicut sed¬
165 219 659 258 batur in initio sermonis. existimat
174 256 655 298 enim quod hoc non contingit, nisi in mo
164 301 652 338 toribus, qui agun: alterum contra¬
165 333 659 370 riorum duorum tandum. in virtutibus au¬
171 368 653 411 tem, quae agunt duo contraria insi¬
164 413 657 457 mul, non contingit vt causa quietis
162 444 660 493 non sit causa motus: cum illud, quod
163 484 660 530 agit quietem in istis virtutibus, est
169 517 660 562 illud, quod agit motum. sed contin
168 557 662 609 git hoc in quibusdam: cum ille, qui
170 597 661 646 ponit hunc sermonem, non possit po
166 637 659 684 nere omnia de genere virtutum, quae
169 670 661 724 agunt contraria. Et secundum hoc dedit re
171 708 664 759 sponsionem ad hanc quodnem, dicen
164 749 658 794 do: Sed non omnia, quae possunt, &c.
163 786 665 826 i. & ponens hunc sermonem, & das
170 823 656 866 hanc rationem, non potest dicere
171 861 661 909 hoc in omnibus rebus: cum plures
170 898 654 938 rerum non sint rationales, sed plu¬
171 942 663 978 tes rerum, quae mouent, & mouentur,
171 975 663 1022 non recipiunt mouere, & moueri, ni¬
171 1012 663 1058 si cum fuerint in aliqua dispositio¬
170 1053 659 1090 ne ex extrinseco: & reperiuntur quie¬
173 1085 663 1130 scere, cum fuerint ex extrinseco in
174 1126 652 1177 contrario illius disponis, in qua erant
172 1165 652 1214 in qua mouebantur, & mouentur,
170 1200 663 1242 Et hoc intendebat, cum dixit: sed
175 1237 669 1283 quado fuerint talis disponis, &c. i. sed re
177 1284 661 1318 rum naturalium res naturales ea, quae
152 1309 659 1362 sunt inata mouere, et moueri, poss
171 1363 659 1395 quam erant, non mouent, aut mo¬
176 1393 663 1435 uentur, nisi aut quia diminuebatur
179 1429 661 1480 ex eis dispositio, per quam hoc mo¬
174 1469 668 1506 uet, & hoc mouetur, aut quia distant
176 1503 661 1554 abinuicem, aut quia illic est aliquid
174 1548 656 1596 impedimentum. Cum igitur vtrum
172 1580 658 1633 que eorum fuerit in dispositione, qua
174 1617 654 1658 hoc mouet, & hoc mouetur, & fue
178 1657 663 1707 rit propinquum vnum alii, & non
181 1693 667 1745 fuerit illic impediens, tunc necesse
182 1733 662 1770 erit vt hoc moueat, & hoc moueatur.
172 1771 661 1822 Sed adhuc remanet eademquaestio¬
178 1807 662 1858 potest enim aliquis dicere quod primus mo
686 172 1204 219 tor totius est ex habentibus virtutes
687 217 1191 259 rationales, cum habentia virtutes ratio
683 253 1199 306 nales incipiunt mouere post quie¬
689 300 1195 341 tem, & quiescere post motum, absque
686 341 1198 379 eo, quod deficiat dispo, per quam hoc
694 366 1195 410 mouet, & hoc mouetur, & absque eo,
686 404 1197 456 quod deficiat appropinquatio in tpre que
695 453 1187 491 tis: & sic totum erit quiescens per quie¬
693 485 1188 522 tem istius motoris. &, cum incoepe¬
692 521 1190 562 rit totum moueri, erunt omnia mo
693 557 1193 596 uentia, & mota extrinseca, reducta
686 603 1192 646 ad talem motorem. Secundum igi¬
692 636 1188 684 tur hanc expositionem forte dimi¬
693 668 1196 721 sit dissolutionem istius quaestionis,
692 709 1192 760 vsque: post, cum aperte dicet hanc quae
695 746 1191 786 stionem. & secundum hanc exposi¬
686 786 1191 826 tionem est intelligendum, sed non
689 822 1187 872 omnia, hoc quod intelligitur de parti¬
691 861 1191 908 culari negatiua, & per hoc, quod di¬
695 901 1185 945 xit, sed cum fuerint talis disponis, quod
691 938 1179 978 intelligitur de particulari affirma¬
690 972 1180 1026 tiua. Secunda autem expo est, vt in
692 1013 1184 1063 telligatur ex hoc, quid dixit, sed non
689 1050 1184 1090 omnia, hoc, quod intelligitur de vniversali
699 1093 1185 1130 negatiua. & quasi diceret quod non om
691 1125 1185 1175 nia possunt mouere, postque non. mo¬
699 1164 1181 1202 uerint, absque eo, quod illic sit causa fa¬
694 1202 1187 1252 cta, quae sit causa, si aliquid eorum,
694 1239 1182 1284 quae innata sunt mouere, fuerit mo
699 1278 1185 1327 uens in actu: & eorum, quae sunt in¬
692 1317 1171 1354 nata moueri, fuerit motum in actu
690 1352 1180 1394 & secundum hoc, sermo eius erit vniuer¬
694 1389 1180 1433 salis in omnibus virtutibus motiuis,
695 1428 1191 1466 licet rationalibus, & irratioalibus. & hoc
694 1477 1180 1506 manifestum est. Quoniam autem
692 1505 1188 1554 rationales non quiescunt quandoque, &
698 1549 1192 1594 mouentur quandoque, nisi propter.
694 1580 1191 1619 renouationem transmutationum fa
692 1621 1180 1658 ctarum in eis ex extrinseco, aut in
693 1655 1185 1698 anima, aut in corpore, manifestum
691 1697 1180 1744 est quod prolixe loqumur de hoc Tpost.
691 1733 1191 1782 Quado enim animal mouetur, post
698 1769 1184 1818 quam non mouebatur, necesse est
697 1813 1184 1850 vt in eo sit aut appetitus, qui ante
