1416 2066
216 171 718 203 ruptionis per se, quia tempus est numerus
210 204 715 245 motus, & motus: distare facit, gnerationis ve¬
213 236 715 275 ro per accidens. tunc igitur videtur gnea tio
211 269 715 301 esse per accidens intenta a natura, & corru.
208 300 713 338 ptio per se. Huius autem oppositum legimus in
214 327 713 362 a. de gnea. & cor. in tex. com. 39. vbi Arist. red
212 360 718 394 dens causam continuationis & sempiteni¬
208 389 723 426 tatis gner ationis finalem, inquit. quoniam in omnibus
211 421 709 458 inquimus naturam desyderare, quod melius
215 452 721 490 est: melius est autem esse quae non esse: ideo com
214 486 718 522 pleuit Dens esse, continuam faciens gnerationem,
214 518 719 555 & ex consequenti generatio est per se intenta,
214 547 712 582 & corruptio per accidens. Nisi esset quod effe¬
214 579 712 611 ctus ad duo comparari ponst ad instrm, & ad
208 613 714 645 agens principale: & runc sine dubio in na¬
212 649 714 683 turalibus simpiricitur & absolute effectus dicitur per
212 676 707 717 se, aut per accuns in ordine ad agens princi
213 709 719 746 pale, & non in ordine ad instium. instium etiam
210 741 714 775 dupericiter consyderari pont, vel materialiter, vel in
211 770 711 809 ratione instri. quando consyderatur materialtur,
215 800 711 833 non habet rationem instrumenti. sed agentis
209 832 715 874 principalis, & tunc dico quod possunt opposi¬
219 865 709 907 ae proprietates competere vni & eidem rei¬
214 895 714 930 dum est agens, & dum est instium. & huius
213 933 711 962 est accommodatum exemplum de igne.
211 961 715 1001 nam, vt dicitur. 2. de anima tex. com. 4At. augmen
206 991 710 1035 tum ignis apposito combustibili procedit
214 1025 707 1058 in infinitum. sic enim Aristo. reprehendit ibi An
210 1061 706 1092 tiquos asserentes augmentum & nutritio¬
210 1087 701 1128 nem fieri ab igne, vt ab agente principali¬
209 1121 707 1154 sed secundum sententiam Arist. ignis concurrit vt
215 1150 709 1186 concausa & instium. anima enim omnia opera
213 1181 714 1218 tur mediante igne, vt dicit Arist. in libro de
206 1212 716 1250 morte & vita. tamen ignis. vt est animae instindum
211 1251 712 1282 mouet ad certum terminum praefixum, &
215 1278 711 1314 naturae cognitum. sic etiam est pariformi¬
208 1308 710 1345 ter quod motus natura simpliciter consydera¬
211 1336 713 1380 ta distare facit. & ista est causa per se abla¬
211 1373 717 1421 tionis rei a sua substantia, vt inquit Com. tamen
206 1401 712 1435 motus vt est instrumentum regunatum a Deo
208 1435 717 1469 & intelligentia mouente, habet per se inten
211 1468 715 1507 dere generationem, & per accidens corruptio
206 1497 706 1531 nem. non enim sicut diximus, impossibile est oppo
210 1529 705 1563 sitas & diuersas dispositiones competere rei
212 1557 712 1594 vt est agens, & eidem, vt est instrumentum.
242 1592 706 1635 Vigesimasecunda contradi. est in com. 1i.3
207 1623 715 1664 dicit motum abiicere a substantia. Opposi
211 1656 708 1696 tum infra. in eodem. 4. com. 12.6. Et. E. physi
218 1692 718 1724 9. Soluitur dlictum suum fallit in motu loca
210 1719 684 1755 li per se, verificatur tamen per accidens.
246 1754 710 1793 Vigesimatertia contradi. est in tex. 1237
212 1781 718 1825 Arist. definiens, repente, dicit esse illud, quod
214 1816 710 1850 tempore non sensibili propter eius paruita.
208 1844 716 1881 tem est remotum. Sed opponeba, quia ex
204 1877 709 1914 libro de seuiu & sensilibus, omne tempus sen¬
205 1910 709 1946 sibile est suapte natura. Nisi esset quod tempus
748 165 1256 202 iudicatur esse sensibile, aut non sensibile, eom.
744 201 1252 241 quod alicuius passio facta in eo, sensibilis est,
747 239 1245 268 aut non sensibilis. & quia contingit alicuius
749 265 1249 307 passionem aliquam fieri propter motus velo¬
745 305 1247 331 citatem & temporis breuitatem insensibili¬
749 328 1243 359 ter, ita quod latet nos, illa ratione tempus respe¬
749 357 1250 394 ctu illius passionis insensibile iudicatur, sed
748 390 1255 427 respectu alterius passionis illud tpens sentire
742 423 1245 459 tur. omne igitur tempus in se sensibile est,
749 452 1251 490 & sic in libro de sensu loquutus est: sed non
747 485 1251 516 respectu cuiuslibet passionis in eo factae sen
743 517 1248 554 sibile esse pot. & sic sumpsit hic. Aut anite di¬
742 549 1248 586 ci pont quod tempus hic sumitur large pro termi¬
745 581 1249 618 no temporis, qui est ipsum nunc indiuisibi
742 612 1255 650 le in tempore existens, in quo sunt termini
747 646 1253 677 mutationum, & omnes instantaneae mutatio¬
743 675 1255 712 nes consueuit namque Philosophus lato vocabu
742 707 1252 749 lo tempus appellare confiniunt pis. seu ipsum
742 738 1249 770 instans. quod idem est. & est solo Alexandri¬
782 769 1242 810 Vigesimaquarta contradi. est in tex. 13S.
740 797 1242 835 Arist hic, & Com asserunt tempus potius cau
738 836 1254 874 sam esse obliuionis & ignorantiae, quae sapien
738 866 1244 907 tiae & cognitionis. vnde laudat & praefert
740 897 1252 931 sniam Pythagorici Paronis asserentis tempus
740 930 1253 970 esse indoctissimum, quia & obliuiscuntur. Sed
741 960 1253 994 huius oppositum legitur in Them. in. 2. phy. su¬.
740 993 1250 1032 per tex. 4 3. vbi dicit tempus esse, & longam aeta¬
743 1032 1257 1058 tem aptissimam ad indaginem veritatis rationem
738 1059 1255 1089 atque efficacissimam. & hoc etiam dicit Com. in
742 1090 1248 1122 sua media expositione in. 2. physi. imitatus
741 1119 1249 1161 in eodem loco Them. sniam Nisi esset quod ser¬
742 1149 1257 1194 mo Arist. est comparatiuus, magis enim operatur
745 1185 1249 1218 obliuionem quae scientiam, viendali & in. I. de anima Ari.
744 1212 1255 1250 increpat Antiquos, cur de deceptione, & cau
747 1246 1247 1281 sa eius non consyderauerint. magis enim pro¬
747 1279 1253 1315 prium est animalibus, & plurimum tempus in
742 1311 1245 1346 hoc perficit anima. vbi Themi. dicit in tex¬
743 1342 1255 1378 com. i3i. quod ea, quae nouimus, portione minima
746 1373 1251 1414 continentur, si collata &, comparata his fiunt, quae
743 1402 1245 1441 ignoramus. Sed sermo Themi. est simplex.¬
739 1434 1253 1468 nasvt inquit Auic. in trac. 7. suae primae phi¬
740 1467 1244 1503 losophiae, ars quaelibet in sui exordio est cru
743 1500 1247 1530 da & immatura, sed maturatur postea & de¬
738 1528 1248 1562 inde paulatim decoratur & perficitur. idem
740 1565 1250 1594 dicet Arist. in. I. meta. Philosophiam balbu
743 1594 1257 1626 tiendo incoepisse. vnde Arist. i. coeli. 12. & in
751 1624 1247 1665 . meteo. dicit ex temporis longitudine pu¬
744 1656 1256 1690 tandum esse infinities Philosophiam fuisse,
750 1687 1249 1730 cenouatam, & infinities easdem opiniones
746 1724 1054 1754 extitisse. & ista est via eius,
778 1748 1247 1794 Vigesimaquinta contradi. est in eod tex.
743 1781 1241 1818 Dicit tempus esse per se causam corruptio
748 1817 1245 1850 nis, quia tempus est per se numerus motus, omnis
738 1848 1246 1881 autem motus, seu mutatio a natura remotiua
739 1881 1247 1914 est. & eandem sententiam habet Philosophus
739 1908 1254 1946 in eodem. 4. phy. in te. com. 137. Sed est in hoc
