1416 2066
179 165 682 219 tia in corpore, composito ex mate¬
186 207 689 252 ria, & forma susciperet motionem in
192 247 671 290 infinitum, tunc infinitum esset mai
190 284 683 336 infinito. idem enim corpus sensibile, quam
192 323 683 363 to maius fuerit, tanto tempus, in quo
189 361 683 408 suscipit motionem a suo motore,
188 396 685 441 erit maius. Si ergo aliquod corpus
195 445 686 488 posuerimus huiusmodo scilicet quod susciperet mo
193 476 684 514 tionem infinitam, tunc quod maius est
191 516 681 555 debet suscipere motionem longiori
190 549 683 601 tempore, & sic infinitum susciperet
186 589 688 639 infinitum, quod est impossibile. Ex hoc
198 628 682 678 ergo patet corpus a coeleste non com
202 669 686 713 poni ex materia & forma, & ipm es
190 702 687 751 se simplex, & quod forma ipsius non ha
179 740 681 786 bet subsistere per ipsum, & quod ipsa est
192 777 689 824 quae mouet ipsum, & quod in ipso non
192 816 687 858 est forma materialis omnino. Dubi
194 854 685 894 tabit aliquis ex hoc, quod dictum est
192 891 683 938 in libro de Coelo, & mundo ipsum,
194 930 685 978 licet esse neque graue, neque leue, & ipm
201 966 689 1015 nabere naturam, quae est huiusmodi: quod
194 1005 684 1042 nos illic declarabimus: & similiter decla¬
190 1051 692 1091 rabimus. illic verbum Ari. quo dixit
198 1084 684 1122 Coelum habere potentiam finitam. Du¬
210 1119 694 1162 liciter enim potentiae motiuae possunt
192 1156 693 1207 dici infinitae, aut quia actio earum
197 1197 687 1234 nunquam cessat, ant quia motio ea
197 1232 691 1282 rum est tantae velocitatis, quod non in¬
198 1268 691 1314 uenitur magis scilicet quod illud, quod ab his
199 1309 683 1347 mouetur, velocius mouetur omni mo¬
198 1346 684 1385 bili. Quod autem aliqua potentia sit in¬
201 1384 693 1426 finitae motionis secundum hunc modum im
200 1425 685 1472 possibile est, nisi motus posset fieri in in¬
199 1461 687 1512 stant, scilicet quod aliqua potentia sit, quae in¬
198 1500 695 1546 finitam facit velocitatem in ipsum, quid
196 1537 690 1579 mouetur. quanto enim maior fuerit mo
198 1577 688 1618 tor, tanto motio eius erit velocior¬
201 1612 689 1665 Motores igitur, siue matertales fue¬
198 1653 691 1690 rint, siue non materiales secundum hunc
196 1691 691 1738 modum conueniunt in hoc, quod mo¬
196 1728 692 1770 tio eorum sit finita. vnde corpora
199 1768 689 1806 coelestia excedunt se inuicem in ve
193 1805 687 1850 locitate, quis motores eorum sint non
718 165 1230 225 in materia. Ergo secundum hunc moduml
710 213 1213 265 dixit, Coeli potentiam esse finitam, &quod,
719 250 1211 298 si inessent ipsi stellae plures, aut ma¬
711 289 1215 331 iores, aut destrueretur motus eius, aut
715 328 1215 378 tardaret. sed hoc diligentius mani¬
709 365 1211 410 festabitur in suo loco. Et haec dubita
714 405 1207 452 tio est maxima dubitationum, quae
714 445 1220 482 accidunt in hac scientia: & non mi
721 478 1215 530 hi determinata nisi cum grandi la¬
723 523 1215 561 pore, & in temporevitae meae non mo
716 550 1207 596 dico. Ad secundam autem quodnem,
714 591 1207 639 qua quaritur, vt quod, si posuerimus actio
717 630 1211 677 nem infinitam in corpore, sequitur,
719 677 1206 711 quod motus sit non in tempore, & non
719 704 1211 747 sequitur, si posuerimus actionem infi
716 748 1215 786 nitam esse potentiae non in corpore,
714 780 1210 831 sic respondentes dicimus quod, si posue
718 818 1207 869 rimus actionem propriam esse cor¬
714 853 1210 898 poris, sequitur quod insit ei potentia in
720 892 1203 943 finita: si autem posuerimus alicuis
719 934 1213 978 non corporis, tunc potentia illius non
714 972 1208 1018 potest dici finita, aut infinita. finitum
722 1013 1201 1052 enim & infinitum solum de corporib
726 1044 1213 1082 dici possunt. & sic sola actio illius di¬
722 1081 1211 1122 cetur infinita. Si autem potentiam in
724 1120 1211 1162 finitam posueris in corpore, sequitur
723 1156 1215 1207 quod motio eius sit non in tempore, quod
721 1197 1215 1243 est impossibile. Si vero illam posue¬
718 1236 1221 1276 ris non in corpore, tunc non dicetur
721 1269 1217 1309 finitum, aut infinitum, eo, quod non est
722 1309 1215 1359 in corpore. Non es go sequitur quod sit
725 1356 1221 1387 mouens non in tpe. cum in his non
720 1390 1224 1437 potest intelligi vna potentia maior
723 1429 1221 1474 alia, eo, quod non sunt corporeae poten¬
724 1459 1219 1511 tiae. maius enim & minus solius est quam
724 1508 1222 1553 titatis. Vnde, si dixerimus potentias
727 1545 1221 1579 esse in corporibus, tunc actio earum
722 1586 1217 1627 erit proportionalis scilicet quoproportio po
722 1617 1208 1664 tentiae motiuae ad potentiam moti
726 1652 1210 1703 uam est sicut proportio velocitatis
714 1692 1202 1730 motus ad velocitatem. Existentib
717 1738 1212 1778 autem non in corpore non est pro¬
726 1772 1216 1818 portio: cum proportio selius est ma
726 1804 1216 1856 gnitudinis ad magnitudinem, vel
