1416 2066
202 173 699 225 erat transmutatum, adeo, quod im¬
210 212 701 265 possibile est reperire initium transmu¬
214 253 700 293 tationis: sed ante transiutationo
212 294 701 331 est transmutatio in infinitum scilicet in
208 333 706 376 potentia. D.d. & impossibile est in aliquo
212 364 706 410 modo iuenire primum. i. inuenire pri
214 400 698 442 mam transmutationem demtratam in a
220 437 705 482 ctu. D.d. Et causa in hoc est, &c. i. 3
210 476 700 526 cam in hoc est, quia magnitudo, & ino
215 515 703 555 tus, & tempus non componuntur ex indi
215 551 709 591 uisibilibus. quoniam, a si motus diuideretr
216 588 691 626 in indiuisibile, tunc esset illic prim
218 625 707 675 motus, & prima magnitudo, & pri¬
219 661 709 710 mum tempus. D.d. diuisio enim est in¬
219 700 707 747 finita, quemadmodum in lineis, quaie
218 737 706 778 addunt, & diminuuntur i. quae procedunt
220 778 704 810 in additione, & diminutione in infi¬
219 813 703 850 nitum, boi vt declaratum est 1 Tertio
260 851 711 903 Manifestum igitur quod & id, quid
222 892 711 930 factum est, necesse est fieri prius, &
225 931 703 982 fit factum esse, quaecumque diuisibi¬
219 972 707 1018 lia, & continua sunt: non tamen semper
218 1012 703 1062 id, quod fit, sed & aliud aliquando,
222 1058 704 1098 vt illius aliquid, sicuti fundamen
214 1093 704 1146 tum domus. Siiit autem & in eo, quid
223 1133 703 1178 corrumpitur, & eo, quod corru
218 1176 708 1227 ptum est. statim enim inest ei, quod
223 1217 707 1266 fit, & quod corrumpitur, cum sit
202 1256 708 1299 continuum, infinitum quoddam. &
218 1302 708 1338 non est, aut fieri non factum ali¬
224 1337 705 1388 quid, aut factum esse quod non fit
218 1381 708 1419 aliquid. similiter autem & in ipso corrum
222 1428 705 1469 pi, & incorruptum esse. semper enim
225 1468 710 1507 est ipso corrumpi corruptum esse
225 1509 706 1548 prius: ipso autem corruptum es
220 1541 711 1594 se corrumpi. Manifestum est igi
222 1580 707 1626 tur, quod & id, quod factum est, ne
221 1626 709 1666 cesse est fieri prius, & quod fit fa
222 1662 710 1715 ctum esse. omnis enim magnitudo,
218 1703 707 1746 & omne tempus semper diuisibilia
223 1746 712 1800 sunt, quare, in quocunque sit, non
222 1788 534 1843 erit vtique, vt primo.
778 172 1234 226 Et manifestum est, quod illud,
734 220 1237 278 quod generatu est, necesse est quod
738 266 1239 330 orius generabatur, & quod gene
734 324 1229 376 ratur prius generatum fuit, &
735 359 1239 418 quod est ex hoc diuisibile, & con¬
732 404 1238 466 tinuum. sed non semper erit illud,
732 452 1236 515 quod generatur, sed aliud, ver. gr.
734 501 1232 554 quida illius, vt fundametu ex do¬
735 548 1241 610 mo. Et eodem modo est de eo, quod
743 597 1239 651 corrumpitur, & quod corruptum
743 643 1241 699 est. est enim necessario in eo, quod
737 685 1239 746 generatur, & corrumpitur ali¬
740 733 1235 795 quod infinitum, cum sit continu¬
734 780 1237 843 um. ergo impossibile est aliquid ge
733 828 1237 891 nerari, quod prius. non generaba¬
736 885 1232 935 tur, & aliquid quod iam genera¬
738 922 1237 984 tum sit, non prius generari, & si
731 965 1235 1029 militer est de eo, quod corrumpi¬
735 1013 1233 1075 tur, & quod corruptum est. sem¬
735 1069 1224 1118 per enim inuenimus antequa res cor¬
738 1109 1231 1163 rumpatur, iam corrupta esse, &
732 1153 1235 1210 antequam sit corrupta, corrumpeba
734 1201 1233 1259 tur. Ergo manifestum est quod il¬
733 1245 1224 1306 lud, quod generatu est, necesse est
736 1292 1228 1354 quod generabatur, & illud, quod
741 1340 1233 1400 generatur, necesse est quod fuit ge
736 1399 1222 1443 neratum. omnis enim magnitudo,
738 1433 1227 1490 & omne tempus semper sunt diui¬
734 1477 1222 1539 sibilia. ex quo sequitur quod illud,
738 1525 1237 1586 in quo generatur, impossibile est
744 1573 1137 1634 vt sit ita, quod sit primum.
781 1636 1223 1690 Cum declarauit, quod omne, quod
741 1677 1224 1725 transinutabatur in magnitudine, prius
736 1717 1226 1766 fuit transmutatum, & omne, quod
738 1750 1234 1799 fuit transmutatum, prius transmu¬
739 1791 1229 1842 tabatur propria declaratione, &
