1416 2066
180 173 688 221 Non solum autem id, quod muta
190 220 695 267 tur, necesse est mutatum esse, sed etiam
195 257 698 306 mutatum necesse est mutari pri
197 301 691 346 us. omne enim quod ex quodam,
190 341 689 379 in quiddam mutatum est, in tempore
197 381 691 433 mutatum est. Sit enim in ipso nunc, ex
199 420 691 462 Ain pr mutatum. ergo in eodem
192 461 686 511 quidem nunc, in quo est in ipso
191 500 699 546 A, non mutatum est. simul enim erit
196 546 697 586 in ipso A, & in ipso enim quod enim mu
192 582 682 624 tatum est, quando mutatum est
198 623 686 672 quod non est in hoc ostensum est prius,
196 664 690 706 si vero in alio est, in medio est rpmos:
198 709 693 760 non enim contigua sunt ipsa nunc.
243 744 687 802 Et non selumodo illud, quod tral
194 789 691 842 mutatur, est necesse vt iam sit tral
723 165 1240 227 mutatum, sed etiam illud, quod est.
730 214 1229 277 transmutatum ad aliquid, necesse
718 263 1232 322 est quod prius transmutabatur. de
729 309 1231 373 enim quod transmutatum est de ali¬
723 356 1231 419 quo in aliquid, transmutatum est
721 413 1227 467 in tempore. Sit igitur aliquid, &¬
724 452 1233 514 transmutetur de An E: ergo ne
724 500 1239 559 cesse est vt in instanti, in quo est in
725 547 1229 595 A,non sit iam transmutatu. quo¬
719 591 1237 642 nia erit in A, & in D. nam iam decla
719 637 1239 703 rauimus superius, quod illud, quod
721 684 1229 744 trasmutatu est, non est in hoc, si igi
721 741 1233 786 tur fuerit in alio, inter illa est tem
722 775 1240 834 pus: quoniaim istatia non sunt sesea..
243 1450 696 1503 Cum declarauit quod omne, quod
205 1491 696 1531 transmutatur, iam prius transmuta
201 1528 693 1570 tum est, vult declarare conuersum,
200 1566 694 1610 scilicet quod omne, quod transmutatum est,
210 1609 692 1642 prius etiam transmutabatur. Et ideo di
199 1644 699 1691 xit: Et non solum modo, &c. i. quo¬
204 1680 695 1721 niam hoc similiter est in eis. Dein¬
202 1716 700 1766 de incoepitur declarare hoc, & dixit:
200 1757 693 1797 omne enim, quod transmutatum est,
210 1790 701 1841 &c. & ista propositio declarata est,
725 1453 1216 1501 scilicet quod omne transmutatum est in ten¬
730 1486 1221 1538 pore. Et, cum posuit hoc, posuit trans
727 1531 1224 1578 mutatum aliquod de aliquo termi
729 1565 1228 1619 nato in aliquod terminatum, quod est
733 1603 1229 1658 primum eius, ad quod transmuta¬
733 1641 1229 1684 tur. verbi gratia de A in p, & dixit:
733 1682 1226 1730 Sit igitur aliquid, &c. i. 3de aliquo com
733 1717 1235 1769 trario scilicet A ad contrarium, ad quod
738 1757 1231 1794 primo fit transmutatio scilicet inter quae
730 1799 1233 1834 non est medium, vt declaratum est su
