1416 2066
195 157 694 194 est mensurare motum, modo supra declara¬
193 197 692 225 to. sed sermo praesens est comparatiuus, quia
190 223 692 258 dria est in ter tempus, vt comparatur ad motum,
189 255 689 290 & vt comparatur ad res permanentes, quae sunt
194 287 698 319 sub tpere. res enim temporales non mensurantur
194 320 696 354 a tpere, nisi secundum esse, i. quantum ad durationem,
194 350 693 394 earum, vt patet in tex. com. r33 non autem men¬
190 381 693 418 surantur quo ad sui quantitatem. v. g. lapis, quo
189 420 691 450 ad suum esse. i, quo ad durationem & per¬
189 452 689 485 manentiam sui esse, mensuratur a tpere, sed la¬
188 476 698 516 pidis quantitas mensuratur non a tpe, sed a
188 510 694 545 cubito vel aliquo consimili. sed motus cum
188 539 694 573 sit res successiua, & non habeat omnes partes
190 572 689 602 simul, mensuratur a tpe, & quo ad sui quam
191 604 691 644 titatem, quia vt dicit Com. in com. 113. cum temps
188 637 690 666 fuerit imaginatum esse mensuram exten
197 665 701 698 sam per extensionem motus, sic mensurat
193 698 701 741 motum per se, & adaequatur ei, vt dicit Com. in
190 732 696 767 com. S7. & mensurat a motu illo modo per
198 764 699 794 accidens. & tempus etiam mensurat motum
195 791 695 826 quo ad esse, i. quo ad durationem eius, &
195 821 695 855 fiuxum suae permanentae. & ita motui men
195 853 699 889 surari quo ad vtrunque, scilicet quo ad quantitatem
195 885 695 919 & esse, accidit ex parte qua est ens, non ha¬
192 916 689 954 bens omnes sui partes in actu, sicut est spacium
199 951 577 987 & vniversaliter sicut sunt res permanentes,
227 980 690 1021 Vigesima contradi. est in tex. n2. Aristo,
195 1006 698 1044 dicit quod cum tempus sit numerus quidam, esse
193 1045 697 1082 in tpe dicitur dupieiciter, vel quod aliquid sit tunc,
192 1074 693 1106 cum tempus est, vel tanquam in numero esse.
196 1105 689 1138 In numero autem esse contingit dupecisitur, ve
200 1138 695 1178 sicut partem, vel sicut passionem, vt vnitas,
191 1173 693 1202 & par & impar, quorum vnitas est pars nu¬
189 1204 691 1234 meri, impar autem & superfsuum sunt nume¬
193 1230 693 1269 ripassiones. sic & inquit in tpere nunc, & prius
190 1263 691 1298 & posterius. sicut enim illa numeri aliquid sunt
191 1295 695 1331 ita haec sunt aliquid rperis. Vnde. 4. phy. tex.
196 1333 695 1362 com. 102. vnitas ita se habet ad numerum, sicut
196 1362 695 1392 instans ad tempus. sicut enim numerus est colle¬
188 1396 700 1433 ctus ex reiteratione vnira: is, sic tempus est nu
198 1423 690 1465 merus quidam collectus, & conflatus ex insta
198 1459 689 1490 tibus, vt dicit etiam Themi. ibi. par autem & im¬
198 1493 691 1524 par & superssuum sunt de passionibus nu¬
198 1523 688 1555 meri, sicut etiam prius & posterius sunt de
192 1556 694 1590 passionibus tperis Vnde Tnem expresse dicit
190 1589 698 1619 quod sicut illa sunt accidentia numeri, sic haec
194 1610 684 1651 sunt accidentia tperis. patet autem quod hoc non in
194 1652 691 1682 telligitur de vnitate, quia vnitas est pars nu¬
190 1679 686 1717 meri, sed de pari & impari & superfsuo. ig
190 1708 691 1750 tur prius & posterius sunt passiones rperis. Sed
194 1741 695 1778 ex aduerso vivetsal quod sint deriae subslantiales tpris,
198 1772 686 1812 quia ponuntur in definitione eius. Soluit
191 1805 687 1844 quod prius & posterius, quae ponuntur in defini¬
194 1837 689 1874 tione temporis, non sunt prius & posterius
192 1867 688 1907 temporis: sed sunt prius & posterius motus
194 1906 691 1946 primi, vt dicit Them Ad argumentum Ca¬
722 157 1228 194 leni, qui contra Aristo. inuectus asserebat
726 195 1228 227 enumeratis omnibus significatis prioris, nullus
721 226 1229 264 alius modus videbatur congruere nisi priori¬
725 257 1229 290 tas secundum tempus, & ita tempus definiebatur per ten¬
727 286 1228 319 pus. Them. autem, & diuus Thomas, & Com.
726 325 1237 354 dicunt quod prius & postetius ibi sunt prius &
723 349 1231 392 posterius primi motus. Et ex hoc poteris vi¬
727 383 1237 426 dere quod prius & posterius non sunt de qui.
719 419 1239 448 ditate motus, sed sunt accidentia motus, vt
725 446 1231 483 dicit Arist. & Com. in. 4. phy in te. com. 79. sunt
725 475 1229 513 enim eadem secundum subiectum. quia quando consyde¬
723 509 1239 538 rantur, vt dicit Com. vt sunt in subiecto, sunt
735 540 1239 579 artes motus, sed quando consyderantur secundum de¬
726 567 1227 602 finitionem & quiditatem, sunt aliud a mo
728 601 1237 635 tu. quia motus est in quantitate, & prius, &
729 637 1231 671 posterius sunt in numero. Tunc sic, sicut mo
726 669 1234 706 tus est in quantitate, vt mensuratur a tpre, sic
733 697 1229 730 etiam tempus. vt mensurat motum, est in quanti¬
729 728 1229 762 tate: sicut dicit Com in com. 133. vbi declarat
728 764 1227 799 quomodo motus mensurat tempus per accidens,
731 791 1227 823 tempus vero motum per se. inquit enim hoc ac¬
723 825 1232 858 cidit ei, cum fuerit imaxinatum esse mensuram
726 853 1234 890 extensam per extensionem motus. quod in
721 887 1234 920 telligas quom ad extensionem durationis mo¬
730 919 1238 954 tus merito illarum partium, quae sunt successi
719 951 1230 991 uae, & non merito, partium motus, quas habet
724 977 1226 1020 simul ad diuisionem mobilis. habet enim me tus du
729 1014 1229 1051 plices partes. 4. phy. com. 1o02. nam partes motus
729 1041 1229 1083 ex mobilis diuisione sunt secundum triplicem dimen
727 1074 1229 1106 sionem, & penes illas tempus non est mensura
725 1105 1227 1138 motus, sed solum quo ad partes successiuas:
726 1136 1228 1170 & ita tempus non est mensura motus nisi secundum
720 1169 1229 1209 longitudinem durationis taquam linea succes¬
720 1196 1234 1239 sionis. & etiam sicut prius & posterius secundum qui
725 1230 1223 1266 ditatem differunt a motu, sic prius & poste¬
721 1263 1229 1298 rius secundum quiditatem differunt a tpre. sunt enim ac
730 1294 1227 1330 cidentia & passiones temporis, sicut par & ipar
720 1332 1232 1363 sunt passiones & accidentia numeri & ista
726 1361 1228 1395 est vna solo. Quia autem Them. substinet etiam
722 1393 1225 1430 prius & posterius posita in definitione tempo
722 1423 1233 1469 ris posse recipi. prout sunt diciturae temporis, in il¬
724 1454 1230 1490 la sosone ad argumentum Galeni, tuc secundum illa
718 1486 1228 1522 secundam solonem esset magis difficile argu
724 1519 1228 1554 mentum, & contradictio magis valida. & tunt
720 1553 1235 1592 iuxta illam solonem oportet dicere quod verae
727 1583 1222 1618 & substantiales temporis dierrae sunt nobis oc¬
724 1615 1226 1650 cultae, & circumloquimur eas per suas, proprie¬
722 1652 1232 1687 tates. Vnde diuus Aug. confessus est se igno
725 1677 1229 1715 rare temporis quiditatem. Vnde in hoc casu li¬
730 1709 1228 1746 cet ad circumloquendum dirias occultas pone
726 1742 1228 1778 re consequentia & propria, sicut dicit Com.
721 1773 1225 1802 in simili de qualitatibus elementorum com¬
725 1805 1231 1837 tra Alex. in. 7. meta. com. 3. & alibi frequenter.
720 1837 1175 1866 & Auic. in. 3. suae metaphy. & tu cogita,
754 1867 1218 1911 Vigesimaprima contradi. est in tex. 137
721 1901 1219 1931 Aristo. & Com. volunt tempus esse causam cor¬
