1416 2066
203 173 699 220 alia in accidente. in substantia vero,
214 218 703 259 quia substantia non contraria est
207 260 707 303 substantiae, & transmutatio est de op
214 292 704 340 posito in oppositum, non dicimus
214 329 702 379 quod ista transmutatio est de subiecto
212 365 713 417 in subiectum. &, si sit ita, aut ergo dici¬
217 404 705 451 tur esse de non subiecto in subiectum,
217 445 697 482 & de negatione in affirmationem
216 480 711 520 aut econtrario: cum oppositio in hac
218 524 710 561 transmutatione est in priuatione, &
219 553 701 595 habitu, quae est in substantia, non in
214 594 704 639 contrarietate, sicut est dispositio in
223 636 710 675 transmutatione, quae est in acciden
216 666 703 706 te. transmutatio vero, quae est in ac¬
216 708 704 752 cidente, quia est in contrarietate, &
203 741 705 782 duo contraria sunt existentia, dici¬
218 780 704 818 tur esse de subiecto in subiectum.
218 820 702 867 &, quia illa, quae opponuntur secun
218 856 707 901 dum contrarietatem, possunt oppo
219 890 711 941 ni secundum priuationem, & habitum, &
219 933 703 978 secundum affirmationem, & negationem,
222 973 703 1013 possibile est etiam dicere in eis, quae
224 1008 701 1052 opponuntur secundum contrarietatem, il¬
225 1039 713 1077 a transmutari de subiecto in non
219 1075 705 1129 subiectum, v. g. de albo in non album:
218 1114 711 1155 sicut dicimus hoc de substantia in
223 1149 707 1195 non substantiam scilicet sicut dicimus ali¬
214 1193 704 1236 quid transmutari de homine in non
218 1225 707 1266 hominem, & similiter dicimus etiam
217 1269 703 1306 quod transmutatur de non subiecto
218 1300 711 1346 in subiectum in accidente, verbi
214 1348 710 1378 vratia de non albo in album: sicut
213 1366 711 1418 dicimus substantiam transmutari
217 1414 712 1455 de non homine in hominem. Et,
218 1455 705 1498 quia transmutatio vniuersaliter, cum
217 1487 702 1536 accipitur de non subiecto in subie¬
221 1525 707 1575 ctum, dicitur generatio, & cum acci
219 1565 709 1610 pitur de subiecto in non subiectum,
214 1600 702 1651 dicitur corruptio, & subiectum, & non
216 1641 705 1682 subiectum quaedam dicuntur sim¬
217 1678 710 1720 pliciter, & sunt illa, quae sunt in sub
215 1712 713 1754 stantia, cum substantia sit per se, &
216 1752 705 1800 quaedam non dicuntur silmpliciter,
218 1788 711 1842 & sunt illa, quae sunt in accidentibus,
732 173 1223 222 quoniam hoc nomen esse, aut non esse di¬
733 215 1222 267 citur de substantia simpliciter, & de
736 253 1217 303 accidente non simpliciter, ideo trans¬
730 298 1218 338 mutatio, quae est in substantia, de
731 328 1225 370 non subiecto simpliciter, & de non
736 367 1219 417 ente simpliciter ad ens simpliciter
739 405 1222 455 dicitur generatio simpiericitur, & transmutatio
732 445 1221 482 de ente simpericiter in non ens simpliciter
741 477 1213 522 dicitur corruptio simpercitur: & transmu
738 516 1219 568 tatio, quae est de non aliquo ente,
735 554 1225 594 idest existente in alio non simplici
736 589 1223 642 ter, quod est accidens, in aliquid ens,
739 628 1221 679 dicitur generatio aliqua, non sim¬
738 669 1216 714 pliciter: & similiter transmutatio,
736 702 1224 752 quae est de aliquo ente in non aliquid
738 739 1224 786 ens, dicitur aliqua corruptio. Et, cum
737 779 1231 817 hoc sit declaratum, cum d. Trans¬
736 816 1223 866 iutatio igitur de non subiecto in
738 853 1223 899 subiectum est generatio: intendit quod
741 889 1225 930 transmutatio vniversaliter, siue suum esse fue¬
736 927 1223 970 rit in accidente, siue in substantia,
739 964 1227 1013 cum accipitur secundum quod est ex non sub¬
741 1002 1225 1043 recto in subiectum, dicitur oenera¬
741 1031 1221 1090 tio. D.d. & transmutatio simplici¬
736 1077 1229 1123 ter, &c. idest & transmutatio simpli
734 1114 1224 1163 citer: & est illa, quae est de non sub¬
739 1150 1233 1200 iecto in subiectum: & est illa, quae
739 1196 1221 1238 est in substantia, dicitur generatio
738 1226 1224 1275 simpliciter, quia est in ente simplici
744 1263 1224 1314 ter, non in aliquo ente: & quae est
742 1300 1226 1351 de non ente aliquo in aliquid ens, &
742 1341 1228 1381 est accidens, dicitur generatio aliqua,
741 1380 1231 1426 non generatio simpliciter, quia est
738 1413 1225 1463 in aliquo ente, non in ente simplici
735 1458 1227 1490 ter. D.d. transmutatio vero de nihi¬
746 1485 1228 1524 o, &c. i. transinutatio de non ente
738 1524 1229 1573 simpliciter, i. de non substantia ali¬
740 1565 1229 1614 qua in eus simpliciter, i. in aliquam
740 1602 1230 1650 substantiam est generatio simplici
744 1637 1228 1675 ter, & transinutatio simpliciter. D.
740 1677 1229 1714 d. Transmutatio vero de subiecto in
741 1712 1233 1754 non subiectum, &c. i. transmutatio
740 1751 1233 1786 vero de ente in non ens est duobus
743 1791 1239 1842 modis etiam. quoniam, si tiansmutatio
