1416 2066
187 173 697 224 definitionem, sicut est definitio in
205 218 700 273 Mathematicis: ista enim consyderant
206 260 700 299 de formis, & ideo causae in eis sunt
198 301 692 341 secundum formam. Et deinde induxit exem
202 333 693 387 plum de Mathematicis. & dixit. v.
200 373 692 427 &. &c. i. v. g. quaestiones accidentes in
201 412 700 463 Mathematicis: quoniam omnes reducun
206 453 694 490 tur ad definitionem, vt ad definitio
202 489 694 538 nem simetri, & asimetri, aut recti, aut
204 526 579 578 circularis, aut aliud ab istis.
247 572 695 610 Aut ad mouens primum. vt
203 606 692 658 prper quid certauerunt u quoniam fura¬
204 649 693 691 ti sunt. Aut cuius gratia e vt do¬
203 693 695 734 minentur. Aut in ijs, quae fiunt, ma
204 740 700 786 teria. Quod igitur causae hae, &
204 771 572 820 tot sint manifestum est.
251 813 697 871 Aut reducitur ad primum mo¬
200 861 691 922 torem. v. g. quare pugnatus dicetur,
194 909 685 962 quia depraedabantur. Aut redu.
200 956 684 1017 citur ad illud propter quid. v. gr
201 1005 690 1066 vt regnarent. Aut reducitur in
191 1049 684 1114 rebus generabilibus ad materia
196 1108 695 1163 Apparet igitur quod causae sunt
198 1149 522 1210 quatuor, & quot sunt.
238 1196 703 1245 Hoc, quod dixit, manifestum est
193 1232 694 1283 per se, & est declaratio ad confirmam
202 1271 694 1314 dum per syllogismum dialecticum.
198 1311 692 1354 Dialecticus enim ponit quod interrogatio
196 1357 695 1401 per quare reducitur ad istas quatuor
192 1388 697 1441 cauns, ita quod hoc est manifestum per se. Et
202 1427 690 1471 sermo componitur sic. Causae sunt il¬
199 1469 697 1515 lae, quae inducuntur ad quare: & illa, quae
199 1509 695 1554 inducuntur in responsione ad quare,
199 1545 688 1587 sunt quatuor: ergo causae sunt qua¬
194 1583 694 1634 tuor. Et exemplum responsionis: ad
198 1622 692 1663 quare secundum materiam, cum dicitur, qua
198 1660 694 1703 re corrumpitur animal, est cum dicit
196 1701 687 1746 quia compositum est ex contrarijs
238 1757 691 1810 Cum autem causae quatuor sint,
190 1800 690 1842 de omnibus est Physici cogno¬
187 1844 694 1890 scere, & ad omnes, reducens ipsum
726 180 1216 234 prper quid, assignabit physice ma
732 228 1209 283 teriam, formam, ipsum mouens,
731 268 1225 314 & id, cuius gratia. Veniunt autem
730 309 1221 354 tres in vnam plerumque. ipsum enim
724 349 1218 395 quid est, & id, cuius gra, vna est:
728 395 1219 450 ipsum vero vnde motus primum
728 437 1223 479 specie eadem est his: homo enim
722 475 1018 530 hominem generat.
769 517 1210 578 Et, quia causae sunt quatuor,
725 565 1203 621 oportet Naturalem scire omnes
728 612 1222 674 & reducere quaestionem per qua¬
726 661 1218 722 re ad illas omnes, & complere re¬
722 709 1224 770 sponsionem de eis secundum cursum
720 756 1236 819 naturalem scilicet secundum materia,
727 805 1223 874 & formam, & motorem, & pro¬
719 854 1221 914 ter quid. Et multotiens reducutur
723 900 1219 962 tria ad unu. quod enim est aliquid,
725 949 1225 1010 est etiam illud, propter quid est: et
723 980 1227 1058 illud, ex quo primo est motus, est for
723 1045 1227 1090 ma, & hoc est vnum: homo enim
722 1098 996 1154 generat hominem.
763 1148 1236 1201 D.quod oportet Naturalem dare in
725 1187 1222 1226 responsione ad quare omnes causas qua¬
723 1229 1229 1279 tuor: quoniam in senita naturali apparet ma¬
725 1264 1231 1306 teria, & in quo est materia, sunt omnes
725 1308 1224 1346 causae. D.d. multotiens reducuntur,
728 1340 1223 1386 tria ad vnum, i. & accidit in scientia
727 1380 1226 1431 naturali vt tres causae, scilicet agens, & for
724 1420 1214 1461 ma, & finis sint vnum secundum subiectum,
724 1457 1224 1498 & plures secundum definitionem. & hoc ac
724 1495 1225 1546 cidit, quoniam, cum Naturalis voluerit red
727 1535 1225 1587 dere causas gnerationis, non caus genera¬
723 1573 1225 1628 bilium, & generatio est ab aequali in
730 1613 1218 1667 spe. v. g. quoniam homo gneratur ex homine
723 1652 1220 1706 ideo gnans, & generatum sunt vnum secundum
729 1690 1225 1741 forma, & forma gnerata est finis mo¬
725 1726 1224 1770 tus materiae ab agente. & sic istalfor
726 1773 1225 1810 ma erit agens, & finis, & forma. & qua
723 1807 1218 1859 hoc non est verum in rebus, quae non ge¬
722 1852 1216 1892 nerantur ab aequali sibi in specie, neque
