1416 2066
212 181 735 236 casu non est necessarium, neque possibile
233 222 725 267 in maiori parte. sed ista, quae non sunt
223 268 728 306 necessaria, neque possibilia in maiori
226 302 725 352 parte, quadam sunt possibilia aequaliter,
230 351 726 387 & quaedam in minori parte: Quaerem
234 381 730 427 dum igitur, vtrum casus iueniatur in
233 421 729 474 vtroque: sed, si existimauerimus quod po
229 464 729 511 tentia istius sermonis est potentia syl
229 500 729 551 logismi hypothetici diuisiui, neces¬
222 539 727 587 se est secundum Arist. vt casus sit in vtroque.
228 580 720 619 Sed Posteriores Peripatetici, vt nar
231 618 721 659 rauit Aui. dunt quod casus inuenitur in eis,
234 654 717 705 quae sunt possibilia in minori par¬
228 694 727 738 te, non in eis, quae sunt aequaliter. & haec
227 733 722 771 est sententia Themistil. Auicenna
212 772 720 818 autem dicit, quod casus est in vtroque. &nar
222 809 731 851 rauit quod illi ratiocinantur super hoc, di¬
229 846 733 898 centes quod illa, quae sunt & non sunt
224 892 730 939 aequaliter, cum attribuuntur potentiae
229 924 720 974 actiuae, sunt vt ambulatio, & quies,
226 964 712 1016 cum enim aliquis ambulat, non dicim
230 1001 723 1052 quod ambulatio eius fuerit casu, neque,
228 1044 720 1082 si quieuerit, quod quies eius fuerit casu.
253 1079 726 1123 Auicensia autem contradixit huic
230 1116 727 1163 sic. Nom est impossibile inuenire vnum,
228 1153 723 1212 quod dicatur esse necessarium in re¬
226 1198 725 1242 spectu alicuius, &casuale in respectu
228 1235 724 1286 alterius: & similiter erit possibile in maio
231 1279 724 1325 ri parte in respectu alicuitus, & in mi
226 1314 724 1356 nori parte in respectu alterius. Et
227 1363 731 1402 quasi intendit quod ambulatio, si attri¬
230 1394 725 1442 buitur potentiae motiuae in loco, erit
224 1430 725 1474 casualis, quia non est in natura istius
222 1472 726 1520 potentiae mouere plusquae quiescere:
233 1506 729 1560 &, si attribuitur ad appetitum, qui fa¬
226 1548 732 1594 cit motum, non erit casualis. Sed, si
228 1586 727 1639 hoc fuerit, non erit hoc contingens
234 1625 726 1668 vt in paucioribus naturaliter, neque
230 1663 722 1715 vt in pluribus, neque necessarium, quid
230 1703 727 1747 est inopinabile. Et manifestum est
225 1739 722 1788 quod, quando dicimus quod contingit mihi quod
222 1777 720 1826 comedi cum satietate, & hoc est ca¬
228 1817 731 1859 su, & dicitur sine casu, veme comedere per
222 1855 734 1914 appetitum. ergo contingens aequale
758 181 1275 228 impossibile est vt inueniatur ex eof
757 224 1258 274 altera duarum actionum, nisi ex al¬
762 266 1255 313 tera causa coniuncta cum eo: quoniam neu¬
762 304 1249 357 tra actio est dignior vt sit reliqua
764 343 1261 386 &, cum ita sit, actio non inuenitur ex
755 379 1259 427 eo, quod est cont ingens aequamiter, nisi
759 420 1259 462 ex aliqua causa extrinseca coniun¬
758 461 1263 512 cta cum eo. Ista igitur causa, si fuerit vt
759 501 1265 551 in pluribus, tunc illa actio non dice
756 541 1261 578 tur fieri casu scilicet si prouentus illius actio
754 577 1259 627 nis ab eo fuerit in maiori parte, erit
755 618 1259 658 in pluribus, & si fuerit in minori par¬
759 662 1259 699 te, erit in paucioribus. cum igitur actio
767 701 1261 744 prouenit ab aliquo contingente per
754 733 1254 778 se, & primo, necessario aut est in, mi
760 773 1248 823 nori parte, aut in maiori. a cont ingen
755 808 1249 859 te autem aequaliter nulla actio pro¬
756 853 1260 900 uenit, secundum quod est contingens aequali¬
759 884 1259 938 ter, quoniam natura eius est natura mate¬
757 925 1254 978 riae, non natura formae. Actiones igi
759 970 1257 1013 tur, quae non sunt necestariae, neque con
756 1004 1252 1056 tingentes vt in pluribus, necessario
756 1045 1257 1087 proueniunt in minore parte. & secundum
758 1080 1257 1133 hoc casus non erit in contingenti
754 1120 1258 1162 aequaliter, neque etiam Arist. dimisit
767 1156 1244 1202 vnum modum actionum, in quib
756 1197 1254 1248 inuenitur casus. Et debes scire quod
759 1236 1243 1289 dieria inter contingens vt in pluribus
756 1277 1262 1327 & necessarium non est quod contingens
764 1317 1254 1354 vt in pluribus habet impedimentum
762 1352 1252 1399 vt in paucioribus, & necessarium non
756 1390 1260 1442 habet impedimentum, vt dicit Aui¬
759 1433 1261 1482 secundum enim hoc sequitur, vt omnia sint na¬
759 1473 1255 1514 turaliter necessario: immo contin¬
763 1509 1253 1559 gens vt in pluribus est illud, in cuius
756 1557 1254 1594 natura est possibilitas vt actio eius
760 1587 1263 1626 deficiat in minori perte: & ideo inuenitur
754 1624 1253 1678 illic impedimentum extrinsecum,
756 1661 1265 1707 necessarium vero, quia non habet hoc
752 1701 1255 1744 in sua naturam, ideo non inuenitur im
760 1748 1252 1787 pedimentum illi extrinsecum. si er¬
762 1776 1261 1829 go non inuenitur impedimentum ex
754 1820 1263 1872 trinsecum ei, quid est. contingens vt in
764 1857 1266 1907 pluribus, continigeret tunc vt possi¬
