1416 2066
187 180 692 234 quoniam mutant locum: tota vero sphae
197 220 693 266 ra non mutat locum, vt existima¬
201 268 696 306 tur: Et Arist. declarat in vltimo sex
200 302 694 354 ti, quod sphaera mutat locum secundum
195 341 697 386 formam, non secundum subiectum, vt de¬
203 376 691 418 clarabit in illo loco. Et existimauit
196 420 694 458 Auice. quod motus, qui mutat locum
194 456 692 498 in forma, non in subiecto, est motus
197 495 685 540 in situ. & hic est error manifestus,
202 533 697 588 & intelligo per formam hoc, quid trans¬
201 577 689 618 fertur circa conuexum centri ex con¬
207 613 691 664 uexo perfectae rotunditatis ad con¬
207 652 684 702 uexum perfectae rotunditatis: cum con¬
202 693 694 738 uexum, diuidatur in multa conuexa,
200 727 691 781 quorum vnumqueneque est perfectae conue
203 774 689 821 xitatis, & rotunditatis. Est igitur vnum
205 806 687 851 secundum subiectum, non secundum for¬
205 845 689 890 mam. & ideo translatio corporis ro
201 886 690 923 tundi secundum totum circa totalitatem
203 925 696 962 centri, est mutatio loci secundum formam
208 965 689 1013 eius, non secundum subiectum. &, quia isti
206 1001 692 1049 translationi accidit diuersitas situs,
203 1044 688 1094 ilicet itus totius sphaerae ad totum cen
202 1079 687 1124 trum, vocauit ipsum Auic. situalem,
201 1120 698 1171 & dicere motum esse situalem, quia
206 1158 692 1202 mutatur de situ in situm, est aliud
209 1194 231 1212 rus
206 1197 691 1252 qua dicere motum esse situalem, quia
208 1235 690 1288 e in ipso situ. Et hoc ignoraui: Aui
208 1277 694 1328 cen, aut vitiose protulit. Et mouit
212 1317 687 1367 ipsum ad dicendum hoc, quod di¬
202 1349 696 1409 xit Alexan. quod orbis stellatus non est
198 1393 699 1448 in loco per se, neque per accidens,
202 1434 695 1478 & quod iste motus non est in loco¬
202 1473 692 1515 & quod non est translatio. & hoc
208 1510 434 1563 totum nihil est.
243 1565 695 1618 Et propter hoc omnia in coe
200 1612 692 1668 lo sunt. coelum enim ipsum totum
201 1652 691 1700 fortasse est. Est autem locus non
202 1699 688 1746 coelum, sed coeli quiddam, vlti¬
199 1736 697 1778 mus scilicet & tagens mobile corpus
205 1780 699 1833 terminus quiescens. & ob hoc
203 1820 689 1875 terra quidem in aqua est, haec
206 1864 700 1922 vero in aere, hic autem in aethe¬
718 181 1232 240 re, & aether, in coelo, coelum au¬
724 229 1175 282 tem non amplius in alio est.
768 277 1226 330 Et propter hoc omnia erunt in
721 316 1229 378 coelo. videtur enim quod coelum est
718 364 1203 426 totum. Et coelum non est in loco
720 412 1223 475 sed aliquid ex coelo, & est vltimum
720 468 1225 529 eius contangens cor pus, quod habet
716 512 1212 570 moueri. & ideo terra est in aqua,
724 557 1223 610 & aqua in aere, & aer in aethe¬
721 605 1221 658 re, & aether in coelo, coelum ve¬
716 652 1064 714 ro non est in aliquo alio.
763 724 1211 781 Quoniam omnia sunt in toto,
725 765 1214 819 & totum est coelum: ergo omnia erunt
725 808 1215 850 in coelo. & ipse induxit conclusionem
729 845 1216 890 tantum, cum dixit: Et propter hoc omnia
722 892 1225 938 erunt in coelo, & conuersionem ma
720 924 1227 975 ioris propositionis, cum dixit videtur
729 965 1215 1010 enim quod coelum est totum. &fecit hoc,
723 1002 1219 1051 quia conuersio eius est manifesta,
724 1045 1219 1082 & minor propositio est manifesta.
721 1078 1215 1123 & dixit videtur, quia declarabitur,
731 1119 1217 1170 quando declarabitur quod extra coelum non
722 1157 1223 1206 est aliquod corpus omnino. D.d. Et
725 1203 1216 1242 coelum non est locus, &c. & intendit
726 1237 1212 1289 per vltimum contangens concauum
731 1276 1223 1329 orhis lunae, quod continet ignem. et
725 1315 1215 1363 intendit per corpus, quod habet mo¬
723 1352 1218 1407 ueri, ignem, & intendit, vt mihi videtalitr
731 1392 1211 1446 quod habet moueri ad illud scilicet ad con¬
731 1431 1215 1478 cauum orbis lunae. & dixit hoc, ne
727 1471 1203 1524 existimetur quod locus sit corpus, & qdu
721 1509 1205 1563 coelum non est locus, nisi secundum quod com.
725 1549 1207 1594 tinet. Et intendebat etiam per hoc
729 1588 1207 1641 declarare quod illud, quod est dictum
727 1629 1210 1666 in definitione loci inuenitur esse con
724 1676 1212 1715 ueiens in quatuor elementis. Tter
727 1706 1211 1746 ra enim sicut dixit, inuenitur in versaliteo
727 1748 1211 1799 aquae, & aqua in vltimo aeris, & aer¬
726 1788 1213 1826 etiam, vt demonstratur in Coelo, &
727 1825 1209 1866 Mundo, est in vltimo ignis, & ignis
718 1862 1210 1906 in vltimo orbis. sed posuit ista hic,
