1416 2066
227 172 721 226 plum de numeris, vult etiam dare exen¬
234 213 712 267 plum de magnitudinibus, & dixit:
230 251 721 304 Linea enim non excedit punctum. i. & pro
232 293 718 346 pter hoc non inuenitur, proportio inter
232 333 717 388 ineam, & punctum, qua proueniat ex¬
239 372 723 419 cessus, quoniam, si ita esset, tunc excedens,
237 412 725 459 & res, excessa essent partes lineae: &
232 449 713 502 sic linea componeretur ex punctis
229 486 719 539 quod post declarabitur esse impossi¬
235 524 713 578 bile. Et, cum declarauit hanc pro¬
231 566 723 615 ponem, dicentem quod omne excedens ali¬
232 613 723 653 quid debet diuidi in excessum, & in
226 645 727 683 rem excessam, & vacuum non diuiditur,
226 693 715 729 in illud, per quod excedit corpus, cum
229 724 712 763 in eo non est subtilitas, dedit con
219 756 724 811 clusionem, quae sequitur ex hoc, & est
234 803 725 850 quod vacuum non habet proportionem,
227 838 717 893 ad plenum, qua dicatur excedere ple¬
229 876 723 922 num in subtilitate, & dixit: Et similiter
233 916 721 959 et vacuum. Et iste sylsus est etiam in
227 957 718 1009 secunda figura. & quod subticuit, est
234 997 715 1047 minor propositio. Et, cum declarauit
228 1029 723 1082 hanc conclonem, dedit impossibile,
228 1074 722 1118 quod sequitur ex ea, si aliquid mouea
230 1124 723 1167 tur in vacuo, & dixit: ergo neque mo
231 1161 725 1194 tus erit in eo. id est, &, cum vacuum
226 1196 719 1242 non habet proportionem ad plenum
229 1231 723 1274 insubtilitate, & ponitur aliquid mo
235 1271 717 1317 ueri in eo, sequitur ex hoc, quod motus
231 1308 723 1354 in vacuo non habet proportionem ad
221 1352 721 1401 motum in pleno, & sic erit motus in¬
230 1388 724 1444 diuisibilis in tempore indiuisibili, scilicet
227 1429 724 1480 instanti, quod est impossibile, vt post
226 1470 714 1519 declarabitur. & quasi hic accipit pro
232 1508 716 1554 constanti, quid declaratur in Sexto scilicet
229 1557 718 1600 quod omnis motus est in tempore, & quod
226 1588 716 1636 motus est diuisibilis. a Auempace au
232 1631 717 1680 tem bene mouit hic quodnem. dicit enim quod
229 1673 712 1707 non sequitur vt proportio motus eius
231 1708 723 1747 dem lapidis in aqua ad motum eius in
226 1750 718 1801 aere sit, sicut proportio spissitudinis
228 1787 714 1839 aquae ad spissitudinem aeris, nisi mo¬
221 1826 724 1875 tus lapidis esset in tempore, perper hoc, quod
219 1867 727 1913 mouetur in medio. &, si hoc esset,
757 173 1249 218 contingeret vt nullus motus esse in
754 217 1247 258 tempore, nisi prper impediens: mecium
754 256 1247 296 enim videtur impedire rem motam. &,
752 291 1250 338 si ita esset, tunc corpora coelestia mo
753 334 1255 370 uerentur in instanti, cum nullum me
755 372 1253 418 dium impediens sit illic. & dicit quod
755 411 1253 462 proportio subtilitatis aquae ad sub¬
753 452 1253 503 tilitatem aeris, est sicut proportio tar¬
750 484 1250 538 ditatis accidentis motui in aqua ad
754 528 1241 566 tarditatem accidentem ei, in aere,
754 565 1249 618 Et haec sunt verba eius in Septimo sui
752 604 1247 657 libri, & dicit: Ista resistentia, quae est
753 642 1261 694 inter plenum, & corpus, quid mouetur
750 685 1246 736 in eo est illa, inter quam, & potentiam
759 722 1247 763 vacui fecit Aristo. proportionem in
759 760 1246 814 Quarto. & non est sicut existimatur
751 804 1243 845 de eius opinione. proportio enim aquae
749 838 1245 882 ad aerem in spissitudine non est si¬
753 877 1245 929 cut proportio motus lapidis in aqua
751 916 1236 969 ad motum eius in aere: sed propor¬
755 955 1247 1006 tio posentiae continuitatis aquae ad
750 997 1236 1042 potentiam continuitatis aeris, est si
748 1033 1245 1082 cut proportio tarditatis accidentis
752 1071 1244 1122 rei motae ex illo, in quo mouetur, v.
752 1111 1246 1162 g. aqua, ad tarditatem accidentem
748 1148 1243 1194 ci, quando mouetur in aere. quoniam, si esset,
746 1189 1239 1232 sicut aestimauerunt aliqui, tunc mo
747 1228 1242 1275 tus naturalis esset violentus. ergo, si
752 1266 1249 1314 illic non esset resistentia, quomodo esset
751 1309 1241 1348 motus:? necesse est enim vt esset in in¬
754 1347 1249 1404 stanti. quid ergo dicetur de motu
754 1388 1240 1427 circulari: & illic non est resistentia:
750 1436 1247 1472 quoniam illic non est diuisio omnino: nam
746 1469 1251 1518 locus circuli idem est semper. non
751 1509 1246 1546 itaque euacuatur vnus locus, & alias
752 1545 1237 1601 impletur. necesse est igitur, vt mo
754 1589 1245 1626 tus circularis sit in instanti. sed nos
755 1625 1247 1666 videmus in eo maximam tardita¬
757 1665 1245 1706 tem, vt in motu stellarum fixarum, &
757 1716 1245 1754 maximam velocitatem, vt in motu diur¬
753 1749 1241 1798 no: & hoc non est, nisi perper distantiam
753 1796 1249 1826 motoris in nobi itate a moto, cum
759 1828 1243 1881 gitur fuerit nobilior, tunc illud, quid
756 1868 1250 1914 mouetur ab eo, erit velocius: &, cum
