1416 2066
199 180 705 234 Amplius autem &cuiusnam
210 229 708 273 ponet aliquis iis, quae sunt, causam
211 265 717 314 esse locumenulla enim quatuor
211 306 709 354 causarum ipsi inest. Neque enim
218 349 707 394 est vt Materia, eorum, quae sunt
215 393 715 434 nam nihil ex ipso constitutum
215 437 709 474 est. neque vt forma, & ratio re¬
207 477 717 532 rum, neque vt finis, neque Mo¬
220 525 487 570 uet ea, quae sunt.
259 557 709 621 Et etiam propter quid oportet
207 605 706 666 ponere locu entibus. non enim est
215 653 705 715 causa aliquo modo quatuor. Quo¬
212 705 704 762 niam non est quasi Materia enti¬
199 752 710 803 bus. nihil enim videmus constitur
203 800 717 859 per illum. neque, est etiam quasi Tor
205 862 703 906 ma, & ratio rerum, neque, est Com.¬
210 897 696 959 plementum, neque etiam Motor
209 957 456 1009 qui mouet entia.
253 998 711 1051 Haec etiam est Quarta ratio, quae fa¬
207 1041 707 1082 cit dubitare in loco. Et d. etiam, si lo¬
211 1087 711 1131 cus sit, existimatur esse aliqua cau¬
213 1121 713 1172 sarum entium. quae igitur causa pont po¬
214 1162 715 1210 ni de quatuor causis? Materia qui¬
215 1202 717 1242 dem non, quoniam ex materia est consti
212 1236 708 1282 tutio entium, ex loco vero nihil com
211 1277 709 1319 stituitur. & hoc intendebat, cum di
211 1316 711 1370 xit nihil enim videmus constitui per
216 1357 714 1403 ipsum scilicet per locum. neque etiam est in eu
210 1397 709 1442 tibus quasi forma. quoniam, si ita esset,
212 1444 713 1475 tunc, quando corpus mutatur de loco in
210 1475 716 1528 locum, corrumperetur. & ipse post
214 1513 716 1563 perfecte perscrutabitur de hoc scilicet ipm
210 1552 711 1594 esse inateriam, aut formam. hoc enim
210 1594 696 1634 existimatum est, & maxime mate
213 1632 714 1683 ria. deinde autem quod locus non est Agens
211 1671 715 1715 manifestum est per se. & post declara
214 1710 714 1755 bitur quod est tanque finis extrinseca in
212 1751 714 1794 corporibus simplicibus, non in com¬
214 1792 712 1840 positis. Et intendit per hoc, quod dixit,
215 1829 710 1882 neque etiam est Complementum, finem,
208 1876 717 1923 quae est forma, scilicet in re. formae enim in re
743 181 1257 235 bus gnerabilibus quodam modo sunt l
742 222 1236 266 formae, & quodammodo fines, vt prae
742 263 1237 311 dictum est. & locus apparentiae in hac
742 308 1241 352 ratione est, quoniam locus non est de genere
743 348 1223 391 causarum, sed de genere sequentium.
788 377 1237 431 Amplius autem & ipse, si quid
740 421 1244 477 est eorum, quae sunt, alicubi erit.
749 463 1231 506 Cenonis enim dubitatio quan
743 509 1233 546 dam rationem quaerit. Si enim omne
743 549 1242 597 quod est, in loco est, manifestum
743 589 1238 633 est quod & loci locus erit: atque hoc
742 629 1106 674 in infinitum procedet.
788 669 1248 730 Et etiam si est de entibus, vbi
745 721 1245 770 estus quaestio enim Genonis dat ali¬
746 780 1244 828 quam ratione scilicet quod, si omne ens
747 818 1243 875 est in loco, manifestum est, quo¬
739 874 1242 922 niam locus habebit locum: & sic
741 916 951 970 in infinitum.
765 961 1238 1003 Ista est Quita. & est quod & enonis,
742 1005 1236 1050 & deceptio est in ea in duobus locis,
741 1045 1237 1091 in maior, scilicet propositione, dicente quod
742 1080 1244 1122 omne existens in aliquo, est in loco, aut
742 1121 1242 1166 quod omne ens est in loco. secunda au¬
742 1165 1247 1210 tem est dicens quod locus est in aliquo.
740 1202 1247 1248 ista enim est propositio aequiuoca,
745 1236 1245 1291 & dicitur multipliciter: vt post declara¬
740 1276 1230 1325 bit Arist. locus enim est in aliquo
740 1317 1242 1366 secundum quod accidens est in subiecto: & res
740 1357 1246 1405 est in loco, sicut aqua in vase, & ideo
743 1394 1237 1446 antequam perscrutetur de loco, perscru
741 1433 1235 1474 tandum est secundum quot modos dicitur ali¬
738 1474 1235 1523 quid esse in aliquo, sicut facit Ari. post.
782 1524 1242 1570 Amplius, si, vt omne corpus est
741 1572 1243 1610 in loco, sic & omni in loco corpus
742 1613 1242 1670 est, quomodo ergo dicemus de ijs, quae
745 1653 1247 1698 augmentantur anecesse enim est ex his
744 1699 1247 1746 augmentari locum simul cum ip¬
745 1741 1247 1791 sis, si neque minor, neque maior cu
738 1781 1238 1834 iusque locus est. Propter haec ergo
743 1821 1247 1866 non solum quid est, sed etiam si
742 1866 1112 1914 est dubitare necesse est.
