1416 2066
187 171 695 226 ita magnitudo ABnon quieuerit, cum
208 220 692 261 quieuerit pars cee, tunc pars AC mo¬
206 245 696 290 uebitur post quietem Cp. & sic illud
202 286 694 333 motum non erit motum, primo, & per
204 325 683 372 se, sed erit motum per illam partem
204 360 690 411 quae remansit mota post quietem par
208 402 688 449 tis quiescentis: sed positum est pri¬
198 437 693 474 mum motum, & inconueniens est.
202 474 699 520 Et hoc, quod dixit, quod motum, ex quo
200 509 691 554 quiescit aliqua pars, & corrumpitur,
210 552 700 596 & reliqua remanet mota, non est pri
205 595 701 634 mum motum, est manifestum per
205 622 695 674 se, cum concedatur hic esse primum
203 661 700 706 motum: & est manifestum per se
203 698 697 747 hic esse primum motum huiusmodi. Et
213 734 697 788 stam propositionem ignorauit Oal.
208 773 690 822 & alii, qui non intellexerunt hanc
202 813 694 858 demronem. existimauerunt enim quod il
207 848 696 891 lud, quod mouetur per se, non sequi
210 892 700 930 tur cu aliqua pars eius quieuerit, vt
204 925 694 975 totum quiescat, sed sequitur vt re¬
202 973 698 1007 maneat motum per partem, non per
204 999 693 1042 totum: quia intellexerunt hic per
198 1041 693 1090 motum per se, illud, quod opponi¬
198 1084 690 1126 tur moto per accidens, non moto per
200 1111 682 1162 partem eius. Et, quia hoc intellexe
200 1154 695 1194 runt per motum per se, ideo non fuit
206 1189 693 1239 necesse apud eos, cum in hoc mo¬
204 1229 699 1267 to quieuerit aliqua pars eius. vt resi
201 1264 693 1312 duum quiescat. & ideo non apparuit
198 1300 699 1355 eis modus declarationis, quem Arist.
203 1339 697 1378 intendebat in hoc loco. Et necesse
212 1379 695 1433 est hic esse prima mota, quia corpo
209 1414 697 1458 ra naturalia non diuidunt in infini¬
208 1453 691 1503 tum in eo, quod sunt corpora naturalia
206 1490 697 1543 v. g. quoniam primum motum in igne est
212 1527 696 1579 minima pars, quae pot esse ignis in
209 1573 701 1614 actu: & similiter primum motum ca
205 1604 692 1643 loris naturalis animalium est etiam mi¬
198 1638 698 1682 nima pars, quae potest mouere illud
202 1678 703 1722 animal. & manifestum est in hoc
203 1717 699 1770 modo motus, quod, cum fuent imagi¬
205 1756 701 1806 na: um quod, cum pars eius quiescit, to
201 1794 697 1835 tum quiescit. cum igitur fuerit de¬
728 173 1228 218 claratum quod, cum pars primi moti:
733 212 1211 262 quieuerit, statim totum quiescet:
726 253 1212 298 & omne, quid quie scit a motu per quie
727 286 1211 323 tem alterius necessario mouetur ab
725 332 1211 370 alio: concluditur in prima figura, quod
732 360 1210 403 primum motum est motum per
727 398 1217 448 aliud, &, quia omne motum ex se ne¬
725 436 1219 482 cesse est, si ipsum non fuerit primum
728 472 1212 514 motum, vt in eo sit primum motum,
725 509 1211 558 sequitur vt omne motum ex se habeat
731 554 1211 586 motorem, & in hoc erat dubium de
727 585 1219 631 elementis, in animalibus vero ma¬
728 617 1213 671 nifestum est quod motor differt a mo¬
724 661 1213 710 to. Declaratum est igitur ex hoc ser
727 698 1213 753 mone quod ista demonstratio est vera,
726 734 1218 778 & quod est de genere signorum cer¬
726 772 1217 818 torum: licet non sit de oenere de¬
724 812 1210 862 mronum Tsimplicium. Et pont quis
733 847 1214 890 dicere quod propositiones, quae vesalitatae sunt
729 885 1211 925 in ea, non sunt vniversalies omni moto ex
726 925 1210 976 se. cum in corpore coelesti impossi¬
731 963 1203 1011 bile est dicere quod, cum quieuerit pers
726 1002 1216 1054 quiescit totum, cum imaginari hoc
727 1036 1217 1086 sit impossibile. ista autem demro fun
731 1077 1213 1126 data est super hoc, quod partem quiesce¬
719 1114 1221 1162 re in omni moto est possibile. quod
730 1149 1215 1203 est impossibile in corpore coelesti:
727 1187 1215 1242 & similiter in anima, quam Pla. ponit mo¬
732 1229 1209 1276 uere se. Ad hoc autem dicendum est, quod
732 1263 1211 1314 partem quiescere corporum, & de qui
727 1300 1217 1354 bus demratum est, quoniam impossibile
722 1340 1214 1386 est vt corrumpantur, aut quiescant,
728 1379 1211 1428 quodammodo est possibile, quo¬
731 1415 1204 1464 dammodo impossibile. est enim pos¬
722 1450 1213 1504 sibile, secundum quod est corpus, impossibile
726 1499 1208 1543 est autem, secundum quod est aliquid corpus, v. g
729 1533 1211 1578 neque leue, neque graue. &, quia consy¬
728 1564 1218 1614 deratio haec est de corpore, secundum quod est
733 1605 1218 1654 corpus, cum motum, secundum quod est
733 1643 1212 1691 motum, est corpus, ideo illud, quid
734 1679 1220 1730 positum est hic, est possibile. ergo
732 1717 1215 1771 possibilitas haec non datur corpori
728 1757 1214 1794 coelesti, nisi modo possibili. Et
731 1793 1228 1842 sciendum est, quod multa necessa¬
