1416 2066
146 172 661 202 niam. quia numerus, inquantum numerus est, aut est
153 201 663 242 actu numeratus, aut potentia. & quocumque su¬.
149 233 657 266 matur semper dependet ab anima suo modo, vt dixi¬
150 266 652 298 & ideo numerus extra animam non habet vnita
158 295 660 331 tem in actu, sed in potentia seclusa operatione
152 329 658 362 animae, pro quanto extra animam sunt vnitates in di
148 356 657 394 uer sis subiectis, quae numerari possunt, & efficere
154 393 663 426 vnum numerum in actu, aut in potentia nume
149 429 655 459 rabilem ab anima, vandali numerus decem hoium, se¬
155 453 662 491 cluso opere animae numerantis in actu, est nu¬
151 486 663 522 merus numerabilis in potentia & si anima
152 515 653 548 non esset numeratiua, adhuc ille numerus
149 545 659 578 non esset numerabilis. sed solum essent vnita¬
153 578 655 610 tes illae absolute, quarum quaelibet esset in vno
155 612 663 642 ex illis decem, sed non extra animam numerus
151 642 661 683 numerabilis est aliquid accuns subiectiue exi¬
153 671 661 706 stens in rebus numeratis, sed pcise nil aliud
158 704 657 738 est, nisi vnitates illae rerum, quae numerari possunt.
151 733 653 770 Sic igitur decepti sunt isti viri, quia credide¬
158 766 654 802 runt numerum formalem esse accuns absolutum
158 799 663 834 distinctum a rebus numeratis, & subiectiue
158 837 654 862 existens in rebus numeratis, licet diuersis,
154 859 658 890 & in quacumque distantia existentibus. sed non est
160 892 661 923 ita per vitam meam, imo esse numeri extra animam
156 922 652 964 est in potentia modo pdicto, & non est aliud
154 956 660 994 nisi res, quae numerari possunt. vnde numerus, qui
155 988 663 1018 dicit accfis distinctum & abstractum a rebus nu
153 1020 661 1050 meratis, est numerus mathematicus: & illae
148 1046 654 1082 est in anima in esse abstractionis, & non est. in
159 1079 651 1114 rebus numeratis, sicut accns in subiecto, sed
150 1112 657 1143 solum dicitur esse in eis per denominationem extrin¬
154 1142 657 1175 secam quia ex quo anima per talem numerumabstractum
156 1174 663 1206 in ipsa existentem numerat illas res, ex hoc il¬
152 1205 654 1238 lae res denominantur numeratae. animaduerte igit
152 1238 663 1274 & bamen consydera, quia pauci admodum potuerunt
150 1268 654 1309 ptingere ad haec. Aduerte tamen in hoc tractatu
150 1300 653 1339 maximam esse discordiam inter Graecos exposi¬
161 1337 657 1368 tores & Auer, quia Graeci volunt, licet Ari. dixe
153 1368 659 1404 rit tamens esse passionem quadam, s& hitum motus, per
155 1396 663 1434 passionem non intelligit quod sit passio alicuius mo
156 1424 663 1463 to, vel omnium motuum per informationem, sicut
146 1456 655 1491 vult Com. quod est passio vt foria respectu
162 1492 649 1522 rimi motus: immo volunt quod quiditas tpris
154 1521 652 1554 est numerus numeratus prioris & pristerio
151 1554 658 1593 ris omnium motuum, licet hoc principalitr veri¬
150 1587 657 1618 ficetur de primo. Vnde Themi. sic exponit te.
158 1620 654 1650 to. 132. vbi Arist. quaent vtrum tpens sit numerus
154 1649 653 1682 cuiusdam motus an cuiuslibet. & sub hoc in¬
151 1678 659 1720 tellu procedit digressio, quomodo non sunt plu¬
155 1706 661 1746 ta tpera, sed volunt quod tpes habet mensurare
150 1742 661 1779 oem motum, & hoc est passio eius. Sed dices
150 1774 650 1810 si secundum Graecos numerus numeratus cuiusli¬
152 1806 659 1843 b et motus tpeos, igitur quot sunt motus, tot
150 1841 650 1874 sunt tpra. Rndetur quod iste numerus numera
148 1876 661 1909 tus non dicit aliquod accidens existens per
147 1899 657 1939 inforiationem un rebus numeratis, sicut
685 166 1200 202 forma in subiecto, quia tunc argumentum
682 201 1190 235 demraret: sed est in eis terminatiue, & per
690 232 1198 267 denominationem extrinsecam. nam actio illa nu¬
684 264 1189 296 merandi, qua anima numerat prius & posterius
688 295 1191 335 in quolibet motu, est actio imanens, & per illam
695 324 1191 362 lenominantur numerata esse vel numerari
686 357 1191 394 illa priora & posteriora. & quia omnes motus
687 388 1193 430 conueniunt sub ista ratione, qua sunt apti nu¬
686 417 1192 457 merari, quia non mensurantur nisi quantum ad
693 451 1197 493 quantitates eorum, ideo omnium motuum aequa¬
695 487 1191 518 es quantitates habentium est vnus numerus,
691 515 1195 546 & aequalis. bene tamen volunt iuxta sententiam
696 549 1194 582 philosophi, quod hoc prius verificetur de primo,
688 579 1138 610 tanquam de causa, & regula omnium.
724 612 1196 640 Vigesimaoctaua contradi. est in tex. 132.
687 639 1207 674 Arist. Soluens quaestionem, qua quaerebatur vtrum
689 676 1189 706 motus cuislibet vel cuiusdam tpeos sit nume¬
693 703 1196 738 tus, dicit quod cuiuslibet. Sed opponebatur per,
693 732 1189 772 remist. ex te. com 99. & 1r3. vbi Arist. deter¬
694 772 1194 809 minat prius & posterius in tempore esse ex
692 792 1197 835 priori & posteriori in motus in motu autem
691 828 1195 861 ex priori & posteriori in spacio, cum autem
693 858 1199 901 tempus non sit numerus motus, nisi secundum
698 893 1190 930 rius & posterius motus: & motus non ha¬
690 925 1195 961 bet prius & posterius, nisi a spacio: sequitur,
690 953 1191 994 quod tempus solum sit numerus motus haben¬
687 990 1197 1019 tis prius & posterius ex spacio. sed talis non
693 1020 1187 1050 est nisi localis: igitur tempus solum est numerus
686 1048 1194 1082 motus localis. Amplius autem cum motus loca
693 1081 1192 1115 lis alter sit circularis, & alter rectus: motus
693 1109 1196 1146 autem circularis non sit in spacio, sicut dicit
686 1144 1193 1179 Com. in. 2. coeli & mun. in com. 46. spacium in cir
693 1172 1195 1211 culari est magnitudo corporis, motus autem
689 1209 1193 1243 rectus proprie dicitur esse in spacio: sequitur quod
689 1235 1192 1273 tpes erit solum numerus motud localis recti,
693 1267 1196 1306 aut saltem erit numerus eius primo & princi
692 1298 1197 1338 paliter, & non circularis. cuius oppositum
692 1330 1193 1366 scribit Philosophus, & Com. 4. phy. te. com. 133.
688 1364 1198 1394 & Com. in com. 132. &. 133. & in co. 10x. vbi vult
686 1389 1190 1434 quod Pprius & posterius. posita in defiintione
694 1434 1198 1466 tpris stent pro priori & posteriori primi mo
686 1461 1190 1499 tus. Confirmatur, quia motus augnmienti &
685 1490 1197 1534 motus alterationis non sunt in spacio. Et li
690 1521 1191 1554 cet aliquis, vt dicit Them. posset hoc defen¬
691 1551 1194 1587 dere in motu augmenti aliquo modo, cum
685 1586 1199 1618 illud quod augetur, videatur moueri a mino¬
683 1617 1197 1650 ri loco ad ampliorem, in motu: si alteratio¬
686 1648 1192 1682 nis & generationis & corruptionis hoc dici
685 1680 1192 1721 non potest. quia stat totum simul alterari
691 1716 1193 1746 in eodem loco quiescendo. & ita istorum mo
686 1748 1195 1782 tuum tps non erit numerus secundum prius & poste
689 1779 1197 1811 rius. Themistius autem videtur paucis innuis¬
693 1806 1193 1842 se solutionem. inquit enim Quo fit vt tempus aut
684 1838 1192 1874 solum motum localem principaliter mensu¬
689 1866 1197 1901 ret, aut, si caeteros motus mensura, principa¬
685 1902 1187 1947 liter tamen eo priore, & posteria. e non egeat, quod
