1416 2066
175 173 683 226 rata scilicet similis calori naturali, per quem
191 216 673 259 completur illud ens, necesse est vt alte¬
189 254 681 294 rans cum alterato non sit in eodem
190 294 677 338 situ in toto tempore crementi, sed
197 333 681 377 quandoque appropinquatur ei, & quandoque re
190 368 678 420 mouetur ab eo, ita, quod generatum acqui
189 405 683 442 rat ex hoc vnum calorem in forma in
194 445 683 491 toto tempore sui crementi. Et, cum ita
189 483 685 529 sit, necesse est vt alterans appropin¬
190 516 688 563 quetur quandoque alterato, & remoueatur
198 562 678 602 quandoque ab alterato. Et, cum ita sit, est mo¬
197 597 685 634 tum in loco: & omne motum in loco re¬
194 629 689 674 ducitur necessario ad motum ex se: er
192 668 682 720 go necesse est vt extra ista generabi¬
193 709 691 759 lia sit motum ex se, aut vnum, aut plura
191 746 682 793 vno, quid semper mouet. Et non sequi¬
201 784 685 826 tur ex hoc, vt appropinquetur, & re¬
194 821 687 869 moueatur, sed, & secundum quod agit duo com
196 857 691 904 traria insimu, scilicet generationem, & cor¬
195 896 682 945 ruptionem. Cum igitur declaratum
194 933 687 983 sit quod ista, indigent in sua generatio
198 972 692 1019 ne moto ex se extrinseco, & posueri
201 1006 684 1050 mus quod generatio istorum est aeter¬
194 1044 680 1081 na, necesse est vt istud motum ex se.
198 1081 682 1124 quod est necessarium in veneratio¬
194 1123 690 1172 ne eorum, & corruptione sit aeterne, &
200 1165 683 1209 vt sit semper. &, si non, indigent mo¬
199 1197 689 1242 tore priori ipso. & sic in infinitum. Et,
194 1231 690 1282 cum declarauit hoc, iterauit ipsum
200 1271 634 1314 ad rememorationem, & dixit.
242 1309 685 1354 Manifestum est igitur quod quam
199 1351 685 1404 uis decies milies aliqua princi¬
201 1391 689 1438 pia immobilium quidem, mouen¬
199 1431 683 1474 tium autem, & multa eorum, quae ipsa se¬
199 1473 693 1517 ipsa mouent, corrumpant, alia ve
200 1517 689 1562 ro insuper generent, & hoc quidem
194 1555 679 1594 immobile existens hoc mouet,
200 1601 683 1635 alterum ant hoc, at nihilo minus ali¬
195 1632 691 1682 quid esse, quid continet. & hoc praeter
200 1674 695 1725 vnumquodque esse id, quod est cam vt alia
202 1716 680 1767 quidem sint, alia vero non, & conti¬
194 1757 685 1810 nuae mutationis. et hoc quidem his,
197 1797 677 1842 haec autem aliis causa motus sint.
759 173 1222 239 Manifestum est igitur quod, si
707 221 1207 289 essent hic principia inumerabilia,
710 277 1215 331 cilicet principiorum, qui mouent, & non
705 317 1214 376 mouentur, & plura mouentium
709 365 1207 426 corrumpuntur, deinde generatur,
712 413 1217 469 & istud, quod non est motum, mo
710 461 1207 507 uet aliud, & aliud mouet aliud,
714 506 1216 562 hoc non faceret aliquo modo, nisi
714 549 1209 610 esset hic aliquid, quod contineret etiam
717 597 1211 661 noc in vnaquaque rerum, quod est
715 644 1217 698 causa in esse quorundam, & non
721 692 1207 750 esse quorunda in hac transmuta¬
711 741 1222 794 tione continua, ita, quod hoc sit
714 785 1214 843 causa motus istorum, & ista sunt
715 829 1038 890 causa motus aliorum.
750 885 1209 948 Manifestum est igitur quod, si fue¬
715 931 1214 983 rint hic principia infinita ex mouen
719 973 1215 1010 tibus, quae non mouentur ex se, & ex
719 1012 1209 1050 motis ex se, quae componuntur ex istis
716 1054 1206 1094 principiis, quae non sunt corpora, & ex
722 1085 1205 1122 primis corporibus motis ab eis, quo¬
714 1120 1205 1176 rum quidlibet corrumpitur, deinde re¬
712 1154 1205 1209 uertitur ipsum, & mouent se adinuicem,
714 1199 1205 1248 licet vt quaedam generent quaedam, ita, quod mo¬
717 1235 1209 1274 tor in eis non moueatur ab alio, sed
715 1273 1201 1314 ex se, v. g. quod istud moueat illud ita,
719 1317 1209 1359 quod non moueatur ab alio, & iste motor
717 1349 1209 1386 moueatur ab alio, & sic in infinitum, v.
714 1387 1212 1433 g. vt Soc. generet Platonem ex se, &
718 1429 1211 1474 Soc. generetur a Cicerone, & Cicero
714 1459 1213 1511 a Virgilio, & vnunquodque istorum in
715 1498 1208 1538 hoc motu mouetur ex se, & sic in infi
717 1535 1203 1581 nitum, manifestum est quod hoc non erit,
723 1573 1203 1623 neque est possibile alio modo ab eis, secundum quod
720 1613 1211 1662 possibile est ponere, quod hic est motum
719 1648 1203 1692 ex se, quod continet ista ex extrinseco,
722 1687 1204 1737 quod est causa in esse quorundam
721 1727 1203 1773 istorum, & in non esse quorundam
714 1765 1207 1805 secundum continuitatem, & perpetuitatem,
716 1801 1203 1843 ita, quod motor aeternus sit causa mo¬
