1416 2066
164 180 671 234 vnumquodque esse. remota enim ex
170 228 677 267 aqua carne, et iterum alia facta ex
176 269 667 326 reliqua, segregatione, quamuis
171 310 669 362 semper minor erit segregata, at
179 358 667 396 tamen non excedit magnitudi
169 397 675 446 nem aliquam paruitate. Quare, si
172 437 675 491 quidem stabit segregatio, non omne
170 485 671 522 in omni inerit. in reliqua enim aqua
176 523 663 570 non inerit caro. Si vero nonsta¬
176 564 672 618 bit, sed habebit semper remotio¬
172 613 673 659 nem, in finit a magnitudine, aequa
170 647 669 690 lia finita inerunt, infinita secundum mul¬
177 689 670 738 titudinem. hoc autem impossibile est.
216 740 675 802 Et etiam, si omnia ista genera,
175 788 670 850 et similia sunt omnia existentia,
170 836 671 898 aut quaedam in quibusdam, et non
178 885 667 946 generantur, sed dissoluuntur, &
182 932 671 997 exeunt, & non nominantur, nisi
178 981 670 1034 secundum illud, quod vincit in eis:
174 1036 666 1086 & omne generatur ex omni..g.
172 1076 662 1131 ex carne aqua, quae resoluitur, &
175 1134 669 1179 ex aqua caro: & omne corpus fi¬
178 1173 671 1234 nitum cosumitur a corpore finito:
174 1216 672 1280 manifestum est, quoniam impossi
174 1270 671 1323 bile est vt vnaquaeque rerum existat
177 1318 671 1371 in vnaquaque re. quoniam, quando
177 1360 673 1410 exit caro ex aqua, deinde ex aqua
179 1407 672 1470 residua generatur alia caro secun
176 1457 663 1514 dum resolutionem: tunc, & si il¬
177 1503 668 1555 lud, quod exit ex carne, sit semper
178 1556 677 1601 minus, tamen caro pertransit in
174 1595 670 1658 paruitate magnitudinem deter¬
171 1645 666 1706 minatam. Ex quo sequitur, aut
184 1692 665 1754 vt cesset resolutio: & sic non eril
180 1741 668 1802 omne existens in omni: quoniam
174 1788 653 1850 in aqua residuum non erit caro
168 1837 669 1899 aut non cesset: sed in ea erit quod
698 181 1209 250 semper resoluitur: et sic in magni
702 233 1200 283 tudine terminata non erunt ma¬
704 284 1196 346 gnitudines aequales finitae, sed ifi¬
698 326 1197 391 nitae inumero: quod est impossibile.
740 378 1194 419 Iste sermo potest esse contradictio
700 418 1194 469 tertia, qua destruit, quod generatio sit
700 456 1200 507 semper secundum exitum, & vt quodlibet
705 495 1197 545 uit in quolibet, vt dicunt: & pont fun
700 535 1191 578 dari super illud, quid praedictum est
705 573 1203 619 quod hic sunt partes terminatae in par¬
701 609 1201 650 uitate. sed est alia ratiocinatio. Et ab¬
701 645 1199 696 breuiatio istius sermonis est, quod, si
703 687 1193 737 species corporum consimilium fue¬
699 723 1197 770 rint omnes in seinuicem: & nihil
698 772 1196 815 generatur ab aliquo, sed exeunt ex¬
699 797 1199 853 scinuicem, vt dicunt: quia quodli¬
705 840 1198 888 bet est in quolibet: sed vnunquodque
707 881 1190 930 eorum nominatur secundum illud, quid vin
700 924 1197 973 cit in eo: & ideo quodlibet generatur
705 965 1193 1011 ex quolibet. v. g. quoniam ex carne gene¬
707 997 1197 1050 ratur aqua, quae resoluitur, & exit
702 1036 1188 1088 semper: & ex aqua etiam caro. Et est
705 1077 1187 1127 regula, quod omne corpus finitum,
702 1114 1196 1162 quando ex eo exit corpus finitum
698 1159 1190 1194 multoties, necessario consumet il¬
701 1192 1193 1244 lud. Quare impossibile est, vt quidli¬
698 1229 1189 1283 bet fit in quolibet: generatio enim secundum
702 1267 1193 1318 hunc modum necessario cessabit. quoniam
703 1308 1186 1354 quando ex aqua exit caro, deinde ab ea
702 1345 1180 1390 exit alia caro, & sic in infinitum, ne
694 1383 1189 1426 cesse est, aut vt exitus cesset, aut vt in
700 1422 1199 1476 corpore finito sint corpora aequalia
701 1461 1197 1509 ifinita. quoniam non poet aliquis dicere quod, cum
701 1501 1191 1550 ex aqua exiuerit prima caro, dein¬
705 1537 1187 1587 de exiuit alia caro, quod illa caro secun¬
700 1579 1195 1626 da erit minor prima secundum minoratio¬
699 1620 1187 1659 nem aquae per exitum primae car¬
703 1654 1189 1698 nis. & similiter tertia caro erit mi¬
702 1693 1189 1738 nor secunda secundum minorationem aquae
708 1734 1193 1770 per exitum secundae carnis: & quod hic
703 1778 1200 1818 procedit in infinitum, scilicet paruitas
696 1813 1192 1851 aquae, & paruitas carnis existentis.
703 1845 1187 1890 caro enim habet magnitudinem,
