1416 2066
160 173 664 223 similiter apparebit nobis, si diuiserimus
174 216 664 250 intentiones, de quibus dicitur hoc nomen
186 250 662 296 vnum. Et, cum dixit hoc, incoepit di¬
187 292 673 323 uidere secundum quot modos dicitur vnum in
175 324 661 364 numero, & dixit: quod dicitur tribus modis,
186 360 661 411 quorum vnus est continuum. v& vera
179 389 672 449 linea, & vnum corpus, & vna superficies:
179 436 669 475 secundus est indiuisibile, vt punctus:
178 476 667 515 tertius vero nonia, quae significant idem
180 509 664 562 secundum definitionem, v. g. vinum & me¬
172 548 661 602 rum. & intendit per rationem, quae signat quid¬
178 586 559 635 ditates, rerum definitiones.
219 625 670 667 Si igitur continuum est, multa est
172 663 668 707 id, quod est: infinitum enim diuisibile est
176 708 659 747 continuum. Habet autem dubita.
181 749 671 794 tionem de parte, & toto. fortassis
172 789 667 845 autem nihil ad oionem, sed ipsam
174 830 662 875 secundum scipsam, vtrum vnum, an plu
171 869 660 914 ra sint pars, & totum. Et quomod
182 911 658 962 vnum, aut plura. Et si plura, quo
174 959 665 1003 plura. Et de partibus non conti
170 996 667 1043 nuis eadem est rtio. Et si toti vnum
181 1036 663 1090 vtraque est, velut indiuisibile, quoniam
175 1078 428 1130 & ipsae sibiipsis.
215 1117 671 1179 Et si per cotinuum ens est vnu,
166 1168 661 1216 & multum: continuum enim diuidi¬
172 1212 669 1275 tur in infinitum. Sed est quaestio
170 1261 658 1322 de parte, & toto: & si non huiu¬
160 1309 663 1372 sermonis, videtur existere per se.
171 1357 665 1419 & est, vtru pars, & totum sit vnum,
172 1405 671 1466 aut plura vno. Et secundum quem
171 1453 662 1516 modum sunt vnum, aut plura vno.
176 1501 673 1554 Et partes est non continuae, si quaeli
173 1548 671 1595 bet est totius, & vnaquaeque est idem:
177 1605 667 1655 quia non separatur ab eo: ergo ne¬
179 1641 671 1690 cesse est, vt quaedam conueniant
173 1684 429 1746 cum quibusdam.
208 1741 669 1795 Cum diuisit intentiones, de qui
172 1782 666 1826 bus dicitur hoc nomen vnum, incoepit de
171 1821 673 1874 clarare, & consyderare de vnaquaque
701 163 1205 220 earum, vtrum pdicetur de ente, &dixit. Et I
694 212 1186 251 si per continuum ens est vnum, &c. i. &
697 246 1181 290 si intendunt per hoc, quid dicunt, quod ens
697 292 1185 334 est vnum, quod est continuum, opor
696 325 1191 374 tet eos concedere ipsum esse vnum
703 365 1183 413 quodam modo, & plura alio modo: con¬
706 411 1183 442 inuum enim non poet diuidi in infini¬
702 444 1188 487 tum: & sic ens non erit vnum simpercutur:
702 478 1189 517 est enim vnum actu, & plura potentia,
703 517 1190 555 T secundum diuisibilitatem. Et quia etiam
694 557 1187 602 accidit in continuo, & in omni habente per¬
694 589 1191 634 tes, vt multitudo eius non solum sit secundum
698 629 1184 674 diuersitatem partium a seinuicem, sed
698 669 1190 718 etiam secundum diuersitatem partis a toto, inco¬
700 708 1183 755 pit etiam quaerere hanc diuersitatem,
698 748 1190 787 & inducit quodnem contiugentem An
699 789 1191 827 tiquis in hoc, & dixit. Sed est quod, &c.
699 826 1193 873 i. & est hic quodo de parte, & toto pen¬
701 860 1195 906 dens ex hoc sermone: & visum est,
695 908 1197 945 quod, si non pendet de hoc sermone ne
697 941 1195 978 cessario, tamen est quod perscrutanda per
695 978 1189 1028 se. Deinde induxit quodnem, & dixit:
696 1015 1189 1067 & est vtrum pars, & totum sit idem. &, si
694 1054 1184 1104 idem quomodo possunt dici esse idem. to
699 1092 1186 1138 tum enim videtur esse aliud a parte, & etiam,
695 1133 1179 1178 si partes diciturnut a toto, quomodunt esse aliae
695 1173 1188 1221 totum enim nihil aliud est qua congrega
694 1211 1188 1250 tio partium. Et, cum induxit hanc
699 1244 1191 1297 quodonem in continuo, dixit. Et partes
694 1285 1187 1333 etiam non continuae, &c. i. & etiam in par¬
698 1325 1189 1362 tibus rerum continuarum, & non com
694 1365 1183 1403 tinuarum. v. g. manu, & pede, & alia¬
695 1398 1189 1442 rum partium compositarum accidit haec
696 1444 1195 1490 quod: quoniam, si vnaquaeque partium est idem
700 1477 1192 1529 cum toto, quia est totius, i. non sepa
702 1517 1187 1562 rata a toto, tunc vnaquaeque partium
695 1557 1191 1602 erit idem toti: & sic omnes partes erunt in¬
701 1597 1183 1643 ter se eaedem: ergo & caput, & man
704 1627 1200 1681 & collum erunt idem: ergo pars non est
700 1668 1204 1721 in toto. & istud impossibile, quid sequitur, si
700 1708 1204 1754 totum, & pars fuerint idem, sequit
700 1742 1205 1787 necessario. & sermo oppositus isti
700 1786 1198 1834 non exprimitur perper suam famositatem,
695 1823 1199 1874 & est quod omnis pars est alia a toto: & to¬
