1416 2066
180 173 677 230 sunt naturales, cum sit manifestum per
190 219 687 258 se quod natura agit perper aliquid, & tales
191 255 677 298 rationes vsitantur cum aduersario scilicet cum
191 293 675 346 negantibus principia naturalia, in¬
190 338 681 381 coepit inducere modum certificationis
189 373 683 420 istarum proponum, ex quibus com¬
198 409 681 460 ponuntur illae rationes. & incoepit a re¬
190 452 676 490 bus, in quibus hoc est manifestum
198 486 679 522 valde, & sunt habentia animas: actio
186 532 675 562 enim istorum, quia prouenit ab ima
192 562 673 613 ginatione, & comprehensione eius,
190 599 687 653 quod agit, scitur necessario quod ista agunt
191 643 687 688 perper finem, sicut est dispositio in Hirum
192 685 686 722 dinibus & Apibus. Et ideo dixit & hoc
190 724 683 766 apparet multum, &c. i. quae faciunt
196 764 686 802 actiones artificiales non per artem, ne
194 804 684 846 que per cognitionem. quoniam, si agerent
196 836 679 890 hoc perper cognitionem, tunc transfer¬
191 871 683 914 rentur de auquo in aliquid, &, quia
193 909 682 955 hoc latuit quosdam, existimauerunt
186 949 670 1002 ea agere per cognitionem, & intelle¬
196 988 675 1025 ctum. Et, cum demonstrauit hoc in
191 1036 676 1080 rebus, in quibus apparet hoc mul¬
188 1074 684 1107 tum, incoepit demonstrare hoc etiam in
186 1112 681 1159 eis, quae sunt magis latentia: quoniam sic
190 1144 680 1197 acquiritur cognitio melius. i. quoniam, si
191 1181 683 1237 hoc consyderauerit primo de actio
188 1220 687 1266 nibus habentium animas, & post de
188 1260 676 1314 vtilitatibus membrorum, videbit quod
189 1302 684 1353 natura generat haec membra perper vti
186 1342 684 1385 litates existentes in suis naturis. & hoc
179 1385 675 1429 inuenitur in plantis, nedum in animalibus
188 1418 681 1471 folia enim videntur esse in vegetabilibus
185 1461 683 1511 ad cooperiendum, & ad custodiendum
187 1496 671 1537 fructus. quondo enim arbor denudatur a fo¬
194 1538 677 1578 liis, corrumpitur in maiori parte
192 1575 685 1618 fructus, aut non erit in dispositione
190 1614 677 1658 meliori. Et, cum verificauit ista per
192 1653 673 1706 inductionem, posuit ea antecedens,
193 1693 677 1738 & posuit vniversalitatem consequens, & di¬
193 1734 679 1786 xit: Si igitur natura, & perper aliquid,
190 1773 674 1818 &c & dixit hoc reseruando se, ne ali
187 1821 681 1866 quis existimet, quod istae actiones sunt
186 1861 677 1907 per intellectum. qui enim ponit quod ista
709 181 1197 232 actiones sunt per intellectum non se.
716 217 1208 261 quitur apud ipsum istud consequens.
711 256 1211 305 Et iste syllectus est in forma hypotheti¬
715 297 1201 345 ci. et potentia eius est potentia in¬
713 333 1206 374 ductionis. & iste modus inductionis
718 375 1208 413 est demonstratiuus, quia per consy
712 409 1203 450 derationem acquirimus certifica¬
716 448 1205 499 tionem, & vniversalitatem, antequam complean¬
717 485 1211 530 tur omnia particularia. & secundum hoc indu
718 528 1201 562 ctio habebit introitum in demrone,
712 563 1211 603 iudicium enim vniversalie non acquiritur in
710 594 1201 649 pluribus rebus, nisi post maximam
717 642 1206 682 consyderationem de pluribus indiui
712 680 1199 732 duis: & hoc diuersatur secundum magis,
718 718 1209 770 & minus, secundum naturam principii, &
710 756 1063 810 naturam consyderantis.
756 806 1214 857 Et quoniam natura duplex est, alia
715 853 1209 898 quidem vt materia, alia vero vt
708 893 1211 946 forma, finis autem est haec, propter.
712 933 1214 977 finem autem caetera, haec vtique
709 981 1096 1031 erit causa, cuius gratia.
759 1021 1209 1078 Et cum natura est duobus mo¬
707 1064 1217 1115 dis, scilicet secundum materiam, et secudum
711 1124 1201 1179 ereationem, & finis est creatio,
706 1164 1209 1218 & alia residua sunt propter finem,
709 1213 1196 1274 ergo creatio est cam propter quid,
757 1263 1223 1315 Et, quia natura dicitur de materia, &
715 1301 1208 1346 forma, dedaratum est quod forma est
712 1342 1207 1394 finis in generatione, & omnia, quae
707 1380 1213 1431 sunt ante finem, sunt perper finem, necesse
713 1420 1197 1471 est vt omnia, quae sunt ante formam
710 1458 1205 1511 sint propter formam. Et iste sermo
712 1496 1212 1539 componitur sic. forma est finis: &
708 1535 1207 1578 finis est illud, propter quod sunt om¬
711 1576 1205 1627 nia, quae sunt ante finem: ergo for¬
713 1615 1209 1667 ma est illud, propter quod sunt om
709 1659 1209 1698 nia, quae sunt ante illam. & necesse
708 1701 1203 1747 est vt forma sit finis in generatio¬
712 1732 1212 1778 ne, quia sequitur ab agente, aut sem
709 1773 1205 1822 per, aut in maiori parte: & sequi¬
710 1823 1209 1867 tur ex hoc, vt materia sit propter.
711 1853 851 1898 formam.
