1416 2066
225 180 693 230 Et cum posuit hanc maiorem, pro¬
210 219 686 265 positionem in hoc sermone dicen
203 257 699 300 tem quod scientia certa de rebus haben
203 294 697 338 tibus causas, & elementa non acqui¬
200 332 699 384 ritur nisi ex cognitione causarum,
205 371 699 409 & elementorum eorum, dimisit mi
208 413 693 461 norem propositionem, & induxit com¬
195 453 697 492 clusionem, quam intendit per hunc
195 489 701 531 sermonem, & dixit. manifestum est
199 527 687 571 quod in scientia naturali, &c. i. manife¬
197 567 694 619 stum est: quoniam ex hoc sequitur quod qui
201 612 697 659 vult largiriscientiam de natura, opor¬
200 651 690 695 tet ipsum prius quaerere determina
196 684 695 722 tionem causarum rerum naturalium
204 725 692 764 habentium causas, & elementa. Et
199 763 692 802 iste sermo componitur sic. Omnia
197 799 684 851 naturalia habent principia, causas
202 837 693 890 & elementa: sed habentia causas, prin
203 877 693 928 cipia, & elementa non sciuntur nisi
192 917 694 968 ex cognitione causarum, & elemen
194 964 690 1005 torum: ergo omnia naturalia non
197 994 691 1034 sciuntur nisi ex cognitione suarum cau¬
197 1036 545 1082 sarum, & elementorum.
200 1106 699 1154 De generibus demonstrationum, quae in hac
282 1140 620 1186 scientia fiunt. Cap. 12.
256 1197 682 1242 Nnata autem est ex notiori
255 1238 691 1296 bus nobis via, & manifestio
258 1281 695 1322 ribus ad manifestiora natu¬
189 1325 698 1370 rae, & notiora: non enim sunt ea
200 1364 685 1414 dem & nobis nota, & simplici
206 1404 697 1450 ter. Quapropter necesse est ad
202 1448 688 1490 liunc modum procedere ex im¬
199 1491 697 1539 manifestioribus quidem natu¬
198 1532 689 1570 rae, nobis at manifestioribus ad
210 1573 698 1626 manifestiora naturae, & notiora.
256 1628 685 1682 Et via ad illa est de rebus no¬
209 1675 699 1738 tioribus, & manifestioribus apud
210 1725 685 1786 nos ad res, quae sunt manifestiores
212 1773 685 1834 in natura: illa enim, quae sunt co¬
204 1821 696 1883 gnita apud nos, non sunt illa, quae
726 181 1236 243 sunt cognita simpliciter. Et ideo
730 229 1226 290 oportet nos ire per hanc viam, &
733 277 1231 338 venire de rebus, quae latentiores
727 325 1231 387 sunt apud naturam, & manife¬
727 373 1225 430 stiores apud nos, ad res, quae sunt
726 421 1228 482 manifestiores & notiores apud
730 476 867 514 naturam
768 517 1217 564 Cum declarauit quod oportet Na¬
724 548 1226 608 turalem largiri cognitionem causa
727 595 1215 643 rum, & elementorum, incoepit de¬
724 630 1222 683 clarare viam inducentem ad cogni¬
724 676 1223 714 tionem causarum rerum naturalium,
727 710 1223 746 & naturam demonstrationum lar¬
718 755 1219 796 gientium causas rerum naturalium,
720 779 1209 827 & d. Et via ad illa. i. uia, inducens ac
726 826 1207 879 cognitionem causarum rerum na¬
724 866 1202 906 turalium, est de propositionibus ac
719 900 1207 947 ceptis ex rebus posterioribus in esse,
720 941 1213 989 quae sunt notiores, & manifestiores
721 981 1214 1031 apud nos, ad conclusiones priores in
714 1021 1199 1071 esse, quae sunt notiores, & manife¬
721 1061 1221 1098 stiores apud naturam, &latentiores
714 1101 1208 1139 apud nos: & est modus demonstra¬
719 1132 1217 1178 tionum, qui dicitur signum. Et, cum
721 1173 1209 1217 declarauit naturam demonstratio¬
720 1217 1218 1258 nis, qua vtitur hic, reddit causam, &
720 1252 1204 1312 dixit. illa enim, quae sunt cognita a¬
722 1293 1210 1338 pud nos, &c. i. & causa. in hoc, quod via,
731 1328 1221 1383 per quam itur in hac scientia, debet
728 1367 1213 1410 esse a rebus posterioribus in esse ad
723 1412 1219 1458 res priores in esse, est quia illa, quae
723 1445 1211 1496 sunt cognita apud nos in rebus na¬
724 1482 1208 1522 turalibus, non sunt illa, quae sunt co
730 1521 1208 1574 gnita simpliciter, idest naturaliter:
731 1559 1207 1611 quod est contrarium in Mathema¬
722 1596 1206 1642 ticis: illa enim quae sunt cognita in
720 1637 1199 1679 illis simpliciter, & sunt causae prio¬
722 1677 1185 1727 res in esse, sunt cognita apud nos,
720 1717 1195 1770 Quia igitur naturaliter procedim
726 1752 1199 1795 de scito apud nos ad ignotum, si com
719 1796 1208 1846 tigerit vt notum apud nos sit notum
718 1831 1205 1879 apud naturam, tunc demonstratio¬
