1416 2066
201 180 715 242 INatura igitur est creatio. &
213 228 711 284 treatio dicitur duobus modis. pri¬
211 276 707 335 uatio enim quodam modo est forma.
218 325 713 378 vtrum vero in generatione simpli
213 371 713 429 ci est priuatio, & aliquod contra¬
218 416 704 474 rium, aut non est, perscrutandum
210 466 355 522 est post.
203 525 709 571 Cum declarauit quod natura dicitur de
210 567 704 601 fora, incoepit diuidere secundum quot mo
215 603 705 642 dos dicitur forma, & dixit eam dici duobus
210 640 711 688 modis. dicit. enim de formis perfectis in esse,
210 677 714 730 cum quibus non communiungitur priuatio
216 716 710 767 & dicitur de diminutis, cum quibus con
201 755 714 807 iungitur aliqua priuatio, vt quando fit
212 795 710 835 motus de nigredine & in albedinem,
213 830 717 875 albedo enim est forma, cum qua non com
214 869 712 924 iungitur priuatio omnino. nigredo vero
214 910 714 961 est forma, cum qua coniungitur pri¬
219 947 715 994 uatio albedinis. & similiter videtur in omnibus com
220 989 714 1041 trariis. a contrarium igitur, cum quo
214 1028 718 1080 coniungitur aliqua priuatio, est vnum
216 1066 717 1105 eorum, de quibus dicitur forma. forma
210 1109 715 1159 ligitur dicitur de contrario, cui non coniun
210 1144 715 1194 gitur priuatio: & dicitur de alio contrario,
210 1183 708 1233 cui coniungitur priuatio. Et forte
212 1221 711 1274 intendit quod forma dicitur duobus modis
214 1265 718 1306 de habitu, & priuatione existente in
224 1301 711 1346 prima materia. ista enim b priua¬
219 1338 711 1390 tio quodam modo non est priuatio
221 1376 709 1419 simplex: immo est sicut forma ma¬
212 1415 713 1462 teriae Et quia hoc manifestum est in
201 1454 705 1498 contrarijs, quae sunt in qualitate, & non
213 1500 712 1546 est manifestum quomodo est de geneatione
206 1532 710 1582 cin substantia, scilicet vtrum. en priuatio
201 1568 708 1622 ne formae substantialis coniungat
220 1613 710 1650 contrarium aut non, dixit vtrum au¬
216 1648 713 1702 tem in generatione, &c. i. vtrum autem
211 1686 715 1739 in gneratione simplici inueniatur con¬
219 1725 704 1774 iunctum cum priuatione aliquid contra¬
220 1764 709 1816 rium, ita quod dicatur hoc nomen forma
214 1805 712 1856 etiam de isto contrario, cui communiungitur,
212 1844 717 1898 ista priuatio, & de priuatione communium¬
742 179 1223 229 cta cum hoc contrario, secundum quod est communiun
736 221 1230 266 cta, aut non, perscrutandum est post, i. in
734 260 1225 314 libro de Onatione &Corruptione,
738 293 1228 349 illic enim declarabit quod priuatio, quae est i
744 338 1228 384 prima materia, non denudatur a pri¬
732 380 1230 425 mis contrarijs, quae sunt quatuor qua¬
741 413 1233 464 litates, & quod ista contraria sunt prima
740 459 1216 506 omnium, quae generantur, & corrumpuntur.
803 524 1168 561 SVMMA SECVNBA
730 573 1225 611 De differentia Naturalis, & Mathematici
736 621 1237 682 De differentia inter Physici, & Mathema
779 669 1239 720 tici contemplationem de eadem re, &
775 706 1243 755 quod magis peccunt qui ponut formas
776 742 1234 794 naturales, a materia expoliatas: quam
780 782 1235 834 Mathematici, qui tantummodo intelle¬
780 821 1175 874 ctione separant. Cap. 1. & a:
907 876 1245 923 Vvoniam autem determi¬
902 924 1243 970 natum est quot modis
906 964 1239 1010 natura dicitur, post hoc
888 1004 1232 1059 lspeculandum est quo
746 1045 1245 1091 diciturt Mathematicus a Physico. et
740 1088 1236 1139 enim plana, & solida hiabeunt physi¬
742 1132 1243 1178 ca corpora, & longitudines, &
740 1173 1246 1227 puncta, de quibus consyderat
740 1213 988 1267 Mathematicus.
796 1253 1242 1306 Et cu determinauimus modos,
744 1301 1243 1362 secudum quos dicitur natura, opor
735 1348 1247 1407 tet nos consyderare in differentia
743 1397 1241 1443 inter Mathematicu, & Natura¬
739 1444 1245 1506 lem, qui sit. corpora enim naturalia habent
738 1493 1250 1554 superficies, soliditates, & longitu
741 1541 1245 1599 dines, & pucta, et sunt illa, de qui
741 1588 1205 1634 bus consyderat Mathematicus.
780 1645 1255 1692 Dicit: Et cum declarauimus na¬
746 1684 1244 1731 tura quid sit, & secundum quot modos dicitur,
738 1725 1245 1776 oportet nos loqui de alio principio
744 1765 1245 1813 etiam namli, & est dare dicituram inter consy¬
743 1805 1247 1842 derationemNamlis, & Mathematici. com
738 1850 1249 1890 ueniunt enim iconsyderatione de eodem.
