1416 2066
208 180 726 218 quod similiter apparet in substantia, & dixit:
230 220 725 267 Et apparet per consyderationem, &c. i. &
225 259 723 299 ex natura generationis apparet illi,
224 300 720 346 qui consyderauerit, quod substantiae, &
225 333 725 387 omnia generabilia indigent in generatio¬
225 371 719 425 ne in eo, quod est generatio, aliquo sub¬
223 413 723 458 lecto: omnia enim habent aliquid subiectum,
224 453 721 506 ex quo generantur. v. g. in substantia,
227 484 714 541 & est sperma animalium, & semen vege¬
224 528 715 579 tabilium. Et dixit hoc, quia perfecte
218 567 717 612 apparet, quod in spermate est aliquid,
219 605 721 650 cuius proportio ad animal generatum
216 645 712 696 ex ipso est sicut proportio substan¬
226 685 713 735 tia: demonstratae ad album, & nigrum
218 720 713 771 & vniversaliter ad pdicamenta accidentis, quem¬
222 761 713 811 admodum enim generatio albi, secundum quod
216 800 727 858 est motus, indiget principio opposi¬
221 838 719 892 to ei, quod generat, ex quo fit mo¬
227 878 719 926 tus, & tertio, subiecto motui, simili¬
223 916 719 969 ter est in aliis generationibus. & si¬
226 957 705 994 cut partes oppositi successiuem rece
217 993 727 1047 dunt a subiecto, & fiunt in ipso par.¬
231 1031 713 1083 es generati, similiter est & in substantia
224 1070 723 1122 a in spermate enim apud venerationem,
226 1100 727 1161 hominis non cessant partes spermatis re
218 1145 724 1186 cedere, & partes fieri homins, donec for¬
218 1188 716 1235 ma humana perficiatur: & hoc, ssi for¬
223 1229 725 1266 ma recipit partitionem: si autem non
229 1264 719 1307 istud necessario accidit in accidenti
230 1308 719 1346 pus propriis formae generatae, vnde
219 1342 711 1386 necessario generatio sequitur altera
227 1380 716 1419 tionem. Et, quia subiectum esse ne¬
218 1417 719 1457 cessarium in substantia apparet etiam in¬
218 1457 723 1506 ductione, incoepit notificare hoc, & d.
267 1496 711 1547 Eiunt autem quae fiunt simpeircicitur
218 1548 724 1596 alia quidem transfiguratione, vt
228 1580 724 1631 statua, ex aere: alia verom apposi¬
226 1629 717 1667 tione, vt quae augmentantur: alia ve¬
222 1663 724 1715 ro subtractione, vt ex lapide mer¬
225 1708 727 1747 curius: compositione autem alia, vt
227 1748 725 1800 domus: alia vero alteratione, vt
222 1788 715 1838 qua vertuntur secundum materiam. omnia autem,
227 1828 718 1882 qua sic fiunt, manifestum est quod ex
225 1875 471 1922 subiectis fiunt.
799 172 1264 244 Et illa, quae generantur vniuer,
750 220 1244 290 saliter, generantur quaedam per tra,
749 277 1248 340 mutationem figurae, vt idolum ex¬
750 324 1237 386 cupro: & quaedam per additionem,
755 373 1248 433 vt illa, qui augmentantur: & quae¬
755 420 1245 474 dam per diminutionem, vt ex la¬
746 464 1246 525 pide humus: & quaedam per compo
757 516 1249 575 sitionem, vt domus: & quaedam per
747 561 1247 623 alterationem, vt illa, quae mutan¬
748 610 1249 666 tur secundum materiam. manife¬
755 660 1249 722 stum est igitur quod generatio se¬
752 704 1249 755 cundu istos modos est ex subiectis.
786 765 1244 801 Dicit: Et apparet per inductionem
756 806 1245 854 quod oeneratio indiget necessario sub
751 832 1245 882 iecto, non solum modo in naturali
750 876 1245 930 bus, sed & in artificialibus. generatio
748 916 1249 962 enim aut est in qualitate, vt idolum
755 956 1247 1008 ex cupro: aut in quantitate, vt aug¬
750 998 1255 1042 mentum, & diminutio: aut secundum composi
750 1032 1253 1074 tionem, vt domus ex lateribus, & la
758 1073 1249 1114 pidibus: aut secundum transmutationem,
756 1109 1251 1160 qua est in ipsa substantia. & hoc inten¬
757 1149 1253 1200 debat, cum dixit: & quaedam per altera
753 1187 1249 1237 tionem, vt illa, quae mutantur secundum mate¬
754 1225 1247 1267 riam, i. quorum materia transmu¬
749 1267 1254 1306 tatur &omnia ista videntur esse in subiecto:
750 1309 1249 1346 & necessarium est vt omne generatum
753 1340 1247 1384 sit ex subiecto, & in subiecto, & ve¬
749 1381 1253 1419 rificat hoc inductione. Et hae duae
753 1429 1252 1472 transmutationes scilicet quae est in acciden¬
752 1470 1249 1514 tibus rei, & quae est in substantia, conue
753 1498 1255 1546 niunt in hoc, quoniam sunt alteratio eius
751 1535 1250 1578 dem rei de vna qualitate in aliam,
750 1575 1255 1625 & de vna dispositione in aliam. sed
748 1613 1248 1666 quia viderunt quod, quando res transmuta¬
747 1657 1257 1703 tur in quibusdam istis dispositioni,
753 1693 1259 1730 bus, statim nomen, & definitio eius
756 1735 1244 1770 transmutabuntur, & in quibusdam non
754 1768 1242 1810 vocauerunt primum modum trans
750 1805 1243 1850 mutationem in substantiam, & alte
750 1852 1242 1899 rationem substantialem, & vocaue
