1416 2066
193 156 702 202 sundumediata secundum sui subiam, quia sic quiescere
188 198 694 234 & deficere pot. & hoc aperte dicit Tnem. in
197 236 699 266 expositione te. 10s. vbi etiam Arist. iterum
192 260 705 297 dicit quod id, quod fertur, semper est alterum. vbi
195 292 695 330 dicit Them. non quod sit alterum a se in eo,
191 324 695 355 quod defertur, sed quia est in alio & alo
198 353 695 386 loco. Et sic nulla est contradictio, quia est
196 387 697 420 respectu diuersorum. Et istud tene, quia mul¬
198 420 697 450 ti errores passim circunferuntur perper ignorantiam
194 449 697 485 literarum Graecarum. & Deus sit dator auxilii¬
227 483 701 514 Decimasexta contradi. est in te. 109. Ari.
200 508 700 546 & Com. dicunt in isto te. com. 106. quod in tpere non
198 545 696 578 est ac cipere minimum secundum magnitudinem, sed
194 575 698 610 solum secundum multitudinem. Sed opponebam ex te.
199 609 690 642 tomo 39. 2. de coelo. vbi dicitur quod vniuscuiusque acti
199 638 695 671 habet minimum tempus ad non excedere. & ibi¬
195 670 697 706 dem datur exemplum, quod est dare minimum tempus,
198 708 701 738 cuius non contigit in minori moueri caelum, sicut
195 733 696 770 neque citharixare, neque ire in quocumque tempore
199 763 691 804 possibile. Amplius non est maior ratio de tem
199 796 699 836 pore, quae de motu. sed in motu est dare mini
194 829 695 867 mum motum secundum magnitudinem. scribitur enim 2. co
194 859 703 898 li tex. com. 2.6. quod minimus motus est, qui est
193 893 701 929 velocissimus. talis autem est motus coeli, qui
200 926 702 962 est mensura aliorum motuum. in vnoquoque
201 957 701 989 autem mensura, quod minimum, vt dicitur ibi, &
197 989 697 1018 etiam 10. meta. tex. com. 3. &. 4. Soluitur Con¬
195 1020 703 1059 syderatio de tempore & motu duobus modis
190 1053 698 1083 capi pont. Vno modo simpsi. & secundum rationem
192 1081 696 1122 gnalem, inquantum videlicet sunt continua, &
201 1116 697 1147 inquantum motus aut tempus absolute. & illa
190 1146 692 1178 ratione loquitur de motu & tempore Aristo. in li
198 1174 693 1210 bris physicae auscultationis, inquantum vide
196 1207 703 1242 licet motus inuenitur in corpore absolute,
198 1239 703 1274 & in eo quod motus. Alio modo consyderantur vt
196 1273 694 1306 sunt auplicata rebus sensibilibus determina¬
197 1304 701 1338 tis per formas sensibiles & naturales. Tunc
199 1334 694 1375 dico quod tempus secundum illam abstractam consydeta¬
199 1367 703 1402 tionem non habet minimum nisi secundum multitu¬
197 1404 702 1435 dinem, non autem secundum magnitudinem. nam cum
196 1431 699 1465 sit de numero continuorum, & continuum sit
194 1463 702 1499 diuisibile in infinitum, sub illa ideone non est
201 1496 693 1530 dare minimum tempus. Si autem tempus fuerit con¬
198 1527 703 1562 syderatum secundum contractam consyderationem, vt
199 1561 695 1594 hbet mensurare motum, & actus determina¬
203 1597 701 1627 os, prouenientes ab agentibus naturalibus de
199 1622 690 1658 terminatis: omnium enim natura constantium de
205 1655 696 1690 erminatus est numerus magnitudinis &
199 1685 695 1722 augmenti: sic bene in tempore inuenitur mi¬
199 1725 693 1754 nimum. & sic etiam inuenitur minimus metus,
203 1749 701 1786 vt bene probatur ex obiectis. Consimilem
190 1781 694 1819 solutionem sequitur Com in. 6. physi. in com
199 1812 472 1855 1s. sicut poteris videre.
229 1847 699 1882 Decimaseptima contradi. est in tex. 112.
198 1877 704 1911 Ari. & Com. dicunt quod tperi per se competit mensu
195 1911 700 1955 tare motum. Sed huius oppositum colligitur a Phi¬
731 160 1237 201 losopho inferius in te. com. 126. vbi probas pPsi
727 198 1233 234 losophus, quod licet tempus sit mensura quietis,
727 237 1237 267 non sequitur ex hoc vt quiescens sit in mo¬
726 265 1237 298 tu, ex quo quiescens est i tpre: quia tempus non
733 292 1230 325 est motus, sed est numerus motus. vbi Them.
726 323 1231 360 & Alex. dicunt quod tempus est accidens motus,
732 355 1228 389 & non sequitur quod , si aliquid fuerit in accidente
729 387 1225 430 alicui, quod prper hoc erit in illo, cui illud acci¬
727 416 1239 451 dens accidit non enim si quid fuerit in die, erit
733 453 1239 482 in latione Solis & expresse Alexam. vt recitat
727 483 1233 520 ibi Simipl. dixit quod tpi accidit mensurare mo¬
726 514 1229 546 tum. est igitur apertissima contradictio, sicut vi
724 542 1228 578 des. Nisi esset quod per accidens sumitur bifariam,
730 578 1232 611 vno modo, vt distinguitur contra per se primo
722 612 1231 653 modo. alio modo, vt distinguitur contra per
726 642 1233 674 se secundo modo. & tunc dico secundum Alexam. &
737 673 1237 706 Phemist. quod substantia seu quiditas temporis
731 700 1231 736 consistit in numerato esse prioris & poste¬
727 733 1231 767 rioris ipsius motus, secundum quod hoc est prius
728 763 1232 802 & illud posterius. & sic tps quiditatiue est
727 796 1243 828 numerus motus tantum & non quietis. quie
733 828 1233 859 tis enim essentia non consistit in prioris alicuius
729 859 1239 895 ad aliquod posterius transitu, vterque asserit.
728 892 1232 925 & ideo numerus in definitione temporis su¬.
732 923 1241 954 mitur pro numero numerato. sed tempus be
733 955 1239 987 ne est mensura, non solum motus, verum
731 986 1239 1017 etiam quietis. quia mensurare est de acciden¬
731 1019 1227 1051 tibus temporis, & non est de quiditate. est eni
730 1052 1235 1091 propria passio eius, secundum quam primo respicit mo
732 1084 1243 1122 tum, & per se, secundariovero & per accus respicit
726 1112 1234 1148 quietem, quae est motus priuatio. eadem enim est mensu
732 1151 1238 1178 ra priuationis & hitus, licet non eodem modo: si¬
732 1176 1239 1210 cut est eadem potentia discretiua lucis & tene
733 1209 1241 1250 brarum, & soni, & siletil, & eadem est regula obli
731 1241 1235 1282 qui & recti. Sic igitur, si syper accus opponitur
733 1276 1232 1306 contra per se primo modo, dico quod mensuratur mo
733 1303 1237 1348 tum non competit tperi per se, sed per accius. vientel in¬
734 1335 1233 1371 tellectus potet quiditatiue intelligere tperis subiam,
731 1368 1239 1410 absque hoc quod itelligat mensurationem respe¬
734 1398 1237 1442 ctu motus. pot enim intellectus diuidere quae sunt communium
732 1428 1235 1467 cta in esse. vt d. Com. in. 13 primae pomniae in com.
734 1465 1235 1504 9. sed si syper accus distinguitur contra per se
732 1494 1241 1530 secundo modo, sic dico quod tmi non accidit mensu
733 1527 1235 1562 are motum, sed competit sibi per se. & sic intel
732 1559 1229 1594 ligitur dictum Ari. in te. com. ri9. Sed tunc est diffi
731 1589 1229 1626 cultas, quia Com. 4. phy. com. 112. contra Them
735 1628 1234 1663 vult quod numerus ponatur in definitione tpris
741 1659 1235 1694 per numero numerante. quia tempori per se com¬
737 1692 1244 1722 petit mensutare motum, motui autem mensura
730 1716 1238 1754 re tempus comperit per accidens. & ideo, vt
733 1756 1237 1791 inquit Aristot. non posuit numeratum mo
729 1786 1237 1818 tus in temporis definitione, sed posuit nume
727 1818 1245 1848 rum. & Themi. non animaduertit ad hoc. tune
729 1842 1240 1878 igitur, si mensu: are motum ponitur in definitio¬
726 1876 1243 1909 ne rperis, male igitur dictum est hoc competere
727 1908 1242 1955 sibi per se in secundo modo, & quod intellecto
