1416 2066
161 181 661 242 est scientiae, aut omnium communis, sic
172 229 667 279 neque ei, qui de principiis. non enim
173 268 667 314 amplius principium est, si vnum
167 308 669 360 solum, & ita vnum est, aut enim princi
172 350 661 402 pium cuiusdam, aut aliquorum est.
216 390 664 450 Et dico nunc quod consyderatio
171 437 663 493 de ente, vtrum fit vnum immobi¬
170 484 654 546 le, non est consyderatio naturalis
164 533 666 595 Quemadmodum igitur Oeometra
164 580 651 645 non habet disputatione cu eo, qui ne¬
164 629 671 690 gat principia Geometriae: sed loqui
171 676 656 739 de hoc spectat ad aliam scientiam
170 725 666 778 aOeometria, aut ad sciam eoem
169 772 663 835 omnibus scientus: similiter Natu
164 820 667 882 ralis non habet loqui de principus an¬
171 877 661 931 sint. non enim erit hic principium om¬
173 917 661 978 nino, si fuerit vnum tantu, & fue¬
170 964 668 1030 rit huiusmoi vnu principium enim est ali¬
173 1013 625 1076 cuius principiu, aut aliquorum.
206 1076 664 1122 Cum dixit, quod illi, qui vtuntur hoc
171 1115 673 1155 nonle ens pro principio, non differt
176 1149 662 1200 pscrutatio eorum, vtrum ens sit vnum,
177 1193 665 1240 aut plura a perscrutatione eorum, qui
170 1229 666 1275 pscrutantur, vtrum principium sit vnum
166 1269 661 1306 aut plura, incoepit dicere quod illi, qui
175 1308 665 1349 vtuntur hoc nole ens pro ipso ente, &
161 1345 662 1395 non pro principio, dicentes ipsum
173 1381 667 1423 esse vnum, & immobile, multum di¬
172 1420 662 1475 stant ab eis, qui vtuntur hoc nole ens
182 1461 663 1512 pro principio. consyderatio enim isto
173 1501 669 1538 rum est naturalis, illorum vero non na
178 1538 659 1577 turalis. Et dixit: Et dico nunc, &c
171 1575 668 1626 i. & consyderatio nunc de ente, vtrum
171 1615 664 1658 sit vnum, aut plura, & mobile, aut im
173 1653 661 1705 mobile, quoniam hoc nomen ens non si¬
169 1692 663 1745 gnificat ipsum principium, est per¬
171 1733 669 1769 scrutatio innaturalis. D.dedit cau
171 1772 663 1810 sam, &dixit, quemadmodum igitur
174 1809 664 1850 Oeometra, &c. i. qui dicit ens vnum
171 1847 663 1890 esse, & immobile, negat principia,
694 172 1197 232 quae ponit Naturalis scilicet entia natu¬
690 229 1188 266 ralia plura esse, & mobilia, & haben
692 263 1188 315 tia principia. i. composita. nam posi¬
693 296 1183 354 to ente esse vnum, non erit illic prin¬
690 348 1176 393 cipium omnino: & similiter motu ablato non
690 381 1170 430 erit illic principium mouend scilicet na
692 418 1178 458 tura. & quicunque hoc ponit negat
700 459 1182 507 principia posita a Naturali: &rectum
694 501 1179 546 est vt cum eo non fiat disputatio: quem
699 532 1181 583 admodum Geometra non disputat
692 573 1173 610 cum negantibus principia Geome
690 607 1155 651 triae: sed loqui cum huiusmodi homibus
695 649 1176 701 tinet ad aliam sciam, aut propriam,
691 693 1179 730 aut communem omnibus scientiis scilicet primam
695 725 1175 775 philosophiam, aut artem disputan
695 765 1183 804 di. Et dixit: similiter Naturalis non
692 804 1185 857 habet loqui de principiis. i. similiter
695 841 1181 894 autem de principiis notis per se non
699 882 1187 924 oportet loqui in hac scientia: aut, si
693 919 1185 962 fuerit, erit alterius a Naturali. D.d.
693 957 1176 998 non enim erit hic, &c. i. secundum enim sermonen
693 999 1180 1035 dicentis ens esse vnum immobile non
698 1037 1182 1087 erit hoc principium omnino, videlicet
702 1072 1191 1114 causa rerum naturalium. si enim est prin
699 1111 1182 1154 cipium, est illud, cuius est principium:
694 1151 1186 1203 quare ens non erit vnum, sed plura
705 1194 1181 1244 vno. Qui igitur dicit ens esse vnum,
696 1229 1183 1280 & immobile, negat principia cogni
694 1268 1188 1318 tionis. entia enim esse plura, & mobilia
694 1304 1183 1359 estide principiis cognitionis in hac
693 1345 1183 1386 scientia: entia autem naturalia habere
701 1383 1185 1436 principia, quae sunt causa motus, &
694 1423 1188 1474 quietis in eis, est principium cogni¬
692 1461 1187 1505 tionis, & esse. hoc igitur nomen prin¬
694 1501 1187 1539 cipium vsitatur pro ambobus. Et ex
700 1538 1192 1586 posuit hic modum, ex quo sequitur
698 1575 1191 1627 quod dicens ens esse vnum negat prin¬
699 1613 1191 1658 cipium essentiae, & cognitionis, & ta
694 1656 1184 1707 cuit modum, ex quo contingit dicem
690 1693 1180 1741 ti ens esse vnum negare principia co¬
693 1722 1179 1782 gnitionis, & est pluralitas & motus
695 1769 1186 1821 nam qui negat principium, negat
700 1807 1181 1859 pluralitatem, & motum: principium
695 1845 1185 1890 eni est cam vtriusque. Et dixit: non erit
