<?xml version="1.0" encoding="UTF-8" standalone="yes"?>
<PcGts xmlns="http://schema.primaresearch.org/PAGE/gts/pagecontent/2013-07-15" xmlns:xsi="http://www.w3.org/2001/XMLSchema-instance" xsi:schemaLocation="http://schema.primaresearch.org/PAGE/gts/pagecontent/2013-07-15 http://schema.primaresearch.org/PAGE/gts/pagecontent/2013-07-15/pagecontent.xsd">
    <Metadata>
        <Creator>prov=University of Rostock/Institute of Mathematics/CITlab|PLANET AI GmbH/Gundram Leifert/gundram.leifert@planet-ai.de:name=cod-dsKs3a-m1(htr_id=29297)::::v=2.6.7
prov=University of Rostock/Institute of Mathematics/CITlab|PLANET AI GmbH/Tobias Gruening/tobias.gruening@planet-ai.de:name=de.uros.citlab.module.baseline2polygon.B2PSeamMultiOriented:v=2.6.7
prov=University of Rostock/Institute of Mathematics/CITlab|PLANET AI GmbH/Tobias Gruening/tobias.gruening@planet-ai.de:name=/net_tf/LA73_249_0mod360.pb:de.uros.citlab.segmentation.CITlab_LA_ML:v=2.6.6
Transkribus</Creator>
        <Created>2021-01-11T16:36:57.137-05:00</Created>
        <LastChange>2021-02-13T04:58:28.366+01:00</LastChange>
        <TranskribusMetadata docId="570401" pageId="23567993" pageNr="125" tsid="52610592" status="IN_PROGRESS" userId="25065" imgUrl="https://files.transkribus.eu/Get?id=EHTYRORGLRFSBDATJOWSGBXZ&amp;fileType=view" xmlUrl="https://files.transkribus.eu/Get?id=QSHVDYZZDEVABAKZAGBMMBGY" imageId="18092884"/>
    </Metadata>
    <Page imageFilename="Averroes_Physica_JuntSecunda_04-0125.jpg" imageWidth="1416" imageHeight="2066">
        <ReadingOrder>
            <OrderedGroup id="ro_1613222740584" caption="Regions reading order">
                <RegionRefIndexed index="0" regionRef="TextRegion_1611004938056_1858"/>
                <RegionRefIndexed index="1" regionRef="r4"/>
            </OrderedGroup>
        </ReadingOrder>
        <TextRegion orientation="0.0" id="TextRegion_1611004938056_1858" custom="readingOrder {index:0;}">
            <Coords points="177,140 686,140 686,1882 177,1882"/>
            <TextLine id="line_1611004938142_1861" custom="readingOrder {index:0;}">
                <Coords points="172,208 202,233 435,214 690,226 690,188 295,181 172,196"/>
                <Baseline points="177,216 179,216 206,214 232,213 259,213 286,212 312,211 339,211 365,211 392,210 419,210 445,210 472,210 498,210 525,211 552,211 578,211 605,212 631,212 658,212 685,213"/>
                <TextEquiv>
                    <Unicode>quemadmodum Medicus oportet</Unicode>
                </TextEquiv>
            </TextLine>
            <TextLine id="r3l3" custom="readingOrder {index:1;}">
                <Coords points="184,266 686,258 686,229 612,220 417,221 404,233 367,221 202,233 184,221"/>
                <Baseline points="189,253 214,252 240,251 266,251 292,250 318,250 344,250 370,250 396,250 422,250 447,250 473,250 499,251 525,251 551,251 577,251 603,252 629,252 655,252 681,251"/>
                <TextEquiv>
                    <Unicode>ipsum peruenire de cognitione forma</Unicode>
                </TextEquiv>
            </TextLine>
            <TextLine id="r3l4" custom="readingOrder {index:2;}">
                <Coords points="189,298 691,297 691,269 668,258 640,276 602,260 494,271 457,256 440,269 189,269"/>
                <Baseline points="194,290 219,290 245,289 271,289 297,289 323,288 349,288 375,288 401,288 427,288 452,288 478,288 504,289 530,289 556,289 582,289 608,289 634,289 660,289 686,289"/>
                <TextEquiv>
                    <Unicode>rum existentium in suo subiecto, de</Unicode>
                </TextEquiv>
            </TextLine>
            <TextLine id="r3l5" custom="readingOrder {index:3;}">
                <Coords points="186,345 224,333 681,338 681,301 542,308 528,294 468,310 350,295 337,308 318,296 186,309"/>
                <Baseline points="191,326 216,327 242,327 267,327 293,327 318,327 344,327 369,327 395,327 420,327 446,327 471,327 497,327 522,327 548,327 573,328 599,328 624,328 650,329 676,329"/>
                <TextEquiv>
                    <Unicode>quo consyderat, vt neruis, &amp; carne,</Unicode>
                </TextEquiv>
            </TextLine>
            <TextLine id="r3l6" custom="readingOrder {index:4;}">
                <Coords points="189,378 685,378 685,349 619,333 350,348 222,334 189,348"/>
                <Baseline points="194,366 219,366 245,366 270,366 296,366 321,366 347,366 373,366 398,366 424,366 449,366 475,366 500,366 526,366 552,366 577,366 603,366 628,366 654,366 680,367"/>
                <TextEquiv>
                    <Unicode>ad cognitionem quiditatis vltima¬</Unicode>
                </TextEquiv>
            </TextLine>
            <TextLine id="r3l7" custom="readingOrder {index:5;}">
                <Coords points="188,410 683,410 672,381 590,373 188,382"/>
                <Baseline points="193,405 218,404 244,404 269,404 295,403 320,403 346,403 371,404 397,404 422,404 448,404 473,405 499,405 524,405 550,405 575,405 601,405 626,405 652,404 678,404"/>
                <TextEquiv>
                    <Unicode>rum formarum existentium in sua ma¬</Unicode>
                </TextEquiv>
            </TextLine>
            <TextLine id="r3l8" custom="readingOrder {index:6;}">
                <Coords points="184,450 597,458 686,449 686,415 184,421"/>
                <Baseline points="189,444 214,444 240,444 266,443 292,443 318,443 344,443 370,443 396,443 422,443 447,443 473,443 499,443 525,443 551,443 577,443 603,443 629,443 655,444 681,444"/>
                <TextEquiv>
                    <Unicode>teria non separabilium ab ea, simili</Unicode>
                </TextEquiv>
            </TextLine>
            <TextLine id="r3l9" custom="readingOrder {index:7;}">
                <Coords points="185,490 259,502 287,487 684,490 684,461 658,453 185,461"/>
                <Baseline points="190,481 215,481 241,481 267,480 292,480 318,480 344,480 370,481 395,481 421,481 447,481 473,481 498,481 524,482 550,482 576,482 601,482 627,482 653,482 679,482"/>
                <TextEquiv>
                    <Unicode>ter oportet Naturalem peruenire in</Unicode>
                </TextEquiv>
            </TextLine>
            <TextLine id="r3l10" custom="readingOrder {index:8;}">
                <Coords points="188,530 681,525 681,499 648,488 501,502 440,488 420,506 351,489 302,500 257,481 233,500 188,499"/>
                <Baseline points="193,519 218,519 243,519 269,519 294,519 320,519 345,519 370,519 396,519 421,519 447,519 472,519 498,519 523,519 548,519 574,519 599,519 625,519 650,519 676,519"/>
                <TextEquiv>
                    <Unicode>consyderatione de formis ad vlti¬</Unicode>
                </TextEquiv>
            </TextLine>
            <TextLine id="r3l11" custom="readingOrder {index:9;}">
                <Coords points="189,564 384,562 427,575 443,563 687,562 672,534 582,526 189,532"/>
                <Baseline points="194,558 219,558 245,557 271,557 296,557 322,557 348,557 373,557 399,557 425,558 450,558 476,558 502,558 527,558 553,558 579,558 604,558 630,558 656,557 682,557"/>
                <TextEquiv>
                    <Unicode>mam formam, perper quam fuit mate¬</Unicode>
                </TextEquiv>
            </TextLine>
            <TextLine id="r3l12" custom="readingOrder {index:10;}">
                <Coords points="181,602 250,602 269,617 297,602 689,602 680,572 589,564 181,572"/>
                <Baseline points="186,596 212,596 238,596 264,595 290,595 317,595 343,595 369,595 395,595 421,596 448,596 474,596 500,596 526,596 552,596 579,596 605,596 631,596 657,595 684,595"/>
                <TextEquiv>
                    <Unicode>ria. v. g. ad formam homis. D.d. opor¬</Unicode>
                </TextEquiv>
            </TextLine>
            <TextLine id="r3l13" custom="readingOrder {index:11;}">
                <Coords points="183,642 543,650 689,637 689,620 662,605 183,613"/>
                <Baseline points="188,634 214,634 240,635 266,635 292,635 318,635 344,635 370,635 396,635 422,635 449,635 475,635 501,635 527,635 553,635 579,635 605,635 631,635 657,635 684,635"/>
                <TextEquiv>
                    <Unicode>tet enim ipsum scire, &amp;c i. oportet Na¬</Unicode>
                </TextEquiv>
            </TextLine>
            <TextLine id="r3l14" custom="readingOrder {index:12;}">
                <Coords points="190,682 686,679 686,653 621,654 607,641 581,653 467,641 448,653 190,653"/>
                <Baseline points="195,673 220,673 246,672 271,672 297,672 322,672 348,672 374,672 399,672 425,672 450,673 476,673 501,673 527,673 553,673 578,673 604,674 629,674 655,674 681,674"/>
                <TextEquiv>
                    <Unicode>turalem peruenire per suam consydera</Unicode>
                </TextEquiv>
            </TextLine>
            <TextLine id="r3l15" custom="readingOrder {index:13;}">
                <Coords points="186,722 685,722 685,681 608,694 571,680 555,692 519,680 458,693 186,684"/>
                <Baseline points="191,711 216,711 242,711 268,712 293,712 319,712 345,712 371,712 396,712 422,712 448,712 474,711 499,711 525,711 551,711 577,711 602,712 628,712 654,712 680,712"/>
                <TextEquiv>
                    <Unicode>tionem ad formam abstractam, scilicet vlti</Unicode>
                </TextEquiv>
            </TextLine>
            <TextLine id="r3l16" custom="readingOrder {index:14;}">
                <Coords points="184,762 624,762 682,757 682,724 184,726"/>
                <Baseline points="189,750 214,750 240,750 266,750 291,750 317,750 343,750 368,750 394,750 420,750 445,750 471,750 497,750 522,750 548,750 574,750 599,751 625,751 651,752 677,752"/>
                <TextEquiv>
                    <Unicode>mam, si esse eius est in materia, ante</Unicode>
                </TextEquiv>
            </TextLine>
            <TextLine id="r3l17" custom="readingOrder {index:15;}">
                <Coords points="191,809 247,793 361,806 412,790 494,809 512,794 682,793 682,765 666,757 421,769 406,757 344,768 191,757"/>
                <Baseline points="196,790 221,789 246,789 271,789 297,789 322,789 347,789 373,789 398,789 423,789 449,789 474,789 499,789 525,789 550,789 575,790 601,790 626,790 651,790 677,789"/>
                <TextEquiv>
                    <Unicode>quam perueniat apud consyderationem de</Unicode>
                </TextEquiv>
            </TextLine>
            <TextLine id="r3l18" custom="readingOrder {index:16;}">
                <Coords points="185,834 520,835 532,847 575,832 683,834 683,797 526,809 386,794 363,809 333,797 213,809 185,797"/>
                <Baseline points="190,828 215,828 241,827 267,827 292,827 318,827 344,827 369,827 395,827 421,827 446,827 472,827 498,827 523,827 549,827 575,827 600,827 626,827 652,827 678,827"/>
                <TextEquiv>
                    <Unicode>forma homis: sed homo generatur ab</Unicode>
                </TextEquiv>
            </TextLine>
            <TextLine id="r3l19" custom="readingOrder {index:17;}">
                <Coords points="184,873 684,874 684,842 629,847 610,832 382,849 326,833 252,846 184,833"/>
                <Baseline points="189,865 214,865 240,865 266,865 292,865 317,865 343,865 369,865 395,865 421,866 446,866 472,866 498,866 524,866 550,866 575,866 601,866 627,866 653,866 679,865"/>
                <TextEquiv>
                    <Unicode>homine, &amp; a sole, &amp; vtrunque est forma</Unicode>
                </TextEquiv>
            </TextLine>
            <TextLine id="r3l20" custom="readingOrder {index:18;}">
                <Coords points="187,913 679,914 679,880 187,885"/>
                <Baseline points="192,904 217,904 242,904 268,904 293,904 318,904 344,904 369,904 394,904 420,904 445,904 471,904 496,904 521,904 547,904 572,904 597,904 623,904 648,904 674,904"/>
                <TextEquiv>
                    <Unicode>in materia. Et dixit hic quasi contra¬</Unicode>
                </TextEquiv>
            </TextLine>
            <TextLine id="r3l21" custom="readingOrder {index:19;}">
                <Coords points="187,954 513,946 608,959 681,946 681,921 599,909 536,923 417,909 359,924 325,910 305,924 279,911 262,926 187,913"/>
                <Baseline points="192,944 217,943 242,942 268,942 293,942 319,941 344,941 370,942 395,942 421,942 446,942 472,943 497,943 523,943 548,943 574,943 599,943 625,942 650,941 676,940"/>
                <TextEquiv>
                    <Unicode>dicendo dicentibus formas separa¬</Unicode>
                </TextEquiv>
            </TextLine>
            <TextLine id="r3l22" custom="readingOrder {index:20;}">
                <Coords points="184,986 686,987 686,957 663,949 624,963 464,949 184,956"/>
                <Baseline points="189,981 214,980 240,980 266,980 292,980 318,980 344,980 370,980 396,980 422,981 447,981 473,981 499,981 525,982 551,982 577,982 603,981 629,981 655,980 681,979"/>
                <TextEquiv>
                    <Unicode>ri, &amp; innuendo quod formae naturales</Unicode>
                </TextEquiv>
            </TextLine>
            <TextLine id="r3l23" custom="readingOrder {index:21;}">
                <Coords points="179,1026 685,1025 685,996 668,989 517,988 490,1001 478,989 413,1000 179,989"/>
                <Baseline points="184,1019 210,1019 236,1019 262,1019 288,1020 314,1020 340,1020 366,1020 392,1020 418,1020 445,1020 471,1020 497,1020 523,1020 549,1020 575,1020 601,1020 627,1020 653,1019 680,1019"/>
                <TextEquiv>
                    <Unicode>sunt in materia. D.d. dispositio autem</Unicode>
                </TextEquiv>
            </TextLine>
            <TextLine id="r3l24" custom="readingOrder {index:22;}">
                <Coords points="187,1067 463,1062 511,1075 640,1062 685,1074 685,1028 187,1029"/>
                <Baseline points="192,1058 217,1057 243,1057 269,1057 294,1057 320,1058 346,1058 371,1058 397,1058 423,1058 448,1059 474,1059 500,1059 525,1059 551,1059 577,1059 602,1059 628,1059 654,1059 680,1059"/>
                <TextEquiv>
                    <Unicode>inabstracto, &amp;c. i. consyderatio autem</Unicode>
                </TextEquiv>
            </TextLine>
            <TextLine id="r3l25" custom="readingOrder {index:23;}">
                <Coords points="189,1105 272,1115 683,1098 683,1078 605,1062 589,1077 189,1069"/>
                <Baseline points="194,1096 219,1095 244,1095 270,1095 295,1095 321,1095 346,1095 372,1096 397,1096 423,1096 448,1097 474,1097 499,1097 525,1097 550,1097 576,1097 601,1097 627,1097 652,1097 678,1096"/>
                <TextEquiv>
                    <Unicode>de dispositionibus formarum abstra¬</Unicode>
                </TextEquiv>
            </TextLine>
            <TextLine id="r3l26" custom="readingOrder {index:24;}">
                <Coords points="189,1146 689,1146 689,1116 665,1104 608,1124 498,1102 454,1117 406,1103 352,1116 189,1105"/>
                <Baseline points="194,1135 219,1135 245,1135 271,1135 297,1135 322,1135 348,1135 374,1135 400,1135 426,1135 451,1135 477,1135 503,1135 529,1135 555,1135 580,1136 606,1136 632,1136 658,1136 684,1137"/>
                <TextEquiv>
                    <Unicode>ctarum, secundum quod sunt abstractae, &amp; de</Unicode>
                </TextEquiv>
            </TextLine>
            <TextLine id="r3l27" custom="readingOrder {index:25;}">
                <Coords points="186,1183 459,1178 485,1194 505,1178 542,1190 612,1175 686,1188 686,1149 638,1142 186,1149"/>
                <Baseline points="191,1172 216,1173 242,1173 268,1173 294,1173 319,1173 345,1173 371,1173 397,1173 423,1173 448,1173 474,1173 500,1173 526,1173 552,1174 577,1174 603,1174 629,1175 655,1175 681,1176"/>
                <TextEquiv>
                    <Unicode>quiditatibus earum, est proprie Primae</Unicode>
                </TextEquiv>
            </TextLine>
            <TextLine id="r3l28" custom="readingOrder {index:26;}">
                <Coords points="190,1218 288,1218 306,1231 322,1219 681,1214 670,1189 598,1181 484,1194 462,1181 190,1185"/>
                <Baseline points="195,1210 220,1211 245,1211 270,1212 296,1212 321,1212 346,1213 372,1213 397,1213 422,1213 448,1213 473,1213 498,1214 524,1214 549,1214 574,1213 600,1213 625,1213 650,1213 676,1213"/>
                <TextEquiv>
                    <Unicode>Philosophiae, non scientiae Natura¬</Unicode>
                </TextEquiv>
            </TextLine>
            <TextLine id="r3l29" custom="readingOrder {index:27;}">
                <Coords points="188,1258 685,1258 685,1228 663,1220 188,1222"/>
                <Baseline points="193,1250 218,1250 244,1250 269,1251 295,1251 321,1251 346,1251 372,1251 398,1251 423,1251 449,1251 474,1252 500,1252 526,1252 551,1252 577,1252 603,1252 628,1252 654,1251 680,1251"/>
                <TextEquiv>
                    <Unicode>lis. Et notandum quod consyderatio in</Unicode>
                </TextEquiv>
            </TextLine>
            <TextLine id="r3l30" custom="readingOrder {index:28;}">
                <Coords points="191,1298 689,1292 689,1275 640,1261 288,1270 225,1256 192,1269"/>
                <Baseline points="196,1289 221,1289 247,1289 273,1289 298,1289 324,1289 350,1290 375,1290 401,1290 427,1291 452,1291 478,1291 504,1291 529,1291 555,1291 581,1291 606,1291 632,1291 658,1290 684,1289"/>
                <TextEquiv>
                    <Unicode>esse istarum formarum est in scien¬</Unicode>
                </TextEquiv>
            </TextLine>
            <TextLine id="r3l31" custom="readingOrder {index:29;}">
                <Coords points="191,1339 689,1338 689,1305 191,1306"/>
                <Baseline points="196,1328 221,1328 247,1327 273,1327 298,1328 324,1328 350,1328 375,1328 401,1328 427,1329 452,1329 478,1329 504,1329 529,1329 555,1329 581,1329 606,1329 632,1329 658,1328 684,1328"/>
                <TextEquiv>
                    <Unicode>tia Naturali, non in prima Philoso</Unicode>
                </TextEquiv>
            </TextLine>
            <TextLine id="r3l32" custom="readingOrder {index:30;}">
                <Coords points="199,1372 685,1378 685,1341 609,1350 519,1336 476,1353 393,1334 199,1344"/>
                <Baseline points="204,1367 229,1367 254,1367 279,1366 304,1366 329,1366 354,1367 379,1367 404,1367 429,1367 454,1367 479,1367 504,1368 529,1368 554,1368 579,1368 604,1368 629,1368 654,1367 680,1367"/>
                <TextEquiv>
                    <Unicode>phia: sicut existimat Aui, quoniam in hac</Unicode>
                </TextEquiv>
            </TextLine>
            <TextLine id="r3l33" custom="readingOrder {index:31;}">
                <Coords points="193,1412 281,1426 311,1411 671,1418 684,1380 193,1388"/>
                <Baseline points="198,1406 223,1406 248,1406 273,1406 299,1405 324,1405 349,1406 375,1406 400,1406 425,1406 451,1406 476,1406 501,1406 527,1406 552,1406 577,1406 603,1406 628,1406 653,1406 679,1405"/>
                <TextEquiv>
                    <Unicode>cia apparet istud genus formarum</Unicode>
                </TextEquiv>
            </TextLine>
            <TextLine id="r3l34" custom="readingOrder {index:32;}">
                <Coords points="193,1450 337,1451 350,1464 369,1450 538,1450 554,1462 683,1450 671,1421 598,1413 193,1420"/>
                <Baseline points="198,1444 223,1444 248,1444 273,1444 299,1444 324,1444 349,1445 374,1445 400,1445 425,1445 450,1445 475,1445 501,1446 526,1446 551,1445 576,1445 602,1445 627,1445 652,1444 678,1443"/>
                <TextEquiv>
                    <Unicode>esse, deinde prima Philosophia con¬</Unicode>
                </TextEquiv>
            </TextLine>
            <TextLine id="r3l35" custom="readingOrder {index:33;}">
                <Coords points="190,1493 346,1501 363,1489 543,1486 608,1504 672,1490 672,1465 635,1453 536,1453 519,1469 470,1452 357,1465 190,1452"/>
                <Baseline points="195,1481 221,1481 247,1481 273,1482 299,1482 326,1482 352,1483 378,1483 404,1483 431,1483 457,1484 483,1484 509,1484 535,1484 562,1484 588,1484 614,1484 640,1484 667,1484"/>
                <TextEquiv>
                    <Unicode>syderat de quiditatibus, &amp; disponi</Unicode>
                </TextEquiv>
            </TextLine>
            <TextLine id="r3l36" custom="readingOrder {index:34;}">
                <Coords points="194,1527 634,1538 684,1530 684,1496 194,1503"/>
                <Baseline points="199,1520 224,1520 249,1521 274,1521 300,1521 325,1521 350,1521 375,1522 401,1522 426,1522 451,1522 476,1522 502,1522 527,1522 552,1522 577,1522 603,1522 628,1522 653,1522 679,1522"/>
                <TextEquiv>
                    <Unicode>bus earum. &amp; hoc est rectum. impos</Unicode>
                </TextEquiv>
            </TextLine>
            <TextLine id="r3l37" custom="readingOrder {index:35;}">
                <Coords points="186,1569 691,1570 691,1533 645,1549 584,1527 556,1544 482,1529 390,1542 365,1527 268,1545 186,1528"/>
                <Baseline points="191,1560 217,1560 243,1560 269,1560 295,1560 321,1560 347,1560 373,1560 399,1560 425,1560 451,1560 477,1560 503,1560 529,1561 555,1561 581,1561 607,1561 633,1561 659,1561 686,1560"/>
                <TextEquiv>
                    <Unicode>sibile enim est aliquam seniam viversalem, &amp; </Unicode>
                </TextEquiv>
            </TextLine>
            <TextLine id="r3l38" custom="readingOrder {index:36;}">
                <Coords points="192,1603 686,1610 686,1573 623,1566 607,1581 564,1565 526,1580 192,1573"/>
                <Baseline points="197,1598 222,1599 247,1599 273,1599 298,1599 324,1600 349,1600 375,1600 400,1600 426,1600 451,1600 477,1600 502,1599 528,1599 553,1599 579,1599 604,1599 630,1599 655,1600 681,1600"/>
                <TextEquiv>
                    <Unicode>particularem declarare subiectum</Unicode>
                </TextEquiv>
            </TextLine>
            <TextLine id="r3l39" custom="readingOrder {index:37;}">
                <Coords points="186,1643 316,1654 365,1642 393,1657 411,1642 475,1655 491,1643 550,1655 680,1642 680,1616 585,1605 243,1617 223,1604 186,1616"/>
                <Baseline points="191,1637 216,1637 241,1637 267,1637 292,1637 318,1637 343,1637 369,1637 394,1637 420,1637 445,1638 471,1638 496,1638 522,1638 547,1638 573,1638 598,1638 624,1638 649,1638 675,1638"/>
                <TextEquiv>
                    <Unicode>esse, siue per signum, siue per demon¬</Unicode>
                </TextEquiv>
            </TextLine>
            <TextLine id="r3l40" custom="readingOrder {index:38;}">
                <Coords points="192,1681 359,1681 372,1693 690,1682 690,1654 607,1645 555,1660 532,1645 398,1658 192,1645"/>
                <Baseline points="197,1676 222,1676 248,1676 274,1677 299,1677 325,1677 351,1677 376,1677 402,1677 428,1677 453,1677 479,1677 505,1677 530,1677 556,1677 582,1677 607,1677 633,1677 659,1678 685,1678"/>
                <TextEquiv>
                    <Unicode>strationem: quod non est ita in cau</Unicode>
                </TextEquiv>
            </TextLine>
            <TextLine id="r3l41" custom="readingOrder {index:39;}">
                <Coords points="189,1720 689,1722 689,1692 189,1685"/>
                <Baseline points="194,1713 219,1713 245,1714 271,1714 297,1714 322,1715 348,1715 374,1715 400,1715 426,1715 451,1715 477,1716 503,1716 529,1716 555,1715 580,1715 606,1715 632,1715 658,1715 684,1715"/>
                <TextEquiv>
                    <Unicode>sis sui subiecti: quoniam declarat eas per </Unicode>
                </TextEquiv>
            </TextLine>
            <TextLine id="r3l42" custom="readingOrder {index:40;}">
                <Coords points="189,1759 209,1770 685,1759 685,1734 655,1721 638,1733 585,1721 565,1736 189,1723"/>
                <Baseline points="194,1753 219,1753 245,1754 270,1754 296,1754 321,1754 347,1754 373,1754 398,1754 424,1754 449,1753 475,1753 500,1753 526,1753 552,1753 577,1753 603,1754 628,1754 654,1754 680,1755"/>
                <TextEquiv>
                    <Unicode>signum, non per demronem simpercitur.</Unicode>
                </TextEquiv>
            </TextLine>
            <TextLine id="r3l43" custom="readingOrder {index:41;}">
                <Coords points="178,1799 249,1812 437,1794 490,1811 665,1803 680,1801 680,1757 628,1777 605,1762 178,1765"/>
                <Baseline points="183,1792 208,1792 234,1793 260,1793 286,1793 312,1793 338,1793 364,1793 390,1793 416,1793 441,1792 467,1792 493,1792 519,1792 545,1792 571,1792 597,1792 623,1793 649,1793 675,1794"/>
                <TextEquiv>
                    <Unicode>scia igitur naturalis consyderat de esse</Unicode>
                </TextEquiv>
            </TextLine>
            <TextLine id="r3l44" custom="readingOrder {index:42;}">
                <Coords points="178,1842 647,1842 680,1836 680,1805 178,1808"/>
                <Baseline points="183,1831 208,1831 234,1831 260,1831 286,1831 312,1831 338,1831 364,1831 390,1831 416,1831 441,1831 467,1831 493,1831 519,1831 545,1831 571,1831 597,1831 623,1831 649,1831 675,1831"/>
                <TextEquiv>
                    <Unicode>formarum, quousque perueniat ad vl</Unicode>
                </TextEquiv>
            </TextLine>
            <TextLine id="r3l45" custom="readingOrder {index:43;}">
                <Coords points="187,1882 616,1875 647,1891 680,1878 680,1838 612,1837 590,1856 540,1837 451,1852 411,1839 187,1844"/>
                <Baseline points="192,1871 217,1871 242,1871 268,1871 293,1872 319,1872 344,1872 369,1872 395,1872 420,1872 446,1871 471,1871 497,1871 522,1871 547,1871 573,1870 598,1870 624,1870 649,1870 675,1869"/>
                <TextEquiv>
                    <Unicode>timam formarum materialium, &amp; pri¬</Unicode>
                </TextEquiv>
            </TextLine>
            <TextEquiv>
                <Unicode>quemadmodum Medicus oportet
ipsum peruenire de cognitione forma
rum existentium in suo subiecto, de
quo consyderat, vt neruis, &amp; carne,
ad cognitionem quiditatis vltima¬
rum formarum existentium in sua ma¬
teria non separabilium ab ea, simili
ter oportet Naturalem peruenire in
consyderatione de formis ad vlti¬
mam formam, perper quam fuit mate¬
ria. v. g. ad formam homis. D.d. opor¬
tet enim ipsum scire, &amp;c i. oportet Na¬
turalem peruenire per suam consydera
tionem ad formam abstractam, scilicet vlti
mam, si esse eius est in materia, ante
quam perueniat apud consyderationem de
forma homis: sed homo generatur ab
homine, &amp; a sole, &amp; vtrunque est forma
in materia. Et dixit hic quasi contra¬
dicendo dicentibus formas separa¬
ri, &amp; innuendo quod formae naturales
sunt in materia. D.d. dispositio autem
inabstracto, &amp;c. i. consyderatio autem
de dispositionibus formarum abstra¬
ctarum, secundum quod sunt abstractae, &amp; de
quiditatibus earum, est proprie Primae
Philosophiae, non scientiae Natura¬
lis. Et notandum quod consyderatio in
esse istarum formarum est in scien¬
tia Naturali, non in prima Philoso
phia: sicut existimat Aui, quoniam in hac
cia apparet istud genus formarum
esse, deinde prima Philosophia con¬
syderat de quiditatibus, &amp; disponi
bus earum. &amp; hoc est rectum. impos
sibile enim est aliquam seniam viversalem, &amp; 
particularem declarare subiectum
esse, siue per signum, siue per demon¬
strationem: quod non est ita in cau
sis sui subiecti: quoniam declarat eas per 
signum, non per demronem simpercitur.
scia igitur naturalis consyderat de esse
formarum, quousque perueniat ad vl
timam formarum materialium, &amp; pri¬</Unicode>
            </TextEquiv>
        </TextRegion>
        <TextRegion orientation="0.0" id="r4" custom="readingOrder {index:1;}">
            <Coords points="716,140 716,1920 1220,1920 1220,140"/>
            <TextLine id="r4l3" custom="readingOrder {index:0;}">
                <Coords points="721,218 1196,218 1211,214 1211,188 1168,177 1088,189 1056,172 1025,189 721,189"/>
                <Baseline points="726,211 751,211 776,211 801,210 827,210 852,210 877,210 902,210 928,210 953,210 978,209 1003,209 1029,209 1054,209 1079,209 1104,208 1130,208 1155,208 1180,207 1206,206"/>
                <TextEquiv>
                    <Unicode>mam abstractarum, aut ad formas for¬</Unicode>
                </TextEquiv>
            </TextLine>
            <TextLine id="r4l4" custom="readingOrder {index:1;}">
                <Coords points="719,257 859,267 1061,246 1082,258 1221,251 1220,213 1033,230 718,221"/>
                <Baseline points="724,249 749,249 775,249 801,249 827,249 853,248 879,248 905,248 931,248 957,248 982,248 1008,248 1034,248 1060,248 1086,248 1112,247 1138,247 1164,246 1190,246 1216,245"/>
                <TextEquiv>
                    <Unicode>inarum, quae sunt mediae in esse inter il¬</Unicode>
                </TextEquiv>
            </TextLine>
            <TextLine id="r4l5" custom="readingOrder {index:2;}">
                <Coords points="723,297 1151,298 1217,285 1217,265 1171,255 1074,254 1057,269 1032,253 1016,268 950,270 917,254 853,270 783,253 760,268 723,262"/>
                <Baseline points="728,287 753,287 778,287 804,287 829,287 855,287 880,287 906,287 931,287 957,287 982,287 1008,287 1033,286 1059,286 1084,286 1110,285 1135,284 1161,284 1186,284 1212,283"/>
                <TextEquiv>
                    <Unicode>las: sicut existimatur de forma ho¬</Unicode>
                </TextEquiv>
            </TextLine>
            <TextLine id="r4l6" custom="readingOrder {index:3;}">
                <Coords points="721,338 801,333 844,339 854,331 921,338 921,314 902,301 863,302 849,296 842,302 828,294 804,302 752,296 721,301"/>
                <Baseline points="726,326 753,324 780,324 807,324 834,324 861,325 888,325 916,326"/>
                <TextEquiv>
                    <Unicode>minis vltima.</Unicode>
                </TextEquiv>
            </TextLine>
            <TextLine id="r4l7" custom="readingOrder {index:4;}">
                <Coords points="797,394 940,394 951,386 959,394 1119,395 1133,394 1134,372 798,359"/>
                <Baseline points="802,381 827,382 852,383 877,384 902,384 927,385 952,385 977,385 1002,386 1027,386 1052,386 1077,386 1102,385 1128,385"/>
                <TextEquiv>
                    <Unicode>SVMMA TERTIA.</Unicode>
                </TextEquiv>
            </TextLine>
            <TextLine id="r4l8" custom="readingOrder {index:5;}">
                <Coords points="739,434 1186,442 1186,412 1159,405 739,405"/>
                <Baseline points="744,427 769,427 795,428 821,428 846,428 872,428 898,428 923,429 949,429 975,430 1001,430 1026,430 1052,431 1078,431 1103,431 1129,431 1155,432 1181,432"/>
                <TextEquiv>
                    <Unicode>De Causis, &amp; earum in plura membra</Unicode>
                </TextEquiv>
            </TextLine>
            <TextLine id="r4l9" custom="readingOrder {index:6;}">
                <Coords points="900,467 1030,466 1030,453 1022,453 1008,442 1001,446 982,445 971,435 942,441 936,437 915,436 907,444 900,444"/>
                <Baseline points="905,461 935,460 965,460 995,461 1025,462"/>
                <TextEquiv>
                    <Unicode>diuisione.</Unicode>
                </TextEquiv>
            </TextLine>
            <TextLine id="r4l10" custom="readingOrder {index:7;}">
                <Coords points="759,532 1022,539 1063,523 1109,547 1135,530 1185,530 1185,510 1167,501 1136,510 1090,492 1056,508 1040,493 836,503 759,493"/>
                <Baseline points="764,522 790,521 816,521 842,521 868,521 894,521 920,521 946,521 972,522 998,522 1024,523 1050,523 1076,524 1102,524 1128,525 1154,525 1180,525"/>
                <TextEquiv>
                    <Unicode>Quot, quae ue sint causae. Cap. 1.</Unicode>
                </TextEquiv>
            </TextLine>
            <TextLine id="r4l11" custom="readingOrder {index:8;}">
                <Coords points="879,610 1070,610 1082,600 1095,610 1153,602 1207,610 1207,572 1192,565 1112,565 1103,574 879,565"/>
                <Baseline points="884,600 910,600 937,600 963,600 990,600 1016,600 1043,600 1069,600 1096,600 1122,600 1149,600 1175,600 1202,600"/>
                <TextEquiv>
                    <Unicode>Eterminatis autem his</Unicode>
                </TextEquiv>
            </TextLine>
            <TextLine id="r4l12" custom="readingOrder {index:9;}">
                <Coords points="871,650 947,647 961,658 995,647 1219,650 1219,613 1189,608 1175,621 1156,606 1121,619 1081,605 1066,617 1011,616 986,605 967,621 946,611 871,627"/>
                <Baseline points="876,641 902,641 928,641 954,641 980,641 1006,641 1032,641 1058,641 1084,641 1110,641 1136,641 1162,641 1188,641 1214,641"/>
                <TextEquiv>
                    <Unicode>consyderandum est de</Unicode>
                </TextEquiv>
            </TextLine>
            <TextLine id="r4l13" custom="readingOrder {index:10;}">
                <Coords points="856,693 1036,699 1055,689 1092,698 1136,686 1155,697 1212,690 1212,654 1161,662 1103,649 1089,660 1031,662 995,648 963,662 946,649 856,673"/>
                <Baseline points="861,684 887,684 914,683 940,683 967,682 994,682 1020,682 1047,682 1073,682 1100,682 1127,682 1153,682 1180,683 1207,683"/>
                <TextEquiv>
                    <Unicode>uer causis, &amp; quae, &amp; quo</Unicode>
                </TextEquiv>
            </TextLine>
            <TextLine id="r4l14" custom="readingOrder {index:11;}">
                <Coords points="817,729 1214,731 1215,703 1139,687 1103,717 1086,700 1031,693 891,701 874,685 852,704 818,700"/>
                <Baseline points="822,717 847,719 873,721 899,722 925,723 951,723 976,724 1002,724 1028,724 1054,724 1080,724 1105,724 1131,724 1157,725 1183,725 1209,726"/>
                <TextEquiv>
                    <Unicode>aesl numero sunt. Cum enim</Unicode>
                </TextEquiv>
            </TextLine>
            <TextLine id="r4l16" custom="readingOrder {index:12;}">
                <Coords points="716,774 815,787 990,770 1045,786 1105,771 1207,783 1214,736 715,734"/>
                <Baseline points="721,767 746,767 772,767 798,767 823,767 849,767 875,767 900,767 926,767 952,766 977,766 1003,766 1029,766 1054,766 1080,766 1106,766 1131,766 1157,767 1183,768 1209,768"/>
                <TextEquiv>
                    <Unicode>sciendi gratia hoc negocium sit,</Unicode>
                </TextEquiv>
            </TextLine>
            <TextLine id="r4l17" custom="readingOrder {index:13;}">
                <Coords points="714,818 1212,817 1212,785 1172,781 1041,788 992,773 767,789 714,773"/>
                <Baseline points="719,809 744,809 770,809 796,809 821,809 847,809 873,809 898,809 924,809 950,808 975,808 1001,808 1027,808 1052,808 1078,808 1104,808 1129,808 1155,808 1181,809 1207,809"/>
                <TextEquiv>
                    <Unicode>scire autem non prius opinamus</Unicode>
                </TextEquiv>
            </TextLine>
            <TextLine id="r4l18" custom="readingOrder {index:14;}">
                <Coords points="718,854 835,866 982,866 997,851 1064,866 1216,858 1216,823 1199,816 1184,829 1071,829 1046,813 996,830 911,815 892,828 718,827"/>
                <Baseline points="723,849 748,849 774,850 800,850 825,850 851,850 877,850 902,850 928,850 954,850 979,850 1005,850 1031,850 1056,850 1082,850 1108,850 1133,850 1159,850 1185,850 1211,851"/>
                <TextEquiv>
                    <Unicode>vnumquodque, quaem vtique coeperi¬</Unicode>
                </TextEquiv>
            </TextLine>
            <TextLine id="r4l19" custom="readingOrder {index:15;}">
                <Coords points="714,898 1221,907 1221,879 1167,854 1135,870 714,869"/>
                <Baseline points="719,890 745,891 771,892 797,893 823,893 849,893 875,893 902,892 928,892 954,891 980,891 1006,891 1032,890 1059,890 1085,890 1111,891 1137,891 1163,892 1189,894 1216,895"/>
                <TextEquiv>
                    <Unicode>mus perper quid circa vnumquodque,</Unicode>
                </TextEquiv>
            </TextLine>
            <TextLine id="r4l20" custom="readingOrder {index:16;}">
                <Coords points="718,938 1023,938 1053,950 1082,937 1222,938 1222,909 718,899"/>
                <Baseline points="723,933 749,933 775,933 801,933 827,933 853,933 879,933 905,933 931,933 957,933 983,933 1009,933 1035,933 1061,933 1087,933 1113,933 1139,933 1165,933 1191,933 1217,933"/>
                <TextEquiv>
                    <Unicode>hoc autem est accipere primam cau</Unicode>
                </TextEquiv>
            </TextLine>
            <TextLine id="r4l21" custom="readingOrder {index:17;}">
                <Coords points="715,981 1223,984 1223,950 1155,940 1054,955 1018,941 1000,957 949,941 715,943"/>
                <Baseline points="720,975 746,974 772,974 798,974 824,974 851,974 877,974 903,974 929,974 955,974 982,974 1008,974 1034,974 1060,974 1086,975 1113,975 1139,975 1165,975 1191,975 1218,975"/>
                <TextEquiv>
                    <Unicode>sam: manifestum quod &amp; nobis hoc</Unicode>
                </TextEquiv>
            </TextLine>
            <TextLine id="r4l22" custom="readingOrder {index:18;}">
                <Coords points="717,1027 987,1020 1044,1036 1168,1023 1219,1035 1219,1004 1198,989 717,988"/>
                <Baseline points="722,1015 747,1015 773,1016 799,1016 825,1016 851,1016 877,1016 903,1016 929,1015 955,1015 980,1015 1006,1015 1032,1015 1058,1015 1084,1015 1110,1015 1136,1016 1162,1016 1188,1017 1214,1017"/>
                <TextEquiv>
                    <Unicode>faciendum est &amp; de generatione,</Unicode>
                </TextEquiv>
            </TextLine>
            <TextLine id="r4l23" custom="readingOrder {index:19;}">
                <Coords points="719,1064 1219,1067 1219,1035 1178,1025 1159,1037 719,1028"/>
                <Baseline points="724,1057 749,1057 775,1057 801,1057 827,1057 852,1057 878,1058 904,1058 930,1058 956,1058 981,1058 1007,1058 1033,1058 1059,1058 1085,1058 1110,1057 1136,1057 1162,1057 1188,1056 1214,1056"/>
                <TextEquiv>
                    <Unicode>&amp; corruptione, &amp; de omni phy</Unicode>
                </TextEquiv>
            </TextLine>
            <TextLine id="r4l24" custom="readingOrder {index:20;}">
                <Coords points="723,1106 1222,1106 1221,1077 1189,1069 838,1079 722,1063"/>
                <Baseline points="727,1097 752,1098 778,1098 804,1098 829,1098 855,1099 881,1099 907,1099 932,1098 958,1098 984,1098 1010,1098 1035,1098 1061,1098 1087,1098 1113,1098 1138,1097 1164,1097 1190,1097 1216,1097"/>
                <TextEquiv>
                    <Unicode>sica mutatione: vt scientes ipso¬</Unicode>
                </TextEquiv>
            </TextLine>
            <TextLine id="r4l25" custom="readingOrder {index:21;}">
                <Coords points="719,1146 1225,1149 1225,1123 1206,1109 719,1116"/>
                <Baseline points="724,1139 750,1139 776,1139 802,1139 828,1140 854,1140 880,1140 906,1140 932,1140 958,1140 985,1140 1011,1140 1037,1140 1063,1140 1089,1140 1115,1140 1141,1140 1167,1141 1193,1141 1220,1141"/>
                <TextEquiv>
                    <Unicode>rum principia, reducere ad ipsa</Unicode>
                </TextEquiv>
            </TextLine>
            <TextLine id="r4l26" custom="readingOrder {index:22;}">
                <Coords points="721,1194 881,1186 908,1202 1048,1187 1141,1202 1158,1185 1186,1203 1221,1194 1222,1165 1160,1146 722,1157"/>
                <Baseline points="726,1181 751,1181 777,1182 803,1182 829,1182 854,1182 880,1182 906,1182 932,1182 958,1182 983,1182 1009,1181 1035,1181 1061,1181 1087,1182 1112,1182 1138,1182 1164,1182 1190,1183 1216,1183"/>
                <TextEquiv>
                    <Unicode>tentemus quaesitorum vnumquodque.</Unicode>
                </TextEquiv>
            </TextLine>
            <TextLine id="r4l27" custom="readingOrder {index:23;}">
                <Coords points="767,1251 871,1266 922,1246 1132,1246 1192,1266 1225,1253 1225,1207 1136,1228 1116,1211 767,1221"/>
                <Baseline points="772,1245 798,1245 824,1245 851,1245 877,1245 903,1245 930,1245 956,1245 982,1245 1009,1245 1035,1245 1061,1245 1088,1245 1114,1244 1140,1243 1167,1242 1193,1240 1220,1239"/>
                <TextEquiv>
                    <Unicode>His igitur determinatis conso</Unicode>
                </TextEquiv>
            </TextLine>
            <TextLine id="r4l28" custom="readingOrder {index:24;}">
                <Coords points="715,1298 964,1295 1008,1314 1037,1297 1094,1314 1145,1284 1177,1304 1213,1298 1213,1261 1069,1279 1039,1253 1013,1269 967,1269 950,1252 877,1271 822,1253 802,1269 715,1261"/>
                <Baseline points="720,1293 745,1293 771,1293 797,1293 822,1293 848,1293 874,1293 899,1293 925,1293 951,1293 976,1293 1002,1293 1028,1293 1053,1293 1079,1293 1105,1293 1130,1293 1156,1292 1182,1292 1208,1291"/>
                <TextEquiv>
                    <Unicode>derandum est de causis, quae &amp; </Unicode>
                </TextEquiv>
            </TextLine>
            <TextLine id="r4l29" custom="readingOrder {index:25;}">
                <Coords points="721,1362 759,1345 1118,1346 1144,1362 1215,1339 1215,1320 1186,1303 1110,1319 1027,1303 1013,1317 859,1321 813,1301 721,1317"/>
                <Baseline points="726,1340 751,1340 776,1340 802,1340 827,1340 853,1340 878,1340 904,1340 929,1340 955,1340 980,1340 1006,1340 1031,1340 1057,1340 1082,1339 1108,1339 1133,1339 1159,1339 1184,1339 1210,1339"/>
                <TextEquiv>
                    <Unicode>quot sunt. Intentio enim istius cosyde¬</Unicode>
                </TextEquiv>
            </TextLine>
            <TextLine id="r4l30" custom="readingOrder {index:26;}">
                <Coords points="719,1394 816,1394 842,1410 892,1393 1223,1394 1223,1366 1025,1366 1006,1349 915,1368 719,1365"/>
                <Baseline points="724,1386 750,1387 776,1387 802,1387 828,1388 854,1388 880,1388 906,1387 932,1387 958,1387 984,1387 1010,1387 1036,1387 1062,1386 1088,1386 1114,1386 1140,1386 1166,1386 1192,1386 1218,1387"/>
                <TextEquiv>
                    <Unicode>rationis, quia est scia: &amp; nos non </Unicode>
                </TextEquiv>
            </TextLine>
            <TextLine id="r4l31" custom="readingOrder {index:27;}">
                <Coords points="715,1442 884,1441 912,1460 932,1442 974,1458 1044,1439 1110,1458 1126,1442 1207,1435 1207,1415 1127,1413 1111,1397 1074,1397 1053,1416 992,1396 950,1414 898,1397 860,1415 808,1414 791,1397 715,1413"/>
                <Baseline points="720,1434 745,1435 770,1435 796,1435 821,1435 846,1435 872,1435 897,1435 922,1435 948,1435 973,1435 999,1434 1024,1434 1049,1434 1075,1434 1100,1434 1125,1434 1151,1434 1176,1434 1202,1434"/>
                <TextEquiv>
                    <Unicode>credimus aliquid scire absque eo</Unicode>
                </TextEquiv>
            </TextLine>
            <TextLine id="r4l32" custom="readingOrder {index:28;}">
                <Coords points="714,1506 751,1490 796,1506 831,1489 1167,1497 1220,1490 1220,1453 1160,1468 1131,1445 1101,1464 912,1460 892,1445 832,1462 754,1444 714,1462"/>
                <Baseline points="719,1483 745,1483 771,1483 797,1483 823,1483 849,1483 875,1483 901,1483 927,1483 953,1482 980,1482 1006,1482 1032,1482 1058,1481 1084,1481 1110,1481 1136,1481 1162,1481 1188,1482 1215,1482"/>
                <TextEquiv>
                    <Unicode>quod prius det erminemus illa, ex</Unicode>
                </TextEquiv>
            </TextLine>
            <TextLine id="r4l33" custom="readingOrder {index:29;}">
                <Coords points="712,1555 744,1538 855,1546 887,1531 970,1546 1150,1538 1168,1554 1218,1538 1218,1509 1093,1509 1077,1493 1028,1508 961,1492 943,1509 904,1493 879,1510 839,1493 794,1509 768,1492 712,1509"/>
                <Baseline points="717,1530 743,1531 769,1531 795,1531 821,1531 847,1531 873,1531 899,1531 925,1530 951,1530 978,1530 1004,1530 1030,1530 1056,1530 1082,1529 1108,1529 1134,1529 1160,1529 1186,1529 1213,1530"/>
                <TextEquiv>
                    <Unicode>quibus est, &amp; hoc est scire suas cas pri</Unicode>
                </TextEquiv>
            </TextLine>
            <TextLine id="r4l34" custom="readingOrder {index:30;}">
                <Coords points="719,1586 950,1584 969,1603 1006,1587 1063,1602 1093,1588 1213,1587 1213,1557 1023,1541 976,1561 941,1541 719,1558"/>
                <Baseline points="724,1579 749,1579 774,1579 800,1578 825,1578 851,1578 876,1578 902,1578 927,1578 953,1578 978,1577 1004,1577 1029,1577 1055,1577 1080,1577 1106,1577 1131,1577 1157,1577 1182,1577 1208,1577"/>
                <TextEquiv>
                    <Unicode>mas: manifestum e quod oportet nos</Unicode>
                </TextEquiv>
            </TextLine>
            <TextLine id="r4l35" custom="readingOrder {index:31;}">
                <Coords points="711,1634 1184,1642 1221,1634 1221,1596 960,1606 919,1589 898,1604 817,1589 802,1604 711,1604"/>
                <Baseline points="716,1625 741,1625 766,1625 791,1625 816,1625 841,1625 866,1625 891,1625 916,1625 941,1625 966,1625 991,1625 1016,1625 1041,1625 1066,1625 1091,1625 1116,1625 1141,1625 1166,1625 1191,1625 1216,1625"/>
                <TextEquiv>
                    <Unicode>etiam facere hoc in generatione, et</Unicode>
                </TextEquiv>
            </TextLine>
            <TextLine id="r4l36" custom="readingOrder {index:32;}">
                <Coords points="714,1682 773,1679 795,1699 813,1682 1139,1691 1216,1675 1216,1652 1162,1637 1123,1654 714,1652"/>
                <Baseline points="719,1673 744,1673 770,1673 796,1673 822,1673 848,1673 874,1674 900,1674 926,1674 952,1674 977,1674 1003,1674 1029,1674 1055,1674 1081,1674 1107,1674 1133,1673 1159,1673 1185,1673 1211,1673"/>
                <TextEquiv>
                    <Unicode>corruptione, &amp; in omni transmu¬</Unicode>
                </TextEquiv>
            </TextLine>
            <TextLine id="r4l37" custom="readingOrder {index:33;}">
                <Coords points="711,1730 988,1729 1031,1746 1045,1732 1219,1729 1219,1700 1195,1685 1169,1700 1081,1685 1056,1703 958,1685 914,1700 711,1695"/>
                <Baseline points="716,1722 742,1722 768,1722 794,1722 820,1722 847,1722 873,1722 899,1722 925,1722 951,1722 978,1722 1004,1722 1030,1722 1056,1722 1082,1722 1109,1722 1135,1722 1161,1722 1187,1722 1214,1722"/>
                <TextEquiv>
                    <Unicode>tatione naturali: ita quod, cum sci¬</Unicode>
                </TextEquiv>
            </TextLine>
            <TextLine id="r4l38" custom="readingOrder {index:34;}">
                <Coords points="717,1778 835,1778 849,1790 913,1779 935,1794 951,1778 1040,1777 1119,1794 1136,1778 1219,1769 1199,1749 717,1750"/>
                <Baseline points="722,1770 747,1770 773,1769 799,1769 825,1769 851,1769 877,1769 903,1770 929,1770 955,1770 980,1770 1006,1770 1032,1770 1058,1770 1084,1770 1110,1770 1136,1770 1162,1770 1188,1769 1214,1769"/>
                <TextEquiv>
                    <Unicode>uerimus principia eorum, quaere¬</Unicode>
                </TextEquiv>
            </TextLine>
            <TextLine id="r4l39" custom="readingOrder {index:35;}">
                <Coords points="711,1826 1032,1818 1127,1842 1151,1826 1220,1842 1221,1797 1198,1780 1169,1797 1017,1797 1001,1781 922,1803 870,1781 825,1798 712,1797"/>
                <Baseline points="716,1818 742,1817 768,1817 794,1817 821,1817 847,1818 873,1818 899,1818 926,1818 952,1819 978,1819 1004,1819 1031,1819 1057,1819 1083,1820 1109,1820 1136,1820 1162,1820 1188,1820 1215,1819"/>
                <TextEquiv>
                    <Unicode>mus reddere ad illa vnumquodque,</Unicode>
                </TextEquiv>
            </TextLine>
            <TextLine id="r4l40" custom="readingOrder {index:36;}">
                <Coords points="719,1874 818,1876 832,1890 914,1872 1027,1875 1043,1890 1064,1874 1219,1874 1218,1853 1189,1837 1126,1845 1098,1828 1071,1846 916,1846 899,1829 864,1845 822,1829 718,1845"/>
                <Baseline points="724,1867 749,1868 775,1868 801,1868 827,1868 852,1868 878,1868 904,1868 930,1867 956,1867 981,1867 1007,1867 1033,1866 1059,1866 1085,1866 1110,1866 1136,1867 1162,1867 1188,1868 1214,1869"/>
                <TextEquiv>
                    <Unicode>eorum, de quib. erimus perscrutati.</Unicode>
                </TextEquiv>
            </TextLine>
            <TextEquiv>
                <Unicode>mam abstractarum, aut ad formas for¬
inarum, quae sunt mediae in esse inter il¬
las: sicut existimatur de forma ho¬
minis vltima.
SVMMA TERTIA.
De Causis, &amp; earum in plura membra
diuisione.
Quot, quae ue sint causae. Cap. 1.
Eterminatis autem his
consyderandum est de
uer causis, &amp; quae, &amp; quo
aesl numero sunt. Cum enim
sciendi gratia hoc negocium sit,
scire autem non prius opinamus
vnumquodque, quaem vtique coeperi¬
mus perper quid circa vnumquodque,
hoc autem est accipere primam cau
sam: manifestum quod &amp; nobis hoc
faciendum est &amp; de generatione,
&amp; corruptione, &amp; de omni phy
sica mutatione: vt scientes ipso¬
rum principia, reducere ad ipsa
tentemus quaesitorum vnumquodque.
His igitur determinatis conso
derandum est de causis, quae &amp; 
quot sunt. Intentio enim istius cosyde¬
rationis, quia est scia: &amp; nos non 
credimus aliquid scire absque eo
quod prius det erminemus illa, ex
quibus est, &amp; hoc est scire suas cas pri
mas: manifestum e quod oportet nos
etiam facere hoc in generatione, et
corruptione, &amp; in omni transmu¬
tatione naturali: ita quod, cum sci¬
uerimus principia eorum, quaere¬
mus reddere ad illa vnumquodque,
eorum, de quib. erimus perscrutati.</Unicode>
            </TextEquiv>
        </TextRegion>
    </Page>
</PcGts>
