1416 2066
176 174 681 219 Themistius & Com. per bonum diuinum,
178 218 673 249 & appetibile exponunt primam formam,
174 247 671 292 & primam causam. Sed tunc est contradictio,
173 279 675 314 quia sequitur quod priuatio sit contraria primae
174 312 680 346 formae. sed hoc est inconueniens, quia ex¬
171 344 671 388 fine duodecimi primae philosophiae. Pri¬
173 377 675 411 mo nihil est contrarium. & ratio est, vt ibi
169 408 679 440 dicitur, nam omnia contraria materiam ha¬
172 441 681 475 bent. est enim eadem materia contrariorum. pri
175 472 671 505 ma causa autem seu prima forma est abstra¬
172 507 673 536 cta a materia. Themistius dicit, hinc igitur,
175 536 677 570 formae primae, quae ab omni abiuncta est
170 565 677 602 materia, quae libera vndique & impromiscua
171 599 675 634 in totumque abstracta & separata, atque his,
164 630 666 672 praeterea formis, quae profectae sunt ab illa
170 659 669 698 & in materia constitutae, contraria est & ad
170 697 669 735 uersa priuatio. Et ista sententia Themistil
175 726 677 762 est valde difficilis, & forte falsa. quia licet
170 759 674 791 formis in materia constitutis, quae sunt par¬
167 791 668 831 ticipationes quaedam primae formae, & pri¬
168 825 672 858 mae perfectionis, sit contraria priuatio, tamen
167 852 669 890 quomodo priuatio sit contraria primae formae dif¬
166 887 669 923 ficile, immo impossibile est saluare. non enim
172 915 680 955 omni bono maium, aut priuatio dicitur es
165 947 675 981 se contraria, sed bono existenti in materia.
169 981 675 1014 & in gneratione, quod est bonum secundum parti¬
170 1010 679 1045 cipationem dictum. malum dicitur esse con¬
167 1049 674 1083 trarium. similiter non omni cognitioni igno
162 1074 676 1107 rantia dicitur esse contraria: vt testatur Philoso¬
173 1106 673 1144 phus in fine duodecimi primae Philosophia
168 1146 674 1180 contra Antiquos. inquit enim & aliis ouidem
167 1170 676 1211 necesse est scientiae honoratissimae, & sapiem
167 1200 669 1234 tiae aliquid contrarium esse, nobis autem non
170 1237 676 1266 Et ideo dicendum puto, quod bene formis in
163 1268 675 1305 materia existentibus, quae sunt participatio
164 1300 673 1334 nes primae formae, & bonitatis, eius ratione,
165 1330 674 1362 cuius materia naturalitur formas tales desyde
162 1360 677 1394 rat, priuatio est contrarium. sic enim consequi¬
167 1396 671 1426 tur, vt participet perfectionem primae for¬
169 1422 675 1464 mae, inquantum recipit formas, quae sunt par¬
171 1455 675 1499 ticipationes quaedam diuinae bonitatis, &
171 1488 680 1522 diuini esse. Si quis tamen ob Themistil authori
166 1517 675 1554 tatem vellet dicere priuationem esse con¬
166 1556 677 1591 trariam primae formae, dicat quod per contra¬
167 1583 669 1618 rium intellexit diuersum. nam cum prima
167 1614 679 1650 forma sit omnis forma in virtute & eminenter,
166 1653 670 1683 12. primae philosophiae commen. 16. omnes formae
166 1677 671 1715 sunt in potentia in prima materia, & sunt
163 1710 670 1746 in actu in primo motore, priuatio autem,
164 1748 673 1778 cum inquantum prinatio, sit absentia for¬
158 1774 672 1805 mae, inquantum forma, sic intellectus priua
163 1806 679 1842 tionis est primo diuersus ab intellectu pri¬
167 1836 679 1874 mae formae. formis igitur in materia existentibus
163 1870 672 1908 priuatio contrariatur, sicut priuatiohabitui. pri
166 1906 669 1938 mae formae autem priuatio aduersatur modo praedi¬
162 1932 672 1978 cto, quia sunt isti conceptustalium primo diuersi¬
741 181 1221 217 Trigesimasexta contradi. est in tex. S2.
710 213 1213 250 Arist. & Com. asserunt priuationem in ma
710 247 1213 282 teria existentem corrumpi per se, non autem
702 280 1218 319 potentiam. Sed obuiabam per authoritatem
702 316 1210 351 Com. in. 4. phy. com. 120. vbi dicit quod potentiae,
704 344 1214 383 quae sunt in materia, corrumpuntur. &. 12.
702 375 1212 410 meta. com. II. dicit quod multiplicantur ad multi¬
711 407 1207 450 plicationem formarum. Amplius non vale¬
709 437 1216 474 ret ratio eius in. I. phy. com. 70. ad probandum
703 473 1204 510 quod potentia non est de substantia materiae.
709 508 1218 542 quia tunc accideret materiam corrumpi in
703 540 1209 570 aduentu formae, si talis potentia, quae est in
698 573 1210 606 materia, esset incorruptibilis. Amplius, quomodo
702 599 1212 635 priuatio per se corruptibilis esse pot, cum non
703 627 1213 666 sit neque substantia, neque accidens. I. phy. com.
702 657 1204 699 7St Soluitur. in materia duplex est poten
702 690 1213 730 tia. Remota, per quam videlicet materia est
700 724 1219 757 in potentia ad formam communem. v. g. specificam,
702 756 1212 789 & per istam per accidens respicit materia
698 786 1212 818 formas indiuiduales. & ista potentia est si¬
698 818 1220 853 cut quaedam materiae proprietas, & est eadem
702 853 1208 892 realiter cum materia. & de ista intelligitur,
698 885 1211 922 quod sit in corruptibilis per se, sicut & mate¬
703 918 1207 954 ria. Sunt iterum quaedam potentiae propin¬
703 946 1211 986 quae respectiue, quae multiplicantur ad multi
709 979 1213 1018 plicationem formarum. & istae praecipue indi
701 1012 1217 1049 uiduales sunt generabiles & corruptibiles:
699 1039 1210 1075 & postquam sunt corruptae amplius redire
704 1071 1213 1107 non possunt. quia tunc corruptum posset
700 1102 1207 1141 idem numero redire. quia quando materia fuae¬
708 1139 1213 1170 cit eadem, & agens fuerit idem, & potentia
711 1166 1213 1202 cadem, tunc quod fit est idem, vt dicit Com. 12.
710 1201 1211 1240 meta. com. 1i. potentia igitur remota materiae
711 1230 1213 1273 non est corruptibilis per se, sed per accidens,
700 1262 1207 1297 sicut materia. Ad illud autem, quod querebatur
704 1293 1213 1335 quomodo materia dicitur corruptibilis per accidens
701 1325 1213 1364 ratione priuationis, quae per se corrumpitur,
701 1355 1208 1396 cum priuatio sit formalitur non ens, dico quod
703 1389 1212 1426 hoc intelligitur quantum ad denominatio
702 1421 1214 1458 nem: quia in aduentu formae non amplius
702 1451 1215 1490 materia denominatur priuata illa forma.
704 1491 1214 1518 vnde etiam de non entibus possunt suo mo
699 1517 1215 1554 do propositiones verae formari, vt quod chime
733 1549 1185 1586 ra est non ens, & quod hircoceruus est
762 1580 1148 1618 figmentunr. Materia igitur dici¬
795 1611 1119 1653 tur corrumpi per accidens
827 1644 1095 1684 ratione alterius, scili¬
857 1676 1058 1717 cet priuationis,
889 1707 1033 1754 quae dicitur,
919 1740 992 1780 per se
823 1772 1085 1813 corrumpi, quantum
871 1804 1050 1843 ad denomina¬
907 1836 1007 1886 tionem.
