1416 2066
203 187 700 226 bent quiescere, & quod, si hoc non esset
231 217 702 265 pporteret vt eadem res moueretur duo¬
226 258 709 298 bus motibus contrarijs insimul, & con
220 294 709 343 tradixit etiam ei tertia contradictione: quoniam
203 333 702 382 iplures qualitates tramsmutabiles vi¬
218 380 710 411 dentur non recipere magis, & mius:
223 399 716 456 vnde necesse est quod illdm quiescat, quando
222 444 709 496 peruenerit ad eas: incoepit notifica¬
218 484 704 531 re impossibilitatem, & improbabili
220 519 706 562 tatem, & dixit: Et mirum est, &c. i. &
224 559 707 608 qui dicit quod quiescens existimatur mo
220 597 706 647 ueri, & motum existimatur quiesce
219 637 703 685 re, contingit ei vt nullam certitudi¬
214 669 707 721 nem habeamus in motu eius, quod
218 711 709 759 mouetur, aut in quiete eius, quod quie¬
217 749 709 787 scit. sed omne, quod sentimus moueri,
218 788 705 834 pot esse eorum, quae quiescunt, & omne, quod
214 824 705 874 sentimus quiescere, pont esse eorum, quae
215 860 709 913 mouentur: & sic, quando sentimus lapidem
217 899 700 946 moueri de superiori ad inferius, non
214 936 701 978 hemus certitudinem in hoc, quod mouetur
217 974 710 1025 sed forte non percipimus quietem illius:
216 1012 703 1058 & etiam, quando senserimus ipm quiescere
213 1053 711 1091 inferius, non hbemus certitudinem in
216 1087 709 1142 hoc, quod quiescit, quoniam forte mouetur.
221 1126 713 1178 D. induxit quinta rationem, & dixit: Et
219 1164 707 1210 etam terra, &c. i. & etiam manifestum
214 1201 704 1257 est per se quod nos videmus terram, &
216 1238 700 1282 alia elemeta scilicet aquam, & aerem mo
214 1281 705 1322 ueri ad sua loca propria, & moueri,
203 1316 708 1354 & quiescere in eis naturalcitur. &, si mo
219 1357 711 1395 uentur ab eis, non mouentur nisi violen
219 1390 709 1442 te, non naturalter. Et, cum notum sit quod
218 1434 715 1475 quaedam rerum quiescunt uaturali¬
214 1476 707 1514 ter in suis locis propriis, & quod mouen
220 1504 704 1546 tur ab eis violente, & quod iste motus est
216 1548 702 1586 contrarius quieti, necesse est vt nont
216 1581 705 1626 omnia moueantur. D.d. Ex istis igitur
218 1620 706 1667 & aliis similibus, &c. &, quia ista, per
216 1659 710 1701 quae contradicit sermoni dicenti, om
218 1693 704 1738 nia moueri, & sermoni dicenti, om¬
221 1739 708 1778 nia quiescere, sunt eadem cum eis,
216 1772 704 1816 per quae contradicitur sermoni dicen
217 1805 710 1859 ti, omnia diuidi in duas partes, qua¬
737 181 1224 218 rum altera semper quiescit, & reliqua
732 221 1235 271 semper mouetur, dicit: ex istis igitur, &
734 255 1238 298 aliis similibus, &c. apparet enim hic
744 301 1242 346 esse plura, quae mouentur quandoque, & quie
740 333 1241 382 scunt quandoque. & iste sermo potest
745 369 1233 421 ei contradici etiam per illas contradi¬
741 409 1239 452 ctiones praedictas scilicet sermo dicentis, quod
746 453 1241 493 quaedam pars entium semper moue
735 485 1233 522 tur, & reliqua pars semper quiescit.
739 520 1239 570 quia dicens hoc negat quietem, quae
736 556 1237 608 apparet in quibusdam entibus quan
739 596 1229 637 doque, & motum quandoque. ista enim, quae
739 637 1239 682 nos sentimus moueri quandoque, & quie¬
736 670 1237 722 scere quandoque, necesse est. vt ponat
739 708 1237 754 dicens hunc sermonem. alteram dua¬
741 750 1237 798 rum partium, in quas diuidit omnia
738 783 1241 836 entia scilicet quod necesse est ei opinari ipsa
738 829 1233 874 esse in eis, quae quiescunt semper, aut
737 860 1229 914 in eis, quae mouentur semper, aut quae
734 900 1242 938 dam in istis, & quaedam in illis. &
734 935 1225 984 quocumque modo sit, ponit hic esse res,
736 974 1228 1020 quae videntur moueri, & in rei verita
738 1013 1234 1058 te quiescunt: & videntur quiescere, &
732 1050 1229 1090 in rei veritate mouentur, quoniam, si istam
742 1089 1239 1138 partem entium, quae mouentur quan
735 1133 1231 1177 doque, & quiescunt quandoque, nume
732 1173 1228 1210 rauit in eis, quae mouentur semper, po
736 1199 1228 1255 nit quod quiescentium sunt quaedam, quae
734 1238 1235 1288 apparet quiescere, & mouentur in tpre
743 1277 1233 1328 quietis apparentis. &, si positum fue¬
735 1316 1224 1364 rit ipsum esse ex quiescentibus, tunc po
735 1353 1229 1397 nitur quod quiescentium sunt quaedam, quae
739 1397 1239 1444 apparet moueri, tamen quiescunt: &
731 1428 1231 1466 similiter si fuerit positum, quod quaedam sunt
735 1469 1239 1515 in quiescentibus, & quaedam in mo¬
740 1502 1230 1546 bilibus, tunc ponitur vtrunque. Et om
736 1541 1234 1590 nia ista vniuersaliter sunt positiones
738 1581 1229 1619 sophisticae. Nullam enim rationem
747 1617 1233 1661 potest dicere, dicens hunc sermo¬
738 1655 1232 1698 nem, nisi assimilauerit seasibilia ve
741 1699 1230 1743 ra sensibilibus falsis. & est primum
738 1740 1236 1779 principiorum Sophistarum, qui ne
740 1770 1232 1821 gant scientiam, & quod nullum verum
740 1805 1237 1858 comprehenditur, sicut dixit Epicu¬
