<?xml version="1.0" encoding="UTF-8" standalone="yes"?>
<PcGts xmlns="http://schema.primaresearch.org/PAGE/gts/pagecontent/2013-07-15" xmlns:xsi="http://www.w3.org/2001/XMLSchema-instance" xsi:schemaLocation="http://schema.primaresearch.org/PAGE/gts/pagecontent/2013-07-15 http://schema.primaresearch.org/PAGE/gts/pagecontent/2013-07-15/pagecontent.xsd">
    <Metadata>
        <Creator>prov=University of Rostock/Institute of Mathematics/CITlab|PLANET AI GmbH/Gundram Leifert/gundram.leifert@planet-ai.de:name=cod-dsKs3a-m1(htr_id=29297)::::v=2.6.7
prov=University of Rostock/Institute of Mathematics/CITlab|PLANET AI GmbH/Tobias Gruening/tobias.gruening@planet-ai.de:name=de.uros.citlab.module.baseline2polygon.B2PSeamMultiOriented:v=2.6.7
prov=University of Rostock/Institute of Mathematics/CITlab|PLANET AI GmbH/Tobias Gruening/tobias.gruening@planet-ai.de:name=/net_tf/LA73_249_0mod360.pb:de.uros.citlab.segmentation.CITlab_LA_ML:v=2.6.6
Transkribus</Creator>
        <Created>2021-01-11T16:37:32.537-05:00</Created>
        <LastChange>2021-02-13T07:16:45.712+01:00</LastChange>
        <TranskribusMetadata docId="570401" pageId="23568394" pageNr="522" tsid="52611073" status="IN_PROGRESS" userId="25065" imgUrl="https://files.transkribus.eu/Get?id=IPHPQZLVIFCQGORETLNTJAHN&amp;fileType=view" xmlUrl="https://files.transkribus.eu/Get?id=KMQRVUIHFTKEKEDUBZWXNLBW" imageId="18093281"/>
    </Metadata>
    <Page imageFilename="Averroes_Physica_JuntSecunda_04-0522.jpg" imageWidth="1416" imageHeight="2066">
        <ReadingOrder>
            <OrderedGroup id="ro_1613222839546" caption="Regions reading order">
                <RegionRefIndexed index="0" regionRef="TextRegion_1612278935447_2084"/>
                <RegionRefIndexed index="1" regionRef="TextRegion_1612278932621_2080"/>
            </OrderedGroup>
        </ReadingOrder>
        <TextRegion orientation="0.0" id="TextRegion_1612278935447_2084" custom="readingOrder {index:0;}">
            <Coords points="222,140 740,140 740,1883 222,1883"/>
            <TextLine id="line_1612278935533_2087" custom="readingOrder {index:0;}">
                <Coords points="217,216 711,218 723,178 643,190 597,173 575,190 542,172 472,173 453,190 432,173 367,189 310,173 217,181"/>
                <Baseline points="222,206 239,206 265,206 292,207 319,207 345,207 372,207 398,207 425,207 452,207 478,208 505,208 531,208 558,208 585,208 611,208 638,209 664,209 691,209 718,209"/>
                <TextEquiv>
                    <Unicode>aut altero, &amp; secundum diuisionem, tunc lo¬</Unicode>
                </TextEquiv>
            </TextLine>
            <TextLine id="r2l4" custom="readingOrder {index:1;}">
                <Coords points="226,266 727,258 727,237 686,216 584,230 443,215 226,221"/>
                <Baseline points="231,245 256,246 282,246 308,246 334,246 360,246 386,246 411,245 437,245 463,245 489,245 515,245 541,245 566,245 592,245 618,246 644,246 670,247 696,249 722,250"/>
                <TextEquiv>
                    <Unicode>gitudo etiam erit ifinita vtroque modo. </Unicode>
                </TextEquiv>
            </TextLine>
            <TextLine id="r2l6" custom="readingOrder {index:2;}">
                <Coords points="274,306 321,322 389,305 713,310 720,269 497,269 486,280 275,269"/>
                <Baseline points="279,301 304,300 330,299 355,299 381,299 406,298 432,298 458,298 483,299 509,299 534,299 560,300 586,300 611,301 637,301 662,301 688,301 714,301"/>
                <TextEquiv>
                    <Unicode>Quapropter &amp; Aenonis ratio</Unicode>
                </TextEquiv>
            </TextLine>
            <TextLine id="r2l8" custom="readingOrder {index:3;}">
                <Coords points="224,363 278,346 721,353 711,308 321,321 224,302"/>
                <Baseline points="229,342 254,342 280,342 305,341 331,341 357,341 382,341 408,341 434,341 459,341 485,341 510,341 536,341 562,341 587,341 613,341 639,342 664,342 690,342 716,342"/>
                <TextEquiv>
                    <Unicode>falsum accipit, non esse possibile</Unicode>
                </TextEquiv>
            </TextLine>
            <TextLine id="r2l10" custom="readingOrder {index:4;}">
                <Coords points="231,393 726,394 726,357 231,353"/>
                <Baseline points="236,383 261,382 287,382 312,381 338,381 363,381 389,381 414,381 440,381 465,382 491,382 516,382 542,382 567,382 593,382 618,382 644,382 669,382 695,381 721,381"/>
                <TextEquiv>
                    <Unicode>infinita pertransire, aut tangere</Unicode>
                </TextEquiv>
            </TextLine>
            <TextLine id="r2l12" custom="readingOrder {index:5;}">
                <Coords points="229,434 719,432 719,394 702,388 648,405 606,389 229,393"/>
                <Baseline points="234,423 259,422 284,422 309,421 335,421 360,421 385,421 410,421 436,421 461,421 486,421 511,421 537,422 562,422 587,422 612,422 638,423 663,423 688,423 714,423"/>
                <TextEquiv>
                    <Unicode>infinita secundum vnumquodque, fini¬</Unicode>
                </TextEquiv>
            </TextLine>
            <TextLine id="r2l14" custom="readingOrder {index:6;}">
                <Coords points="228,472 726,468 726,437 672,428 640,447 509,427 228,437"/>
                <Baseline points="233,463 258,463 284,462 310,462 335,462 361,462 387,462 412,462 438,462 464,462 489,462 515,462 541,462 566,463 592,463 618,463 643,463 669,463 695,462 721,462"/>
                <TextEquiv>
                    <Unicode>to in tempore. Dupliciter enim dicitur et</Unicode>
                </TextEquiv>
            </TextLine>
            <TextLine id="r2l16" custom="readingOrder {index:7;}">
                <Coords points="223,514 726,508 713,469 676,485 660,469 484,481 421,468 399,482 223,471"/>
                <Baseline points="228,503 253,502 279,502 305,501 331,501 357,501 383,502 409,502 435,502 461,502 487,502 513,502 539,503 565,503 591,503 617,503 643,503 669,502 695,502 721,501"/>
                <TextEquiv>
                    <Unicode>longitudo, &amp; tempus infinitum, &amp; </Unicode>
                </TextEquiv>
            </TextLine>
            <TextLine id="r2l17" custom="readingOrder {index:8;}">
                <Coords points="225,554 683,552 719,547 719,511 225,517"/>
                <Baseline points="230,543 255,543 280,543 306,542 331,542 357,542 382,542 408,542 433,542 459,542 484,542 510,542 535,543 561,543 586,543 612,542 637,542 663,542 688,542 714,542"/>
                <TextEquiv>
                    <Unicode>omnino omne continuum, aut secundum di</Unicode>
                </TextEquiv>
            </TextLine>
            <TextLine id="r2l19" custom="readingOrder {index:9;}">
                <Coords points="229,594 712,595 722,556 229,557"/>
                <Baseline points="234,584 259,584 284,583 310,583 335,583 361,583 386,583 411,583 437,583 462,583 488,583 513,583 539,583 564,583 589,583 615,584 640,584 666,584 691,584 717,583"/>
                <TextEquiv>
                    <Unicode>uisionem, aut extremis. Infinita</Unicode>
                </TextEquiv>
            </TextLine>
            <TextLine id="r2l21" custom="readingOrder {index:10;}">
                <Coords points="224,634 727,634 727,599 696,590 493,605 224,595"/>
                <Baseline points="229,623 254,623 280,623 306,623 332,623 358,623 384,623 410,623 436,623 462,623 488,623 514,623 540,623 566,623 592,623 618,623 644,623 670,623 696,624 722,624"/>
                <TextEquiv>
                    <Unicode>ligitur secundum quantitatem non contin</Unicode>
                </TextEquiv>
            </TextLine>
            <TextLine id="r2l23" custom="readingOrder {index:11;}">
                <Coords points="222,682 576,667 625,685 721,671 721,642 523,641 499,628 465,644 392,631 222,645"/>
                <Baseline points="227,667 252,666 278,665 304,665 329,665 355,664 381,664 407,664 432,664 458,664 484,664 510,664 535,664 561,664 587,664 613,664 638,664 664,663 690,663 716,663"/>
                <TextEquiv>
                    <Unicode>git tangere in tpere finito: quae ve¬</Unicode>
                </TextEquiv>
            </TextLine>
            <TextLine id="r2l25" custom="readingOrder {index:12;}">
                <Coords points="231,711 723,714 723,678 632,686 601,672 583,685 555,672 530,688 492,670 421,684 393,668 376,684 231,685"/>
                <Baseline points="236,705 261,705 286,705 312,704 337,704 362,704 388,704 413,704 438,704 464,704 489,704 515,704 540,704 565,704 591,704 616,704 641,704 667,704 692,704 718,704"/>
                <TextEquiv>
                    <Unicode>ro sunt infinita secundum diuisionem</Unicode>
                </TextEquiv>
            </TextLine>
            <TextLine id="r2l27" custom="readingOrder {index:13;}">
                <Coords points="230,754 342,769 396,749 534,762 600,749 640,767 720,753 720,715 230,725"/>
                <Baseline points="235,746 260,746 285,746 310,746 336,745 361,745 386,745 411,745 437,745 462,745 487,745 512,745 538,745 563,745 588,745 613,745 639,745 664,745 689,746 715,746"/>
                <TextEquiv>
                    <Unicode>contingit. etenim ipsum tperns sic</Unicode>
                </TextEquiv>
            </TextLine>
            <TextLine id="r2l29" custom="readingOrder {index:14;}">
                <Coords points="229,794 725,794 716,757 685,769 603,752 508,765 229,757"/>
                <Baseline points="234,786 259,786 285,786 310,786 336,786 361,786 387,786 413,786 438,786 464,786 489,786 515,786 540,786 566,786 592,786 617,786 643,786 668,786 694,786 720,786"/>
                <TextEquiv>
                    <Unicode>infinitum est, quare in infinito, et</Unicode>
                </TextEquiv>
            </TextLine>
            <TextLine id="line_1612278935535_2089" custom="readingOrder {index:15;}">
                <Coords points="217,832 723,834 723,798 628,806 601,790 521,805 486,790 394,808 319,793 217,809"/>
                <Baseline points="222,828 240,828 266,827 293,827 319,827 346,826 372,826 399,826 425,826 452,826 479,826 505,826 532,826 558,826 585,826 611,826 638,826 664,826 691,826 718,825"/>
                <TextEquiv>
                    <Unicode>non finito accidit transire infi¬</Unicode>
                </TextEquiv>
            </TextLine>
            <TextLine id="r2l33" custom="readingOrder {index:16;}">
                <Coords points="222,876 725,874 725,845 704,836 674,848 633,833 588,852 511,831 481,845 222,845"/>
                <Baseline points="227,869 252,868 278,868 304,868 330,867 356,867 382,867 408,867 434,867 460,867 486,867 512,867 538,867 564,868 590,868 616,868 642,868 668,868 694,868 720,867"/>
                <TextEquiv>
                    <Unicode>nitum, &amp; tangere infinita. infinitis</Unicode>
                </TextEquiv>
            </TextLine>
            <TextLine id="line_1613182949219_6585" custom="readingOrder {index:17;}">
                <Coords points="225,915 684,922 719,913 719,878 225,884"/>
                <Baseline points="230,909 256,909 282,909 308,909 334,908 361,908 387,908 413,908 439,907 466,907 492,907 518,906 544,906 571,907 597,907 623,908 649,908 676,909 692,908 714,909"/>
                <TextEquiv>
                    <Unicode>non finitis. Neque ergo infinitum ptest</Unicode>
                </TextEquiv>
            </TextLine>
            <TextLine id="r2l38" custom="readingOrder {index:18;}">
                <Coords points="229,958 721,954 712,917 229,918"/>
                <Baseline points="234,950 259,949 284,949 310,949 335,949 360,949 386,949 411,949 436,949 462,949 487,949 513,949 538,949 563,949 589,949 614,949 639,949 665,949 690,949 716,949"/>
                <TextEquiv>
                    <Unicode>in tempore finito transire, neque in i¬</Unicode>
                </TextEquiv>
            </TextLine>
            <TextLine id="r2l40" custom="readingOrder {index:19;}">
                <Coords points="229,1002 718,996 717,956 513,955 492,969 441,956 426,971 411,957 228,960"/>
                <Baseline points="234,991 259,991 284,991 309,991 334,991 360,991 385,991 410,991 435,991 460,991 486,991 511,991 536,991 561,991 586,991 612,990 637,990 662,990 687,990 713,989"/>
                <TextEquiv>
                    <Unicode>finito finitum. sed, si tempus quidem</Unicode>
                </TextEquiv>
            </TextLine>
            <TextLine id="r2l42" custom="readingOrder {index:20;}">
                <Coords points="223,1044 656,1042 716,1035 716,999 223,1004"/>
                <Baseline points="228,1034 253,1033 278,1032 304,1032 329,1031 355,1031 380,1031 405,1030 431,1030 456,1030 482,1031 507,1031 533,1031 558,1031 583,1031 609,1031 634,1031 660,1031 685,1031 711,1031"/>
                <TextEquiv>
                    <Unicode>infinitum sit, et magnitudo erit</Unicode>
                </TextEquiv>
            </TextLine>
            <TextLine id="r2l44" custom="readingOrder {index:21;}">
                <Coords points="228,1090 411,1079 669,1091 719,1081 719,1046 428,1050 399,1036 369,1052 339,1040 228,1048"/>
                <Baseline points="233,1074 258,1074 283,1074 308,1074 334,1073 359,1073 384,1073 410,1073 435,1073 460,1073 486,1072 511,1072 536,1072 562,1072 587,1072 612,1072 638,1072 663,1073 688,1073 714,1073"/>
                <TextEquiv>
                    <Unicode>infinita: et si magnitudo, et tpoeos.</Unicode>
                </TextEquiv>
            </TextLine>
            <TextLine id="r2l47" custom="readingOrder {index:22;}">
                <Coords points="275,1132 598,1129 616,1146 642,1134 659,1146 678,1129 721,1125 721,1107 691,1090 644,1084 587,1105 504,1093 487,1108 440,1102 422,1085 383,1101 358,1085 275,1100"/>
                <Baseline points="280,1124 305,1123 331,1122 356,1122 382,1122 408,1122 433,1123 459,1123 485,1123 510,1124 536,1124 562,1124 587,1124 613,1124 639,1124 664,1123 690,1121 716,1120"/>
                <TextEquiv>
                    <Unicode>Et ideo sermo genonis est ser¬</Unicode>
                </TextEquiv>
            </TextLine>
            <TextLine id="r2l49" custom="readingOrder {index:23;}">
                <Coords points="221,1178 312,1178 339,1194 358,1177 441,1190 636,1176 701,1194 723,1178 723,1133 664,1152 607,1150 590,1132 464,1150 221,1146"/>
                <Baseline points="226,1170 251,1170 277,1170 303,1170 329,1170 355,1170 381,1170 407,1170 433,1170 459,1171 484,1171 510,1171 536,1171 562,1171 588,1172 614,1172 640,1172 666,1171 692,1171 718,1171"/>
                <TextEquiv>
                    <Unicode>mo, in quo accipitur falsum: et est</Unicode>
                </TextEquiv>
            </TextLine>
            <TextLine id="r2l51" custom="readingOrder {index:24;}">
                <Coords points="226,1239 306,1222 361,1245 406,1226 720,1226 720,1196 646,1197 617,1181 588,1199 538,1180 486,1198 463,1181 323,1197 306,1180 226,1197"/>
                <Baseline points="231,1218 256,1217 281,1217 307,1217 332,1217 358,1217 383,1217 409,1217 434,1217 460,1218 485,1218 511,1218 536,1218 562,1219 587,1219 613,1219 638,1219 664,1219 689,1218 715,1218"/>
                <TextEquiv>
                    <Unicode>quod impossibile est vt infinitum</Unicode>
                </TextEquiv>
            </TextLine>
            <TextLine id="r2l54" custom="readingOrder {index:25;}">
                <Coords points="225,1286 299,1271 328,1283 510,1267 569,1283 718,1274 718,1237 464,1237 448,1253 350,1233 226,1241"/>
                <Baseline points="231,1264 256,1264 281,1264 307,1264 332,1264 357,1264 383,1264 408,1264 433,1264 459,1264 484,1264 510,1265 535,1265 560,1265 586,1265 611,1265 636,1265 662,1265 687,1265 713,1264"/>
                <TextEquiv>
                    <Unicode>pertranseatur, aut vt infinita con</Unicode>
                </TextEquiv>
            </TextLine>
            <TextLine id="r2l56" custom="readingOrder {index:26;}">
                <Coords points="230,1322 261,1335 287,1322 526,1314 721,1322 721,1284 652,1277 624,1293 593,1277 525,1298 473,1276 230,1284"/>
                <Baseline points="235,1310 260,1310 285,1310 310,1310 336,1311 361,1311 386,1311 412,1311 437,1311 462,1311 488,1312 513,1312 538,1312 564,1312 589,1312 614,1312 640,1312 665,1312 690,1312 716,1311"/>
                <TextEquiv>
                    <Unicode>tagantur secundum indiuidua in</Unicode>
                </TextEquiv>
            </TextLine>
            <TextLine id="r2l58" custom="readingOrder {index:27;}">
                <Coords points="224,1365 365,1378 380,1363 464,1363 512,1382 560,1362 727,1366 727,1335 638,1325 224,1335"/>
                <Baseline points="229,1358 254,1358 280,1357 306,1357 332,1357 358,1357 384,1357 410,1357 436,1357 462,1357 488,1358 514,1358 540,1358 566,1358 592,1358 618,1359 644,1359 670,1359 696,1359 722,1359"/>
                <TextEquiv>
                    <Unicode>tempore finito. Quoniam loncitu</Unicode>
                </TextEquiv>
            </TextLine>
            <TextLine id="line_1612278935536_2091" custom="readingOrder {index:28;}">
                <Coords points="217,1412 312,1418 328,1403 407,1426 516,1403 631,1426 650,1410 714,1413 714,1382 643,1370 583,1384 269,1386 239,1369 217,1386"/>
                <Baseline points="222,1405 237,1405 263,1404 289,1404 315,1404 342,1404 368,1404 394,1404 420,1404 446,1405 473,1405 499,1405 525,1405 551,1405 577,1406 604,1406 630,1406 656,1406 682,1406 709,1406"/>
                <TextEquiv>
                    <Unicode>do, &amp; tempus, &amp; vniuersaliter</Unicode>
                </TextEquiv>
            </TextLine>
            <TextLine id="r2l62" custom="readingOrder {index:29;}">
                <Coords points="231,1462 569,1463 591,1450 636,1474 655,1458 717,1461 717,1419 688,1435 649,1413 617,1432 536,1432 508,1412 480,1435 231,1429"/>
                <Baseline points="236,1454 261,1453 286,1453 311,1453 336,1453 361,1453 386,1453 411,1453 436,1453 461,1453 486,1453 511,1453 536,1453 561,1453 586,1453 611,1453 636,1453 661,1453 686,1454 712,1454"/>
                <TextEquiv>
                    <Unicode>omne continuum dicitur infinitu</Unicode>
                </TextEquiv>
            </TextLine>
            <TextLine id="r2l65" custom="readingOrder {index:30;}">
                <Coords points="227,1506 486,1517 721,1506 721,1484 662,1466 606,1477 589,1461 547,1478 504,1461 487,1478 432,1484 400,1461 380,1478 309,1477 293,1461 274,1475 255,1461 227,1470"/>
                <Baseline points="232,1499 257,1499 282,1499 308,1499 333,1499 359,1499 384,1499 410,1499 435,1499 461,1500 486,1500 512,1500 537,1500 563,1500 588,1500 614,1500 639,1500 665,1499 690,1499 716,1498"/>
                <TextEquiv>
                    <Unicode>duobus modis, aut secundum diui¬</Unicode>
                </TextEquiv>
            </TextLine>
            <TextLine id="r2l67" custom="readingOrder {index:31;}">
                <Coords points="226,1562 684,1554 684,1524 618,1527 593,1508 544,1526 511,1509 454,1525 434,1509 343,1533 269,1524 254,1509 226,1517"/>
                <Baseline points="231,1546 257,1546 283,1546 310,1546 336,1546 362,1546 389,1546 415,1546 441,1546 468,1546 494,1547 520,1547 547,1547 573,1547 599,1547 626,1547 652,1548 679,1548"/>
                <TextEquiv>
                    <Unicode>sionem, aut secundum vltima.</Unicode>
                </TextEquiv>
            </TextLine>
            <TextLine id="r2l69" custom="readingOrder {index:32;}">
                <Coords points="223,1610 385,1601 430,1617 447,1602 484,1614 592,1602 669,1618 713,1596 713,1557 680,1574 527,1573 509,1557 481,1573 448,1557 412,1576 326,1573 300,1556 281,1573 223,1571"/>
                <Baseline points="228,1593 253,1593 278,1593 303,1594 329,1594 354,1594 379,1594 404,1595 430,1595 455,1595 480,1595 505,1595 531,1595 556,1595 581,1595 606,1595 632,1594 657,1594 682,1593 708,1592"/>
                <TextEquiv>
                    <Unicode>Quod autem est infinitum, impos¬</Unicode>
                </TextEquiv>
            </TextLine>
            <TextLine id="r2l71" custom="readingOrder {index:33;}">
                <Coords points="229,1659 309,1649 327,1663 360,1642 453,1664 507,1646 686,1660 713,1646 713,1605 680,1621 229,1609"/>
                <Baseline points="234,1642 260,1642 286,1641 313,1641 339,1641 365,1641 392,1641 418,1641 444,1641 471,1641 497,1641 523,1641 550,1641 576,1641 602,1641 629,1641 655,1641 681,1641 708,1640"/>
                <TextEquiv>
                    <Unicode>sibile est vt tangat in tempore fi¬</Unicode>
                </TextEquiv>
            </TextLine>
            <TextLine id="line_1612278961739_2109" custom="readingOrder {index:34;}">
                <Coords points="223,1698 695,1706 713,1697 713,1652 678,1667 591,1652 543,1669 521,1652 473,1668 385,1653 313,1669 223,1661"/>
                <Baseline points="228,1688 254,1687 280,1687 307,1687 333,1687 359,1687 386,1687 412,1687 438,1688 465,1688 491,1688 517,1688 544,1688 570,1688 596,1688 623,1687 649,1687 676,1686 698,1685 708,1685"/>
                <TextEquiv>
                    <Unicode>nito: quod autem est infinitum se</Unicode>
                </TextEquiv>
            </TextLine>
            <TextLine id="line_1612278951434_2101" custom="readingOrder {index:35;}">
                <Coords points="222,1747 584,1754 673,1738 693,1755 720,1741 719,1700 681,1714 583,1701 530,1725 445,1701 221,1710"/>
                <Baseline points="227,1735 252,1735 277,1735 303,1734 328,1734 353,1734 379,1734 404,1733 429,1733 455,1733 480,1733 505,1733 531,1733 556,1733 581,1734 607,1734 632,1734 658,1735 685,1733 715,1733"/>
                <TextEquiv>
                    <Unicode>cundum diuisionem, possibile est</Unicode>
                </TextEquiv>
            </TextLine>
            <TextLine id="r2l80" custom="readingOrder {index:36;}">
                <Coords points="232,1795 715,1789 716,1744 653,1759 409,1757 393,1772 375,1757 233,1749"/>
                <Baseline points="237,1780 263,1780 289,1780 315,1780 342,1780 368,1780 394,1780 420,1781 447,1781 473,1781 499,1781 526,1781 552,1781 578,1781 604,1781 631,1781 657,1781 683,1781 710,1780"/>
                <TextEquiv>
                    <Unicode>vt tangat. quoniam tempus eodem</Unicode>
                </TextEquiv>
            </TextLine>
            <TextLine id="r2l82" custom="readingOrder {index:37;}">
                <Coords points="233,1835 365,1832 408,1850 536,1828 691,1850 723,1842 724,1789 655,1806 617,1805 595,1782 569,1806 540,1796 523,1809 436,1805 421,1789 394,1805 359,1789 315,1809 294,1789 233,1805"/>
                <Baseline points="238,1827 263,1827 288,1828 313,1828 339,1828 364,1828 389,1829 414,1829 440,1829 465,1829 490,1829 515,1829 541,1829 566,1829 591,1830 616,1830 642,1830 667,1830 692,1830 718,1831"/>
                <TextEquiv>
                    <Unicode>vnodo est infinitum. vnde necesse</Unicode>
                </TextEquiv>
            </TextLine>
            <TextEquiv>
                <Unicode>aut altero, &amp; secundum diuisionem, tunc lo¬
gitudo etiam erit ifinita vtroque modo. 
Quapropter &amp; Aenonis ratio
falsum accipit, non esse possibile
infinita pertransire, aut tangere
infinita secundum vnumquodque, fini¬
to in tempore. Dupliciter enim dicitur et
longitudo, &amp; tempus infinitum, &amp; 
omnino omne continuum, aut secundum di
uisionem, aut extremis. Infinita
ligitur secundum quantitatem non contin
git tangere in tpere finito: quae ve¬
ro sunt infinita secundum diuisionem
contingit. etenim ipsum tperns sic
infinitum est, quare in infinito, et
non finito accidit transire infi¬
nitum, &amp; tangere infinita. infinitis
non finitis. Neque ergo infinitum ptest
in tempore finito transire, neque in i¬
finito finitum. sed, si tempus quidem
infinitum sit, et magnitudo erit
infinita: et si magnitudo, et tpoeos.
Et ideo sermo genonis est ser¬
mo, in quo accipitur falsum: et est
quod impossibile est vt infinitum
pertranseatur, aut vt infinita con
tagantur secundum indiuidua in
tempore finito. Quoniam loncitu
do, &amp; tempus, &amp; vniuersaliter
omne continuum dicitur infinitu
duobus modis, aut secundum diui¬
sionem, aut secundum vltima.
Quod autem est infinitum, impos¬
sibile est vt tangat in tempore fi¬
nito: quod autem est infinitum se
cundum diuisionem, possibile est
vt tangat. quoniam tempus eodem
vnodo est infinitum. vnde necesse</Unicode>
            </TextEquiv>
        </TextRegion>
        <TextRegion orientation="0.0" id="TextRegion_1612278932621_2080" custom="readingOrder {index:1;}">
            <Coords points="740,140 1264,140 1264,1883 740,1883"/>
            <TextLine id="line_1612278929531_2076" custom="readingOrder {index:0;}">
                <Coords points="754,237 819,222 890,239 961,226 995,242 1059,223 1098,238 1195,225 1240,242 1269,225 1269,189 1208,181 1180,201 1123,181 1067,197 960,181 933,197 905,180 871,198 776,180 754,196"/>
                <Baseline points="759,220 785,220 812,219 839,219 866,219 893,219 920,219 946,219 973,219 1000,219 1027,219 1054,219 1081,219 1108,219 1134,219 1161,219 1188,219 1215,219 1242,219 1264,219"/>
                <TextEquiv>
                    <Unicode>est, vt infinitum pertranseat in insi</Unicode>
                </TextEquiv>
            </TextLine>
            <TextLine id="r2l5" custom="readingOrder {index:1;}">
                <Coords points="756,275 881,286 898,274 1183,283 1211,263 1259,274 1259,244 1209,237 1152,253 1078,228 1048,245 756,239"/>
                <Baseline points="761,265 786,265 812,265 838,265 864,265 890,265 916,265 942,265 968,265 994,265 1020,265 1046,266 1072,266 1098,266 1124,266 1150,266 1176,266 1202,266 1228,265 1254,265"/>
                <TextEquiv>
                    <Unicode>nito tempore, non infinito, &amp; vt</Unicode>
                </TextEquiv>
            </TextLine>
            <TextLine id="r2l7" custom="readingOrder {index:2;}">
                <Coords points="750,323 904,322 930,341 957,321 1034,337 1139,316 1192,337 1237,317 1262,328 1262,295 1215,277 1133,298 1062,276 1033,292 839,277 750,292"/>
                <Baseline points="755,311 780,311 805,311 830,311 855,311 880,311 905,311 930,311 955,311 980,311 1006,311 1031,311 1056,311 1081,311 1106,311 1131,311 1156,311 1181,311 1206,312 1231,312 1257,312"/>
                <TextEquiv>
                    <Unicode>infinita tangant infinita, non fini</Unicode>
                </TextEquiv>
            </TextLine>
            <TextLine id="r2l9" custom="readingOrder {index:3;}">
                <Coords points="749,370 824,362 885,378 949,363 1056,386 1124,350 1145,365 1177,358 1206,383 1254,362 1237,323 1194,337 1135,319 1034,338 957,322 931,339 889,324 749,332"/>
                <Baseline points="754,358 780,357 806,357 832,357 858,357 884,357 910,357 936,357 962,357 988,357 1014,357 1040,358 1066,358 1092,358 1118,358 1144,357 1170,357 1196,357 1222,356 1249,355"/>
                <TextEquiv>
                    <Unicode>ta. Impossibile est igitur vt infi¬</Unicode>
                </TextEquiv>
            </TextLine>
            <TextLine id="r2l11" custom="readingOrder {index:4;}">
                <Coords points="750,411 809,410 828,426 855,410 923,422 1036,405 1083,423 1128,409 1145,427 1180,409 1248,417 1248,384 1191,381 1174,365 1148,382 1092,366 1034,381 957,381 937,366 750,381"/>
                <Baseline points="755,402 780,403 806,403 832,403 857,403 883,404 909,404 934,404 960,404 986,404 1011,404 1037,404 1063,404 1088,404 1114,404 1140,404 1165,404 1191,404 1217,404 1243,403"/>
                <TextEquiv>
                    <Unicode>nita pertraseantur intempore finito,</Unicode>
                </TextEquiv>
            </TextLine>
            <TextLine id="r2l13" custom="readingOrder {index:5;}">
                <Coords points="751,458 853,456 885,472 901,458 980,472 1000,457 1251,461 1251,430 1221,413 1148,430 1097,418 966,434 897,413 872,432 818,420 751,431"/>
                <Baseline points="756,452 781,451 807,451 833,451 859,450 884,450 910,450 936,450 962,450 988,450 1013,451 1039,451 1065,451 1091,451 1117,451 1142,451 1168,451 1194,451 1220,451 1246,450"/>
                <TextEquiv>
                    <Unicode>aut vt infinitu pertraseatur in tempo</Unicode>
                </TextEquiv>
            </TextLine>
            <TextLine id="r2l15" custom="readingOrder {index:6;}">
                <Coords points="747,506 1028,518 1251,504 1251,481 1194,460 1157,476 1097,460 1080,478 984,478 963,461 876,477 800,461 747,477"/>
                <Baseline points="752,496 778,497 804,497 830,497 856,497 882,497 908,497 934,498 960,498 986,498 1012,498 1038,498 1064,498 1090,497 1116,497 1142,497 1168,497 1194,496 1220,496 1246,495"/>
                <TextEquiv>
                    <Unicode>re finito. sed, si tempus fuerit ifini¬</Unicode>
                </TextEquiv>
            </TextLine>
            <TextLine id="r2l18" custom="readingOrder {index:7;}">
                <Coords points="745,554 874,547 943,569 967,554 1115,549 1158,562 1244,554 1245,516 746,517"/>
                <Baseline points="751,544 776,543 802,543 828,543 853,543 879,543 905,543 931,543 956,543 982,543 1008,544 1034,544 1059,544 1085,544 1111,544 1137,544 1162,544 1188,544 1214,544 1240,544"/>
                <TextEquiv>
                    <Unicode>tum, &amp; magnitudo erit infinita.</Unicode>
                </TextEquiv>
            </TextLine>
            <TextLine id="r2l20" custom="readingOrder {index:8;}">
                <Coords points="748,601 897,615 927,596 1016,616 1065,594 1118,611 1259,596 1259,565 1138,556 1098,571 1046,556 1012,570 994,556 932,571 748,564"/>
                <Baseline points="753,588 778,589 803,589 828,590 853,590 878,590 903,590 928,590 953,590 978,590 1003,590 1028,590 1053,590 1078,590 1103,590 1128,590 1153,590 1178,590 1203,591 1228,591 1254,592"/>
                <TextEquiv>
                    <Unicode>&amp;, si magnitudo fuerit finita, et</Unicode>
                </TextEquiv>
            </TextLine>
            <TextLine id="r2l22" custom="readingOrder {index:9;}">
                <Coords points="750,643 808,658 868,639 997,645 1024,658 1072,643 1170,644 1170,628 1148,614 1091,618 1058,601 1016,617 750,613"/>
                <Baseline points="755,637 780,637 806,637 831,637 857,637 883,637 908,637 934,637 960,637 985,637 1011,637 1036,637 1062,637 1088,637 1113,637 1139,637 1165,637"/>
                <TextEquiv>
                    <Unicode>tempus etiam erit finitum.</Unicode>
                </TextEquiv>
            </TextLine>
            <TextLine id="r2l24" custom="readingOrder {index:10;}">
                <Coords points="793,706 1080,706 1105,720 1122,706 1245,706 1245,668 1215,679 888,669 841,684 793,669"/>
                <Baseline points="798,697 824,698 850,698 876,698 902,698 928,698 954,698 980,697 1006,697 1032,697 1058,697 1084,697 1110,697 1136,697 1162,698 1188,698 1214,698 1240,699"/>
                <TextEquiv>
                    <Unicode>Et, quia tempus, &amp; magnitudo com</Unicode>
                </TextEquiv>
            </TextLine>
            <TextLine id="r2l26" custom="readingOrder {index:11;}">
                <Coords points="750,747 1245,750 1245,716 1205,704 1140,719 945,706 915,717 897,704 857,719 784,718 750,701"/>
                <Baseline points="755,736 780,736 806,737 831,737 857,737 882,737 908,737 933,737 959,736 984,736 1010,736 1035,736 1061,736 1086,736 1112,736 1137,736 1163,736 1188,736 1214,736 1240,737"/>
                <TextEquiv>
                    <Unicode>sequuntur se adinuicem secundum modos,</Unicode>
                </TextEquiv>
            </TextLine>
            <TextLine id="r2l28" custom="readingOrder {index:12;}">
                <Coords points="750,785 1243,786 1243,764 1196,743 1091,761 1024,743 750,749"/>
                <Baseline points="755,774 780,774 805,774 831,774 856,774 882,774 907,774 932,774 958,774 983,774 1009,774 1034,774 1060,774 1085,774 1110,774 1136,774 1161,774 1187,775 1212,775 1238,776"/>
                <TextEquiv>
                    <Unicode>quibus dicuntur infinita, aut finita,</Unicode>
                </TextEquiv>
            </TextLine>
            <TextLine id="r2l30" custom="readingOrder {index:13;}">
                <Coords points="752,816 1241,816 1241,789 1154,780 1084,793 1042,781 752,786"/>
                <Baseline points="757,811 782,811 807,812 832,812 857,812 883,812 908,812 933,812 958,812 983,811 1009,811 1034,811 1059,811 1084,811 1109,811 1135,811 1160,811 1185,811 1210,812 1236,812"/>
                <TextEquiv>
                    <Unicode>&amp; haec dicuntur multis modis, non</Unicode>
                </TextEquiv>
            </TextLine>
            <TextLine id="r2l32" custom="readingOrder {index:14;}">
                <Coords points="757,858 1061,854 1093,867 1117,855 1140,869 1156,853 1243,858 1243,820 757,830"/>
                <Baseline points="762,847 787,848 812,848 837,849 862,849 887,849 912,849 937,849 962,849 987,849 1012,849 1037,848 1062,848 1087,848 1112,848 1137,848 1162,848 1187,848 1212,848 1238,849"/>
                <TextEquiv>
                    <Unicode>pene dixit geno in suis propositioni</Unicode>
                </TextEquiv>
            </TextLine>
            <TextLine id="r2l34" custom="readingOrder {index:15;}">
                <Coords points="756,898 1249,890 1249,867 1207,860 1031,857 1011,872 939,855 904,869 756,859"/>
                <Baseline points="761,885 786,886 811,886 837,886 862,886 888,886 913,886 938,887 964,887 989,887 1015,887 1040,886 1066,886 1091,886 1116,886 1142,886 1167,885 1193,885 1218,885 1244,884"/>
                <TextEquiv>
                    <Unicode>bus, quas posuit in destructione mo¬</Unicode>
                </TextEquiv>
            </TextLine>
            <TextLine id="r2l37" custom="readingOrder {index:16;}">
                <Coords points="751,930 988,930 1013,951 1045,931 1206,941 1249,934 1249,893 1129,908 1102,894 884,910 862,894 815,911 751,900"/>
                <Baseline points="756,924 781,924 807,924 833,924 858,925 884,925 910,925 935,925 961,925 987,925 1012,925 1038,925 1064,925 1089,925 1115,925 1141,925 1166,925 1192,925 1218,925 1244,925"/>
                <TextEquiv>
                    <Unicode>tus. dicit enim quod magnitudo, per quam</Unicode>
                </TextEquiv>
            </TextLine>
            <TextLine id="r2l39" custom="readingOrder {index:17;}">
                <Coords points="750,971 1241,970 1241,945 1158,933 1136,949 1076,933 1014,951 991,933 919,934 904,949 750,940"/>
                <Baseline points="755,960 780,961 805,961 830,961 856,962 881,962 906,962 932,962 957,962 982,962 1008,962 1033,962 1058,962 1084,962 1109,962 1134,962 1160,962 1185,961 1210,961 1236,961"/>
                <TextEquiv>
                    <Unicode>est motus, diuidit in duo, &amp; vtra¬</Unicode>
                </TextEquiv>
            </TextLine>
            <TextLine id="r2l41" custom="readingOrder {index:18;}">
                <Coords points="757,1016 1231,1011 1245,980 1120,985 1087,968 991,981 972,968 910,988 863,967 846,982 816,968 757,981"/>
                <Baseline points="762,1000 787,1000 812,1000 837,1000 862,1000 887,1000 912,1000 938,1000 963,1000 988,1000 1013,1000 1038,1000 1063,1000 1089,1000 1114,1000 1139,1000 1164,999 1189,999 1214,998 1240,998"/>
                <TextEquiv>
                    <Unicode>que in duo, &amp; sic in infinitum, com¬</Unicode>
                </TextEquiv>
            </TextLine>
            <TextLine id="r2l43" custom="readingOrder {index:19;}">
                <Coords points="751,1046 802,1058 840,1042 858,1056 933,1041 999,1055 1030,1041 1241,1042 1241,1012 751,1017"/>
                <Baseline points="756,1037 781,1037 806,1038 831,1038 857,1038 882,1038 907,1038 932,1038 958,1038 983,1038 1008,1038 1033,1038 1059,1038 1084,1038 1109,1037 1134,1037 1160,1037 1185,1037 1210,1037 1236,1037"/>
                <TextEquiv>
                    <Unicode>tingit quod, cum aliquod motum mo</Unicode>
                </TextEquiv>
            </TextLine>
            <TextLine id="r2l45" custom="readingOrder {index:20;}">
                <Coords points="751,1082 999,1081 1021,1094 1145,1080 1189,1092 1245,1074 1245,1045 751,1052"/>
                <Baseline points="756,1076 781,1076 806,1076 832,1076 857,1076 883,1076 908,1076 934,1076 959,1076 985,1076 1010,1076 1036,1076 1061,1076 1087,1076 1112,1076 1138,1075 1163,1075 1189,1074 1214,1073 1240,1072"/>
                <TextEquiv>
                    <Unicode>uetur de extremo spatil finiti, inpos¬</Unicode>
                </TextEquiv>
            </TextLine>
            <TextLine id="r2l46" custom="readingOrder {index:21;}">
                <Coords points="752,1119 1244,1122 1244,1077 1215,1093 1096,1085 1038,1097 752,1085"/>
                <Baseline points="757,1113 782,1113 807,1113 833,1114 858,1114 883,1114 909,1114 934,1114 959,1114 985,1114 1010,1114 1036,1114 1061,1114 1086,1114 1112,1114 1137,1113 1162,1113 1188,1113 1213,1112 1239,1112"/>
                <TextEquiv>
                    <Unicode>sibile est vt perueniat ad extremum</Unicode>
                </TextEquiv>
            </TextLine>
            <TextLine id="r2l48" custom="readingOrder {index:22;}">
                <Coords points="751,1164 946,1152 967,1172 989,1159 1040,1171 1249,1154 1249,1133 1230,1125 992,1125 944,1141 895,1120 873,1134 751,1120"/>
                <Baseline points="756,1152 781,1152 807,1152 833,1151 858,1151 884,1151 910,1151 935,1151 961,1151 987,1151 1012,1151 1038,1151 1064,1151 1089,1151 1115,1151 1141,1150 1166,1150 1192,1149 1218,1148 1244,1147"/>
                <TextEquiv>
                    <Unicode>spatii positi: quia pertransit ma¬</Unicode>
                </TextEquiv>
            </TextLine>
            <TextLine id="r2l50" custom="readingOrder {index:23;}">
                <Coords points="749,1207 1243,1187 1232,1165 1157,1157 1057,1160 1041,1176 954,1159 903,1172 749,1165"/>
                <Baseline points="754,1189 779,1189 804,1189 830,1189 855,1189 881,1190 906,1190 932,1190 957,1190 983,1190 1008,1190 1034,1190 1059,1190 1085,1190 1110,1190 1136,1189 1161,1189 1187,1188 1212,1187 1238,1186"/>
                <TextEquiv>
                    <Unicode>gnitudines infinitas. Et hoc inten¬</Unicode>
                </TextEquiv>
            </TextLine>
            <TextLine id="r2l52" custom="readingOrder {index:24;}">
                <Coords points="746,1233 1182,1244 1246,1235 1246,1197 1135,1197 1097,1212 1077,1195 746,1208"/>
                <Baseline points="751,1227 776,1227 802,1227 828,1227 854,1227 879,1227 905,1227 931,1227 957,1227 983,1227 1008,1227 1034,1227 1060,1227 1086,1227 1112,1227 1137,1227 1163,1226 1189,1226 1215,1226 1241,1226"/>
                <TextEquiv>
                    <Unicode>debat, cum dixit: &amp; est, quod impossi</Unicode>
                </TextEquiv>
            </TextLine>
            <TextLine id="r2l53" custom="readingOrder {index:25;}">
                <Coords points="752,1274 1040,1268 1086,1282 1117,1269 1181,1282 1251,1266 1250,1244 1200,1233 1121,1247 751,1234"/>
                <Baseline points="756,1264 781,1264 807,1264 833,1265 858,1265 884,1265 910,1265 936,1265 961,1265 987,1265 1013,1265 1039,1265 1064,1265 1090,1264 1116,1264 1142,1263 1167,1262 1193,1261 1219,1261 1245,1259"/>
                <TextEquiv>
                    <Unicode>bile est, &amp;c. i. &amp; ex hoc apparet quod ser¬</Unicode>
                </TextEquiv>
            </TextLine>
            <TextLine id="r2l55" custom="readingOrder {index:26;}">
                <Coords points="747,1313 1243,1304 1243,1284 1222,1277 747,1278"/>
                <Baseline points="752,1305 777,1304 803,1304 828,1303 854,1303 879,1303 905,1303 931,1303 956,1304 982,1304 1007,1304 1033,1304 1058,1304 1084,1304 1110,1304 1135,1303 1161,1302 1186,1301 1212,1300 1238,1298"/>
                <TextEquiv>
                    <Unicode>mo genonis in destructione mo¬</Unicode>
                </TextEquiv>
            </TextLine>
            <TextLine id="r2l57" custom="readingOrder {index:27;}">
                <Coords points="750,1348 1236,1346 1244,1308 1183,1311 1159,1333 1103,1309 991,1325 962,1310 750,1317"/>
                <Baseline points="755,1341 780,1341 805,1341 831,1341 856,1341 882,1341 907,1341 933,1341 958,1341 984,1341 1009,1341 1035,1341 1060,1341 1086,1340 1111,1340 1137,1340 1162,1340 1188,1340 1213,1339 1239,1339"/>
                <TextEquiv>
                    <Unicode>tus, collocatur in eo falsum. &amp; est</Unicode>
                </TextEquiv>
            </TextLine>
            <TextLine id="line_1612278929537_2078" custom="readingOrder {index:28;}">
                <Coords points="757,1396 1269,1386 1269,1349 757,1358"/>
                <Baseline points="762,1379 788,1379 814,1379 841,1379 867,1379 894,1379 920,1379 946,1379 973,1379 999,1378 1026,1378 1052,1378 1078,1377 1105,1377 1131,1377 1158,1377 1184,1377 1210,1377 1237,1378 1263,1378 1264,1378"/>
                <TextEquiv>
                    <Unicode>per, si motus fuerit, possibile est vt motum D</Unicode>
                </TextEquiv>
            </TextLine>
            <TextLine id="r2l61" custom="readingOrder {index:29;}">
                <Coords points="755,1431 1243,1426 1243,1395 1098,1397 1078,1383 1063,1397 928,1386 886,1398 871,1385 755,1396"/>
                <Baseline points="760,1415 785,1415 810,1415 835,1415 860,1416 885,1416 910,1416 936,1416 961,1416 986,1416 1011,1416 1036,1416 1061,1415 1087,1415 1112,1415 1137,1415 1162,1415 1187,1415 1212,1415 1238,1414"/>
                <TextEquiv>
                    <Unicode>pertranseat spatium infinitum, ita,</Unicode>
                </TextEquiv>
            </TextLine>
            <TextLine id="r2l63" custom="readingOrder {index:30;}">
                <Coords points="751,1468 780,1455 1061,1458 1126,1474 1163,1455 1245,1450 1245,1434 1216,1421 1168,1435 1001,1438 958,1425 932,1437 916,1422 751,1433"/>
                <Baseline points="756,1453 781,1453 806,1453 832,1453 857,1453 883,1453 908,1453 934,1454 959,1454 985,1454 1010,1454 1036,1454 1061,1454 1087,1454 1112,1454 1138,1453 1163,1453 1189,1452 1214,1451 1240,1450"/>
                <TextEquiv>
                    <Unicode>quod vnum indiuiduum tangat indi¬</Unicode>
                </TextEquiv>
            </TextLine>
            <TextLine id="r2l64" custom="readingOrder {index:31;}">
                <Coords points="751,1498 836,1493 898,1510 919,1497 1237,1498 1237,1461 1129,1474 1093,1459 751,1471"/>
                <Baseline points="756,1491 781,1491 806,1491 831,1491 856,1491 881,1491 906,1491 931,1491 956,1491 981,1491 1006,1491 1031,1491 1056,1491 1081,1491 1106,1491 1131,1491 1156,1490 1181,1490 1206,1489 1232,1488"/>
                <TextEquiv>
                    <Unicode>uidua magnitudinis infinita in ten¬</Unicode>
                </TextEquiv>
            </TextLine>
            <TextLine id="r2l66" custom="readingOrder {index:32;}">
                <Coords points="742,1545 780,1532 1223,1546 1238,1538 1238,1503 968,1501 955,1513 920,1501 904,1515 835,1495 742,1508"/>
                <Baseline points="747,1529 772,1528 798,1528 823,1528 849,1528 874,1528 900,1528 926,1528 951,1528 977,1529 1002,1529 1028,1528 1053,1528 1079,1528 1105,1528 1130,1528 1156,1527 1181,1527 1207,1526 1233,1525"/>
                <TextEquiv>
                    <Unicode>pore finito. D.d. Quoniam longi¬</Unicode>
                </TextEquiv>
            </TextLine>
            <TextLine id="r2l68" custom="readingOrder {index:33;}">
                <Coords points="747,1578 1239,1575 1239,1548 1195,1538 1108,1534 1052,1553 747,1545"/>
                <Baseline points="752,1568 777,1568 802,1567 828,1567 853,1567 878,1567 904,1567 929,1567 954,1567 980,1567 1005,1567 1031,1567 1056,1567 1081,1567 1107,1567 1132,1567 1157,1567 1183,1567 1208,1566 1234,1566"/>
                <TextEquiv>
                    <Unicode>tudo, &amp; tempus, &amp;c. i. &amp; sermo Se¬</Unicode>
                </TextEquiv>
            </TextLine>
            <TextLine id="r2l70" custom="readingOrder {index:34;}">
                <Coords points="746,1611 1243,1618 1243,1587 1209,1572 1073,1576 1027,1593 862,1573 746,1581"/>
                <Baseline points="751,1604 776,1605 802,1605 827,1605 853,1606 879,1606 904,1606 930,1606 956,1605 981,1605 1007,1605 1032,1605 1058,1605 1084,1604 1109,1604 1135,1604 1161,1604 1186,1604 1212,1604 1238,1605"/>
                <TextEquiv>
                    <Unicode>nonis est corruptus. quia logitudo,</Unicode>
                </TextEquiv>
            </TextLine>
            <TextLine id="r2l72" custom="readingOrder {index:35;}">
                <Coords points="750,1650 1245,1650 1236,1621 1050,1625 956,1610 892,1626 750,1613"/>
                <Baseline points="755,1643 780,1643 806,1643 831,1643 857,1643 882,1643 908,1643 933,1643 959,1643 984,1643 1010,1643 1035,1643 1061,1643 1086,1643 1112,1643 1137,1643 1163,1643 1188,1643 1214,1643 1240,1643"/>
                <TextEquiv>
                    <Unicode>&amp; tempus, &amp; vniversaliter omne continuum</Unicode>
                </TextEquiv>
            </TextLine>
            <TextLine id="r2l73" custom="readingOrder {index:36;}">
                <Coords points="755,1685 1223,1690 1241,1678 1241,1661 1133,1653 755,1659"/>
                <Baseline points="760,1680 785,1680 810,1679 835,1679 860,1679 885,1679 910,1679 935,1680 960,1680 985,1680 1010,1680 1035,1680 1060,1680 1085,1680 1110,1680 1135,1679 1160,1679 1185,1678 1210,1678 1236,1677"/>
                <TextEquiv>
                    <Unicode>videntur dici infinita duobus mo¬ </Unicode>
                </TextEquiv>
            </TextLine>
            <TextLine id="r2l76" custom="readingOrder {index:37;}">
                <Coords points="753,1723 1235,1729 1235,1693 753,1688"/>
                <Baseline points="758,1718 784,1718 810,1718 836,1718 862,1718 889,1718 915,1718 941,1718 967,1718 994,1718 1020,1718 1046,1718 1072,1718 1098,1718 1125,1717 1151,1717 1177,1717 1203,1717 1230,1716"/>
                <TextEquiv>
                    <Unicode>dis, aut secundum diuisionem, aut secundum ex¬</Unicode>
                </TextEquiv>
            </TextLine>
            <TextLine id="r2l79" custom="readingOrder {index:38;}">
                <Coords points="746,1762 1240,1770 1240,1735 1183,1724 746,1733"/>
                <Baseline points="751,1755 776,1755 801,1756 827,1756 852,1756 878,1756 903,1756 929,1756 954,1756 980,1756 1005,1756 1031,1756 1056,1756 1082,1756 1107,1756 1133,1756 1158,1756 1184,1757 1209,1757 1235,1758"/>
                <TextEquiv>
                    <Unicode>trema. i. in actu. &amp; hoc intendebat,</Unicode>
                </TextEquiv>
            </TextLine>
            <TextLine id="r2l81" custom="readingOrder {index:39;}">
                <Coords points="746,1802 1120,1802 1157,1815 1240,1802 1240,1772 965,1764 891,1776 833,1762 746,1773"/>
                <Baseline points="751,1792 776,1792 801,1793 827,1793 852,1793 878,1794 903,1794 929,1794 954,1794 980,1794 1005,1794 1031,1794 1056,1794 1082,1794 1107,1793 1133,1793 1158,1793 1184,1793 1209,1794 1235,1794"/>
                <TextEquiv>
                    <Unicode>cum dixit, aut secundum vltima. Quod au¬</Unicode>
                </TextEquiv>
            </TextLine>
            <TextLine id="r2l83" custom="readingOrder {index:40;}">
                <Coords points="748,1842 1237,1841 1237,1812 1198,1804 1003,1815 843,1799 813,1815 748,1811"/>
                <Baseline points="753,1831 778,1832 803,1833 828,1833 853,1833 879,1834 904,1834 929,1834 954,1834 979,1834 1005,1833 1030,1833 1055,1833 1080,1833 1105,1833 1131,1832 1156,1832 1181,1832 1206,1832 1232,1831"/>
                <TextEquiv>
                    <Unicode>tem est infinitum ex extremis, im¬</Unicode>
                </TextEquiv>
            </TextLine>
            <TextEquiv>
                <Unicode>est, vt infinitum pertranseat in insi
nito tempore, non infinito, &amp; vt
infinita tangant infinita, non fini
ta. Impossibile est igitur vt infi¬
nita pertraseantur intempore finito,
aut vt infinitu pertraseatur in tempo
re finito. sed, si tempus fuerit ifini¬
tum, &amp; magnitudo erit infinita.
&amp;, si magnitudo fuerit finita, et
tempus etiam erit finitum.
Et, quia tempus, &amp; magnitudo com
sequuntur se adinuicem secundum modos,
quibus dicuntur infinita, aut finita,
&amp; haec dicuntur multis modis, non
pene dixit geno in suis propositioni
bus, quas posuit in destructione mo¬
tus. dicit enim quod magnitudo, per quam
est motus, diuidit in duo, &amp; vtra¬
que in duo, &amp; sic in infinitum, com¬
tingit quod, cum aliquod motum mo
uetur de extremo spatil finiti, inpos¬
sibile est vt perueniat ad extremum
spatii positi: quia pertransit ma¬
gnitudines infinitas. Et hoc inten¬
debat, cum dixit: &amp; est, quod impossi
bile est, &amp;c. i. &amp; ex hoc apparet quod ser¬
mo genonis in destructione mo¬
tus, collocatur in eo falsum. &amp; est
per, si motus fuerit, possibile est vt motum D
pertranseat spatium infinitum, ita,
quod vnum indiuiduum tangat indi¬
uidua magnitudinis infinita in ten¬
pore finito. D.d. Quoniam longi¬
tudo, &amp; tempus, &amp;c. i. &amp; sermo Se¬
nonis est corruptus. quia logitudo,
&amp; tempus, &amp; vniversaliter omne continuum
videntur dici infinita duobus mo¬ 
dis, aut secundum diuisionem, aut secundum ex¬
trema. i. in actu. &amp; hoc intendebat,
cum dixit, aut secundum vltima. Quod au¬
tem est infinitum ex extremis, im¬</Unicode>
            </TextEquiv>
        </TextRegion>
    </Page>
</PcGts>
