1416 2066
210 179 706 226 tempus est vnum in omni loco, &
222 223 696 271 apud quodlibet, & in respectu eu
223 260 707 298 iuslibet, & conclusit in secunda fi¬
226 300 707 349 vura, quod motus non est tempus, sic.
229 330 701 378 Motus non est vnus in omni loco¬
222 380 710 433 & apud quodlibet: & tempus est
228 412 708 458 vnum in omni loco, & apud quod¬
218 455 707 498 libet: ergo motus non est tempus.
262 506 700 560 Amplius autem mutatio qui,
227 549 707 594 dem omnis velocior, aut tardior
224 592 702 644 est, tempus autem non est. tar¬
227 634 705 690 dum enim & velox tpere definiunt.
230 676 707 722 Velox enim est, quid in pauco multum
219 720 707 762 mouetur: Tardum autem, quod in mul
219 762 704 810 to parum, tempus autem non defi
218 812 707 850 nitur tpere, neque quo quantum
221 849 625 906 quid est, neque quo quale.
267 891 697 946 Et omnis transmutatio est ve¬
217 935 701 997 locior, aut tardior, & tempus non
227 985 703 1041 est tale. velox enim & tardum de¬
218 1037 700 1098 finiuntur per tempus. Velox enim
222 1084 707 1147 est illud, quod est multum in tem¬
210 1132 706 1194 pore breui: & rardum est illud,
216 1181 710 1242 quod est modicum in tempore lon
212 1229 711 1290 Q. & tempus non definitur per
221 1277 707 1339 tempus, neque secundum quod est
214 1324 712 1386 quantum, neque secundum quod
223 1376 371 1436 est quale.
218 1428 706 1483 Ista est secunda contradictio, &
222 1473 701 1522 continet quatuor propones, quarum
220 1509 696 1566 tres sunt manifestae per se, & quar
217 1549 703 1594 ta declarabitur per duas illaru. cum
215 1588 697 1641 ligitur propositio conclusa ex dua¬
215 1629 701 1683 bus coniungetur ad tertiam mani¬
218 1669 701 1720 festam per se, sequetur conclusio,
217 1709 697 1747 & compositio earum est sic. Velox
214 1745 708 1786 & tardum in motibus definiuntur,
216 1784 705 1835 per tempus: sed tempus non defi¬
216 1829 708 1875 nitur per tempus: ergo in secunda
218 1861 702 1914 figura in tempore non est velocitas,
741 179 1241 226 & tarditas: sed in omni motu est
741 221 1239 272 velocitas, & tarditas: ergo in secun¬
739 261 1240 311 da figura, tempus non est motus.
743 296 1239 352 Et dixit: Velox enim est illud, quod est
739 336 1237 384 multum, &c. i. Velox enim est illud, quid
746 379 1232 426 pertransit longum spatium in tem
738 413 1234 465 pore breui: & Tardum est illud, quid
739 453 1231 509 pertransit breue spatium in longo
743 502 1239 544 tempore. Et, cum dixit: & tempus
742 540 1236 584 non definitur per tempus, &c. non
736 572 1229 622 intendit quod in tempore sit quodam
740 617 1226 652 modo quantum, & quodammodo
740 650 1232 698 quale: quoniam tempus est quantum, non
739 688 1236 739 quale: sed intendit, quod impossibile
740 726 1239 778 est vt aliquis definiat tempus per tem
742 766 1233 822 pus, neque secundum quale, si haberet qua
743 805 1228 851 te, neque secundum quantum si haberet, vt
735 845 1230 890 inuenimus in motu definitum scilicet quoniam
743 884 1233 930 velocitas, & tarditas, quae sunt in eo,
741 922 1225 974 sunt quale, & definiuntur per tem¬
736 960 1228 1015 pus: & similiter quantum, quid est
738 1001 1231 1042 in eo, definitur per tempus, cum di
735 1048 1233 1082 citur quod magnus motus est in tem¬
738 1085 1209 1130 pore magno, & paruus in paruo.
734 1148 1235 1194 Ostendit tempus, quamuis non sit mo¬
767 1186 1233 1234 tus, non tamen esse sine motu, & de¬
766 1229 1233 1266 claratur, quid sit ipsius motus: vbi
774 1266 1227 1314 datur etiam ipsius Temporis defni¬
775 1309 1239 1351 tio Cap. A¬
864 1349 1222 1402 Vod igitur non est mo¬
856 1393 1225 1442 tus manifestum est. ni¬
844 1434 1231 1486 & hil autem referat nobis
738 1477 1240 1523 dicere in praesentia motum, aut
731 1520 1236 1562 mutationem. At vero neque sine
739 1564 1235 1610 mutatione. cum enim ipsi nihil mu¬
741 1604 1239 1649 tamur secundum intelligentiam, aut la
742 1647 1232 1690 tet nos mutari, non videtur nobis
737 1693 1238 1748 fuisse tmpens. sicuti neque ijns, qui in Sar¬
742 1732 1235 1778 do fabulose diciturtr dormire apud
742 1775 1232 1818 Heroas, cum fuerit experrecti. co¬
738 1820 1234 1871 pulant enim primum nunc posterio
731 1861 1233 1914 ri nunc, & faciunt vnum, remouen¬
