1416 2066
196 173 699 218 ente per accidens. i. ex subiecto, cui
215 220 701 258 accidit, quod in eo fuerit priuatio rei, ex
217 256 699 302 qua genatur &, si hoc non esse scilicet si pri
216 293 701 330 uatio formae non pecederet in subie
214 331 697 382 cto, non generaretur ex eo. D.d. gene¬
213 367 701 414 ratur enim aliquid ex priuatione, &c. i.
213 407 701 456 decesse est enim aliquid esse ex priuatio
214 447 701 498 ne, tum impossibile est vt generatum
210 482 703 533 inueniatur per se absque eo, quod priuatio
216 524 700 571 eius sit in subiecto, ex quo generatur
210 557 691 611 perse. D.d. & est non alquod ens pe
206 597 695 643 se, i. & priuatio est non ens per se, &
206 635 691 682 materia est non ens per accidens. D.
213 682 697 727 dabsque eo quod sit ens, i. psTgenerati.
222 716 699 754 Et, cum declarauit quod priuatio neces
212 754 706 806 saria est in generatione, dixit: Et hoc
213 792 705 842 tenetur pro improbabili. i. generatio¬
214 829 704 867 nem fteri ex priuatione. & hoc non
220 868 699 920 est possibile tamdum fieri, sed necessarium,
214 906 705 951 tamen per accidens. D. incoepit etiam declara¬
211 946 695 998 re quod similiter accidit in hoc, quod gene.
214 984 711 1026 ratio attribuitur enti scilicet quoniam est ueces¬
215 1021 709 1082 sarium per accidens, & impossibile per se.
252 1085 699 1139 Similiter autem neque ex eo quod
215 1133 705 1184 est, neque id, quod est, fieri, nisi se¬
214 1175 700 1219 cundum accidens. sic autem & hoc fic
214 1221 709 1267 ri eodem modo, vt si ex animali¬
210 1262 707 1307 animal vtique siat, &, si ex quodam
196 1298 703 1349 animali quoddam animal, vt si
211 1334 703 1385 canis ex equo fiat. fiet enim non so¬
210 1385 697 1426 lum ex quodam animali canis, sed
206 1429 698 1466 etiam ex animali, at non quatenus
206 1465 706 1507 est animal, est enim iam hoc. si autem
213 1516 708 1558 aliquid debet fieri animal, non se
210 1549 704 1594 cundum accidens, non ex ani¬
212 1590 368 1636 mali erit.
258 1629 708 1681 Et secundum bunc modum non
206 1681 702 1745 generatur etiam ens ex ente nisi
206 1725 701 1786 per accidens. hoc enim etiam erit
200 1772 696 1833 secundum illum eundem modum.
210 1822 708 1891 vg. quonia generatur. animal ex¬
724 173 1236 239 animali, et ex aliquo animali anim,
730 223 1215 274 mal. si igitur canis generatur ex
729 273 1217 321 equo, tunc generatio canis est ab
730 317 1223 379 aliquo animali, et ab animali sim
724 365 1204 426 pliciter, sed generatio eius ex eo
727 413 1213 474 non est secundum quod est animal
725 459 1217 522 cum habet rationem animalis. quod
728 509 1215 570 ligitur innatum est fieri animal,
727 557 1211 621 non per accidens, necesse est vt ge
727 604 1169 650 neratio eius sit ex non animali.
768 677 1220 714 Hoc enim etiam fit illo eodem
731 716 1219 768 modo, i, quo generatum fit ex non
727 752 1219 794 ente, scilicet per aceidens, impossibile enim est
732 790 1214 843 vt generatum sit ens, aut non ens, ante
727 828 752 847 mo¬
727 829 1222 882 qua gneratur, nisi per accides. D.d. v. g. &c.
729 868 1213 920 i. v. g. sit aliquis dicat quod nos videmus
727 908 1219 953 animal generari ex animali sibi simili,
733 947 1215 995 & aliquid animal ex animali diuerso in spe¬
734 989 1214 1037 cie, v. g. canem ex equo, & quod propter
731 1022 1223 1075 hoc possibile est vtr animal ginetur ex ani¬
731 1061 1219 1111 mali: adhoc autem dicemus quod, si canis
730 1108 1224 1151 gnetur ex equo per se, continget vt
730 1133 1218 1192 animal gneretur ex animali simpliciter, sed
736 1175 1221 1228 generatio animalis ex animali, & entis ex
733 1213 1221 1267 ente non potest esse simpliciter, ge¬
730 1253 1219 1299 nerabile: enim transmutatur ad illud,
731 1293 1211 1344 quod non habet, & animalitas est in ge
731 1333 1221 1377 nerato. si igitur animal generaretur,
730 1370 1225 1410 secundum quod est animal, & animal ex animali,
734 1410 1225 1460 secundum quod est animal, contingeret aliquid
736 1442 1221 1485 transmutari in spem eius, quod ha¬
730 1485 1227 1534 bet in actu, quod est impossibile. &
733 1525 1224 1563 ideo aecesse est vt omne, quod inna
737 1562 1216 1602 tum est fieri animal per se, transfe¬
730 1599 1221 1652 ratur ex non animali. ergo, si gene¬
738 1637 1210 1682 ratio esset possibilis animalis sim
742 1682 1218 1714 pliciter, tunc esfet necesse vt ex non
740 1717 1223 1762 animali fimpliciter generaretur: sed,
734 1752 1227 1807 quia generatio est animalis demon
735 1785 1208 1844 strati, continget vt sit ex non anima
727 1829 1223 1882 li demonstrato per accidens, & exani
