1416 2066
207 180 729 235 Quod motus solus circularis possit esse
299 222 649 269 continuus. Cap. A.
348 253 715 314 Vi autem super circularem fit,
346 301 721 352 erit vnus, & continuus.
346 342 719 394 nihil enim impossibile contigit.
368 381 716 436 Quod enim ex Amouetur, si¬
213 425 725 466 mul mouebitur ad A, secundum idem, propo¬
216 470 725 506 situm. ad quod enim veniet, et mouetur
221 509 725 547 ad hoc: sed non simul mouebitur
225 549 723 599 contrarijs, neque oppositis. Non
218 587 720 639 enim omnis, qui est ad hoc, ei, qui est
219 628 719 675 ex hoc, contrarius est, aut opposi
221 669 725 722 tus. Sed contrarius quidem est, qui
219 711 719 754 super recta sit, huic enim est contra
207 754 716 794 rius secundum locum, vt qui secundum diame¬
226 794 718 837 trum fit: distat enim plurimum. Op
222 834 721 882 positus autem est, qui est secundum eandem
222 876 714 926 longitudinem, quare nihil prohi¬
229 917 718 957 bet continue moueri, et nullo tem
227 958 716 1008 pore deficere. Circularis enim mo¬
230 996 721 1043 tus est, quius ab eodem in idem. Re¬
230 1039 717 1096 ctus autem, qui ab s eodem in aliud,
233 1078 718 1133 Et qui in circulo quidem fit, nun¬
233 1125 719 1170 quam in eisdem est: qui vero secundum re¬
231 1162 719 1209 ctam saepe in eisdem. Eo igitur, qui sper
220 1209 725 1259 in alio, et alio fit, contingit moueri
229 1244 710 1298 continue: eo vero, qui in eisdem saepe
230 1285 708 1330 non contingit, necesse enim esset si
227 1325 718 1379 mul moueri oppositis. Quare
224 1379 715 1418 neque in semicirculo, neque in alia
231 1412 715 1450 circunferentia vlla contingit mo¬
231 1452 714 1491 ueri continue. saepe enim necesse est
225 1493 714 1538 sia eadem moueri, et contrarijs mu¬
229 1533 716 1578 tari mutationibus. non enim copulat
230 1573 719 1619 pricipio finis: qui autem circuli est,
222 1611 722 1658 copulatur, & solus est perfectus.
276 1653 714 1706 Motus aut circularis est vnus.
220 1708 719 1746 & continuus. non enim sequitur ex hoc
230 1741 705 1803 aliquo modo ipossibile. Quoniam illud
225 1792 724 1847 quod mouetur ex A, mouetur ad
223 1836 722 1882 A eadem intentione. ad illud enim ad
748 181 1262 241 quod peruenit, ad illud est moue¬
755 229 1252 277 tur: sed non mouetur duobus moti
757 276 1255 345 bus contrarus insimul, neque opposi¬
754 323 1256 379 tis. Non enim omnis motus ad auiquid est
746 368 1256 417 contrarius ei, qui est ab illo, neque
752 413 1255 485 oppositus. Sed contraru sunt illi, qui
751 464 1252 523 suut recte, isti enim sunt contrarum se¬
749 508 1246 575 cundum locum, v.g. illi, qui sunt se¬
745 557 1251 602 cundu diametru, qui maxime di¬
753 604 1253 655 stat. oppositi aut sunt illi, qui sunt
748 652 1251 714 in eade longitudine. & ideo no est
747 700 1253 754 remotum quod ille motus sit conti¬
747 745 1262 803 nuus, & nunquam cesset ommo. Mo¬
753 791 1254 850 tus enim circularis est ab aliquo loco
754 836 1246 890 ad illu eudem locu: Motus at recto est
749 885 1257 930 de vno loco ad aliud. Et motus et i
749 932 1243 998 eadem reuolutioe no erit illud, quod
742 980 1248 1035 mouetur secudum illui eisdem locis omni¬
750 1037 1246 1074 no: illud at, quod mouetur motu re
746 1075 1250 1122 cto, erit i eisdem locis multoties. Mo
753 1121 1243 1189 tus igitur, i quo illud, quod moue¬
750 1175 1247 1226 tur, erit in loco post auiu, pot esse con
753 1212 1242 1267 tinuus: motus autem, in quo illud,
746 1261 1251 1322 quod mouetur, erit in eodem loco
749 1308 1239 1370 multotiens, non pot esse continuus: quo¬
751 1365 1241 1421 niam necesse est vt illud, quod moue
748 1403 1238 1450 tur secudum illud, moueatur duobus
749 1453 1241 1516 motibus oppositis isimul. Et io im¬
748 1497 1246 1563 possibile e, vt aliquid moueatur in
749 1543 1239 1601 semicirculo, aut i alio arcu omnino se
751 1593 1239 1653 cudum continuationem. necesse est enim vt
747 1639 1233 1699 multoties moueatur eisdem motibus.
746 1685 1247 1741 et, vt trasmutetur modis trasmu¬
749 1732 1245 1795 tatiois cotrarus. quonia finis no com
751 1779 1240 1845 lugitur cu principio: in circulo au¬
751 1828 1242 1890 te est ifinitu, et est solus perfectus.
