1416 2066
203 157 711 194 commune non agere, nisi prius obiectum ma¬
198 190 708 230 gis commune agat. nam obiectum relucens
198 221 709 258 in phanthasmate naturaliter agit in intellecum,
200 254 704 285 & aptum natum est ad immutationem in¬
204 282 709 325 tellectus quod ad cognitionem sui, & non alte¬
202 314 709 356 rius, sicut quilibet sani capitis scire potest.
202 348 705 379 Quis ex philosophantibus Antiquis nega¬
207 380 705 410 ret mihi, equi & asini conceptum prius in¬
204 412 706 442 tellectui innotescere conceptu generis in¬
207 441 703 483 nominati, in quo ista conueniuntsatio igi
207 470 704 506 tur, quod prius aliquid innotescat intellectui
202 508 711 538 non est, quia illud alio sit magis commune
202 534 706 572 absolute, sed requiritur quod sit magis sensa,
207 571 704 603 tum: quia intellectus noster in intelligendo
198 597 716 640 dependet a sensu. si igitur quandoque contigerit
202 629 707 666 nus comniune esse magis sensatum ma¬
202 659 710 700 gis communi, non video quo ad actualem
200 693 706 734 cognitionem, quidquid sit de habituali, quin
203 724 712 763 minus commune in hoc casu prius intelligatur
207 751 709 786 ab intellectu quae magis commune. Et ista est
202 788 707 819 sententia Philosophi sine dubio. Vnde in. &
205 817 708 850 topico. cap. 4. dicit quod corpus est magis no¬
201 849 709 882 tum quo ad nos, quam superficies, et super¬
204 881 705 918 ficies magis qui linea, quia magis sub sensu ca
205 912 707 947 dunt. secus autem est quo ad naturam. Et, si Sub
198 948 702 981 tilis doctor habuerit istum sensum, sicut prae
211 978 705 1011 tendunt verba eius, credo opinionem illa
205 1004 713 1042 veram esse. Nec Sancto doctori repugnabit
207 1035 708 1077 quantum ad hoc. Nam ipse dicit quod conce¬
208 1067 709 1099 ptus speciei, cuius singulare fortius mouet
200 1107 704 1138 sensum, est primo cognitus ab intellectu. sed
203 1131 704 1162 Moderni sequaces volunt sustinere istam viam
208 1162 711 1194 niversaler sicut sequaces sancti Thomae vniversaliter volunt
206 1193 715 1226 tenere quod magis vniversalia sunt notiora. Sed nos
205 1229 713 1260 mediando inter istas duas vias dicimus quod
202 1257 709 1295 quandoque vniversalia sunt notiora minus vniversalibus, & hoc
206 1292 707 1329 quando eis fuerint magis sensata. & quandoque contin
200 1325 713 1359 git oppositum, videlicet quod minus viversalia sunt
206 1353 703 1392 primo cognita: & hoc, quando illa fuerint magis
199 1388 711 1424 sensata magis vniversalibus. Sed propter quid est,
202 1416 710 1453 quod communiter dicitur magis vniversalia notiora
205 1453 705 1488 esse minus vniversalbus? Dico quod, quia in pluribus
205 1476 707 1521 contingit accidentia singularium ipsorum
201 1509 707 1546 magis vniversalium esse magis sensata accidenti¬
202 1539 710 1582 bus singulatium minus vniversalium, & quia de¬
202 1571 706 1605 nominatio fit a superabundanti, ideo hoc
211 1612 713 1639 contingit, tamen illud non est vniversaliter verum, sicut
209 1634 715 1675 quidam proterui sustinere volunt. sciant isti
198 1666 705 1707 propositiones naturales non semper verifi¬
205 1705 707 1738 cari vniversaliter sufficit quandoque eas verificari, vt in plu
206 1733 713 1762 ribus. eorum enim quae natura fiunt, quaedam sunt
201 1765 707 1794 semper, & quaedam frequenter. Radixigitur
203 1793 706 1827 istius veritatis fuitsensus, sicut vidisti. & hoc
202 1829 706 1858 etat quod Com. in hoc prologo plerunque
196 1859 713 1890 ad hanc radicem aspiciens dicebat, quod ratio
198 1888 702 1930 propter quam vniversaliter quod est quoddam totum
731 162 1241 201 notius est apud intellectum, est quia parti¬
734 195 1235 226 culare, quod est quoddam totum, est notius
734 229 1247 258 apud sensum Ad quaestionem ergo quaeren
739 252 1248 287 tem, vtrum magis vniversale notius sit minus vniversali
736 292 1245 316 cognitione confusa & actuali, non est sim¬
739 313 1245 354 pliciter respondendum, quia quaestio mul¬
742 349 1245 380 tiplex est sed debemus distinguere. Quia,
739 381 1242 411 aut comparatur magis vniversaliter ad minus vniversaliter, vt
740 406 1246 441 est quoddam totum, & minus vniversalite est pars
737 438 1247 475 magis vniversalis, aut comparatio taliun est con¬
739 471 1240 506 uersomodo: ita, scilicet quod magis vniversale consyderetur
743 501 1241 542 vt est pars minus vniversalis: quod accidit vniversaliter, quandom
741 533 1241 566 minus vniversaliter consyderatur, vt est definitum quod¬
736 566 1242 597 dam, & confusum, & totius rationem ha¬
741 597 1241 634 bens: & minus vniversalit, vt est definiens, & est pars
741 626 1249 666 definitionis eius. Si primo modo fiat com¬
750 667 1248 698 aratio distinguendum est adhuc. nam aut
746 690 1243 732 singulare magis vniversalis est magis sensatum, quae
742 721 1240 755 singulare miuus vniversalis, aut econtra. si primum,
738 752 1248 793 sic magis vniversaliter est notius prius intellectui, quae
738 785 1242 818 minus vniversalier si detur autem oppositum, dico¬
741 818 1245 850 tunc quod minus vniversalier est notius magis vniversali. Si au¬
736 849 1243 883 rem comparatio fuit inter magis vniversaliter, & mi
738 880 1242 914 nus vniversalit, vt vnum est definiens. & aliud defi¬
738 909 1244 946 nitum. dico quod in prima cognitione actuali
740 942 1248 978 & confusa prius occurrit intellectui minus
743 972 1245 1011 viversaler quod est quoddam totum, quae magis vniversaliter
744 1012 1243 1044 quod est pars eius, vt sic. Et ratio istius est.
741 1038 1245 1077 quia particulare, quid est quoddam totum prius, in¬
745 1068 1252 1098 notescit sensui quae suae partes. vnde, si quis in
736 1101 1243 1138 grediatur in aliquam domum, prius occur
738 1133 1243 1173 rit sibi tota compositio, quae partes eius. sic no
741 1159 1249 1194 mina specierum definitarum, quae confun¬
740 1197 1245 1232 dunt in se partes, ex quibus componuntur,
738 1223 1244 1258 notiora sunt nominibus partium definien¬
742 1256 1252 1290 tium. Et hoc voluit Arist. i. phy. tex. com. s. &
740 1287 1250 1322 Themistius ibi in commento. & hoc sentit
743 1324 1245 1354 etiam Sanctus doctor in prima parte sum¬
741 1355 1250 1387 mae, quaest. Ss. arti. 3. & in expositione istius
743 1383 1245 1421 prologi. vbi ipse soluit contradictionem Phi¬
743 1415 1242 1450 losophi in tex. 3. &. 4. ex vna parte, & in tex¬
749 1444 1239 1489 ex alia parte. sicut igitur sensus prius fer¬
738 1477 1246 1509 tur in totum, quae in partes, & prius in confu¬
741 1508 1246 1546 sam cognitionem, quae in distinctam, sic pri¬
738 1542 1240 1573 mae cognitionis naturalis nostri intellectus
742 1574 1245 1610 ordo est, vt prius in nomen definiti se transfe
737 1606 1247 1635 rat, quae in nomina definientium, & prius co¬
744 1636 1251 1676 gnitionem quid nominis, quae confusa est,
739 1673 1241 1707 attingit, quae attingat definitionem quid rei,
739 1696 1243 1739 quae distincta est Recte igitur diximus, quod
741 1728 1244 1762 radix ducens nos ad veritatem istius quae¬
739 1761 1245 1794 stionis, sensus est. & ista radix communicat
738 1794 1244 1835 cum illa alia, quae est quod ratio cognoscendi
738 1826 1242 1858 est ab actu. & ideo res magis sensatae magis
734 1860 1244 1890 & prius innotescunt intellectui, quia tales
738 1886 1239 1923 magis sunt in actu ad mouendum intellle¬
