1416 2066
187 173 679 232 semper. quoniam priuationes isto¬
207 217 687 273 rum, cum sunt consyderatae in sub¬
203 260 680 306 iecto propinquo eis, sunt termina
205 300 686 340 ta per tpeos. Et quasi intendebat noti
203 335 691 378 ficare quod iste modus entium est ille,
199 373 689 418 cuius esse, & non esse mensurat ten¬
202 414 687 466 pus, non ille cuius esse, & non esse est
205 453 679 498 semper. Et, quia a generabilia, & cor¬
204 500 686 538 ruptibilia mensurantur a tempore
202 531 676 587 duabus de causis, quarum vna est
209 571 685 624 quia sunt mota, aut mobilia, se¬
200 612 686 666 cunda autem est, quia tpmens excedit illa
203 652 687 703 in vtraque parte, & iam dedit causam
202 694 688 742 primam in hoc, & modo induxit se
204 730 691 778 cundam, & dixit est enim tempus, &c.
198 768 685 822 i. &, esse generabilium, & non esse
206 810 685 862 determinantur a tempore, quia exce¬
202 846 688 892 dit esse eorum & esse subiectorum,
202 886 691 935 quae innata sunt, vt in eis inuenian
206 926 685 970 tur ista. quoniam per hoc, quod excedit
201 964 686 1015 esse subiectorum, excedit tempora
206 1009 685 1057 priuationis eorum. quoniam tempora pri¬
203 1045 693 1095 uationum rerum terminantur per tem
203 1085 689 1136 pora subiectorum suorum oropinquo¬
197 1115 691 1175 rum, in quibus est possibilitas essen
202 1164 682 1216 di illarum rerum. v. g quoniam priuatio
208 1200 687 1251 Boc. secundum quod praecedit suum esse, ter¬
201 1247 687 1293 minatur per tempus, quando accipitur in
196 1273 676 1332 respectu subiecti propinqui ei. v. g
202 1317 684 1373 ex quo sperma adiuiigebatur cum
203 1356 679 1412 sanguine menstruo. cum autem pri
204 1396 687 1450 uatio eius accipitur in respectu possi
202 1438 680 1482 bilitatis eius in prima materia, in
202 1484 689 1522 uenietur infinita in praeterito. & si¬
203 1517 689 1569 militer priuatio eius, quando priuatur res
199 1557 685 1607 in praeterito, est infinita in futuro,
198 1595 682 1646 secundum hoc igitur, si dicatur in istis quod
202 1637 683 1674 tempus terminat priuationem eo¬
199 1672 695 1714 rum, erit secundum vnum modum. ista enim
198 1710 686 1764 sicut iam diximus, non est possibi¬
200 1754 689 1802 le vt tempus mensuret suum non
203 1789 687 1834 esse, nisi in respectu subiecti termi¬
196 1829 685 1882 nan. & haec est priuatio, quae praece¬
198 1869 688 1923 dit esse, scilicet cum quo communiungitur pos¬
714 173 1222 226 sibilitas esseitiae. priuatio vero, quae
724 221 1210 272 est post esse, cum non coniungitur,
723 255 1205 306 cum ea possibilitas essendi secundos
718 297 1206 338 & hoc non est nisi in rebus recipro
722 338 1206 378 catis: non mensuratur per tempus
727 378 1205 430 pmnino. illud autem, per quid men¬
718 415 1210 458 suratur esse alicuius secundo, & sunt
724 455 1200 498 illa, quae reciprocaut temposs sua¬
720 502 1211 538 rum priuationum, sunt terminata
726 541 1207 588 per tempus: vt quando aqua oeneratur,
719 564 1209 626 ex aere, & aer ex aqua. & substantiam
716 616 1211 667 rerum generabilium, & corruptibi
720 652 1209 705 lium scilicet propinquam, innuit, cum di
718 692 1215 744 xit: & quantitatem substantiarum,
719 733 1209 782 in quibus sunt, quoniam priuationes re¬
720 770 1207 810 rum terminatarum sunt in substan¬
714 811 1195 851 tiis, in quibus inueniuntur res. Et
718 853 1202 901 cum declarauit quod tempus non men
716 885 1207 939 surat illa, quorum priuatio est semper,
720 925 1208 979 quia non mensurat priuationem ali¬
718 964 1204 1010 cuius, nisi in respectu sui esse, & ista
723 1005 1211 1057 nunquam habebunt esse, ideo tempus
719 1052 1207 1090 non mensurat non esse eorum, cum
716 1084 1210 1135 hoc, quod tempus etiam non excedit non
725 1123 1211 1176 esse eorum. & declarauit cum hoc
726 1164 1212 1209 quod tempus mensurat entia, secundum quod sunt,
717 1202 1205 1250 mobilia motu nouo, & corruptibi¬
721 1237 1209 1292 ui, incoepit etiam inducere seundum modum pri
714 1280 1213 1332 uatorum, & sunt illa, quae possunt
723 1318 1211 1362 mensurari a tempore, & dixit: Nom
721 1359 1207 1407 ens vero, &c. I. modus vero non entis,
716 1399 1212 1452 in quo dicimus quod tempus mensurat
716 1436 1202 1483 suam priuationem, necesse est ipsum
714 1480 1207 1523 esse, aut in praeterito, vt Homerus,
718 1518 1207 1562 aut in futuro, vt eclipsis, et alia futu
719 1564 1208 1609 ra. & est necesse in priuatis, quae ter¬
719 1605 1208 1647 minantur a tempore, vt sint in praete
719 1637 1209 1688 rito, aut suturo, quia priuatio non
724 1674 1205 1726 imaginatur, nisi in respectu eius, cu
723 1714 1203 1756 ius est priuatio. & ideo, cum etiam ter¬
719 1752 1207 1803 minatur a tempore, erit per respe¬
718 1789 1204 1834 ctum eius ad tepus essentiae illius re
720 1831 1212 1881 priuatae. & ideo sequitur, vt omne, cu
720 1869 1216 1914 ius non esse est terminatum, vt sit aut
