1416 2066
218 187 722 226 terminatum est finitum: ergo omne
236 228 727 267 tempus est finitum. & cum vnaquaeque
234 265 727 311 partium temporis est finita, quaeredum
240 303 731 356 est vtrum illud, quod est congregatum
234 340 729 394 ex partibus finitis est finitum, aut in¬
238 381 729 432 finitum. existimatur igitur, quod compositum
236 428 728 472 ex partibus finitis est finitum. & ideo
239 459 725 514 dicit post: Vtrum igitur, &c. i. vtrum
228 496 730 552 ligitur tpers, &c. &, si omne tempus, quod ac
231 540 727 579 cipitur pars tperis totalis, est finitum, quae¬
226 576 735 619 rendum est, vtrum dispositio in vni
235 613 728 671 uerso tempore est sicut dispositio i
230 654 729 704 partibus scilicet vtrum vniuersum tempus est
235 693 731 747 finitum, quemadmodum quaelibet pers
239 732 732 787 eius est finita: &, si omne tempus est fi
224 772 730 810 nitum, deficit suum esse, & non conti
226 820 733 850 nuatur. & hoc intendebat, cum dixit:
240 854 725 890 vtrum tmens deficiet, aut non, i. an defi¬
234 885 725 944 ciat esse secundum genus. D.d. Amplius vtrum
234 927 727 972 est idem, &c. i. &, si non deficiat esse
233 966 721 1019 vtrum est hoc, propter quod temper
237 1006 731 1051 sit vnum post illud, ita, quod infinitas
232 1052 735 1091 temporis sit propter generationem. &
231 1087 733 1135 corruptionem perpetuam in parti¬
234 1125 735 1174 bus, sicut est dispositio in motibus
238 1172 731 1204 consequentibus, & indiuiduis genera
235 1201 733 1245 bilibus, aut est idem, sed iteratur in¬
236 1243 728 1294 finities, secundum quod corpus sphaericum moue
237 1286 727 1329 tur circulariter. Sed voluit exprime
232 1316 731 1372 re, quod impossibile est tempus deficere,
218 1354 729 1407 licet post dicat hoc, quoniam hoc manife
234 1397 727 1445 stum est per se. quod enim deficit,
234 1436 726 1482 deficit in aliquo tempore: &, si tempus
238 1474 722 1514 deficiet tunc, erit tempus aliud a tem
240 1508 733 1561 pore deficiente. & ideo nullus potest
243 1548 737 1604 auferre tempus, absque eo, quin ponat
233 1590 737 1640 aliquod tempus: immo qui aufert
237 1628 727 1679 tempus, ponet ipsum necessario. &,
244 1669 716 1719 cum impossibile est auferre tempus
244 1717 733 1746 emanet perscrutari vtrum tempus
236 1743 728 1787 acquirat aeternitatem ex successio¬
239 1789 728 1839 ne, aut ex reciprocatione. &, quia tem
232 1822 732 1877 pus sequitur motum, dixit: si igitur,
237 1860 732 1922 motus, &c. i. si igitur fuerit possibile
758 181 1266 227 inuenire aliquem motum vnum cir¬
766 220 1255 272 cularem, qui sit causa in omnibus
763 261 1257 298 motibus, tunc erit idem in omnibus mo¬
763 301 1257 338 tibus tamens circulare etiam. &, si fuerit
761 339 1258 378 impossibile inuenire aliquem motum
758 374 1253 424 perpetuum, sed comsequens successiuum,
758 418 1254 463 tpera erunt successiua: & erit impossi¬
767 452 1263 504 bile inueniri idem tempus reciprocatum,
763 492 1181 531 sed succedens, & successiuum.
811 532 1266 578 Quoniam autem ipsum nunc, fi
762 573 1263 625 nis, & principium temporis est, sed
765 614 1253 667 non eiusdem, sed praeteriti quidem fi¬
762 661 1254 714 nis, principium autem futuri, vt ha
760 700 1262 746 bebit circulus in eodem quodam
764 741 1254 794 modo curuum, & concauum, sic &
759 791 1253 834 tempus sem7 in principio erit, &
765 828 1255 869 fine. & ob hoc videtur semper¬
758 868 1254 922 alterum. non enim eiusdem principium,
757 907 1259 954 & finis ipsum nunc. simul enim.
763 950 1259 1002 & secundum idem opposita essent. &
762 997 1249 1051 non deficiet itaque tempus, sem¬
760 1036 1165 1090 per enim in principio est.
812 1079 1248 1143 Et, quia instas est principium,
758 1125 1262 1192 & finis temporis, sed non eiusdem
760 1180 1257 1236 temporis, sed est finis praeteriti te¬
761 1228 1259 1282 poris, & principium temporis su¬.
763 1269 1257 1323 turi, idec dispositio eius est sicut di¬
766 1323 1245 1385 spositio circuli. quemadmodum igi
762 1373 1257 1435 tur in circulo gibbositas, & conca
758 1421 1244 1482 uitas sunt in eodem quodam modo.
758 1469 1256 1531 similiter tempus etiam est semper
758 1517 1256 1579 in principio, & fine. & ideo exi¬
760 1564 1259 1626 stimatur semper esse vnum post
764 1612 1263 1679 aliud, quoniam instas non est prin¬
759 1660 1251 1722 cipium, et finis eiusdem temporis.
756 1713 1258 1771 quoniam, si ita esset, tunc duo con¬
758 1765 1260 1819 traria essent in eodem insimul. er¬
759 1811 1262 1874 go non deficit, quoniam semper est
763 1868 942 1922 in principio.
