1416 2066
155 178 664 233 in loco, quantum est illud corpus, vbi
162 220 651 263 innatum est transferri naturaliter,
163 258 653 306 si igitur terra transferetur ad inferius,
172 302 656 352 si ignis, ad superius, si aer, aut aqua,
164 341 656 390 ad vtramque partem, quoniam, cum aqua fuerit
162 377 663 418 in locoterrae, tunc tiansferetur ad
168 417 648 458 superius, &, cum in loco aeris, ad in
170 456 658 506 fenus: & aer, quando est in loco aquae ad
166 494 664 547 superius exit, & quando in loco ignis ad
164 532 661 570 anferius. & hoc intendebat, cum di¬
164 571 651 618 xit, ad vtranque partem, i. &, si corpus
162 610 661 662 in quo subilciatur cubicum, fuerit
172 653 655 699 aer, aut aqua, & vniuersaliter corpus,
168 687 665 730 in quo congregantur haec duo scilicet gra
173 727 665 771 uitas, & leuitas. Et, cum declarauit
170 768 663 816 quod omne corpus, in quo possibilis. est
166 800 658 850 motus, possibile est vt in eo subilcia
172 852 661 890 tur aliquod corpus, v.g. cubicum, aut
173 881 661 923 ita, quod illud corpus condensetur, quam
170 921 663 962 tum est corpus. cubicum, aut vt trans
175 957 664 1012 feratur, incoepit declarare quod, sicut con
168 1000 667 1042 tingit hoc in omni corpore habente
170 1043 663 1090 aranslationem, scilicet vt corpus, in quo
168 1077 659 1126 subilcitur, moueatur, ita sequitur in
178 1117 658 1163 corpore, quod subilcitur, cuiuscumque
172 1153 662 1195 modi sit. & dixit: & quomodofuerit cor¬
172 1192 659 1241 pus, quod ponitur in eo. Et, cum de¬
171 1229 667 1274 clarauit hanc propositionem, dicentem
171 1269 663 1323 quod omne corpus, quod subilcitur in
171 1316 651 1360 aliquo loco, facit trans ferri de cor¬
171 1348 654 1398 pore existente in illo loco, quantum
170 1397 659 1438 est eius corpus, aut secundum condensatio
172 1437 662 1479 nem, aut secundum translsationem, incoepit
169 1466 659 1506 declarare hoc esse impossibile in va
170 1507 663 1554 cuo, secundum quod est corpus simplex scilicet quoniam
172 1542 652 1595 impossibile est vt transferatur, quia
169 1581 653 1627 est tres dimensiones separatae, & di¬
173 1627 653 1666 xit: In vacuo vero, &c. i. vacuum vero
172 1662 659 1706 impossibile est vt condensetur, aut
170 1709 651 1751 moueatur, quia non est corpus na
170 1741 653 1793 turale. & ideo, si cubicum, v. g. subil¬
168 1785 648 1818 ciatur in eo, necesse est vt transferamn
173 1821 653 1866 tur dimensiones vacu scilicet longitudo,
172 1860 655 1914 & latitudo, & profunditas aequales
694 165 1205 217 dimensionibus tribus cubit, scilicet neces¬
691 220 1197 269 se est vt penetrent in dimensionibus
688 261 1196 303 ipsius cubiti. D.d. sed penetrabit ex
690 300 1191 339 eo oubitum, i. sed penetrabir ex va¬
693 337 1190 378 cuo in cubico posito in illo dimensio
697 377 1195 431 gqualis dimensioni eius scilicet quod dimen
694 416 1188 458 siones cubici penetrabunt, dimensio
692 454 1193 493 nes vacui. D.dixit & illa dimensio
693 492 1189 544 fuit per vacuum. & ista dimensio, quae
695 533 1195 583 penetrat etiam cubicum, non est nisi
690 573 1198 624 per vacui naturam, cum vacuum nihil
686 608 1188 658 aliud sit quae dimensiones separatae.
691 647 1191 690 D.d. & sic esset di spositio, &c. i. & si¬
693 689 1193 743 militer contingit in aqua, & in aere,
687 725 1190 771 quando in eis subilceretur corpus cubicum scilicet
690 772 1193 817 quod, si non cederent in loco, continge
692 805 1197 854 ret duo corpora penetrari, scilicet corpus
691 852 1185 891 cubicum, & corpus aquae, aut aeris,
692 883 1185 922 & hoc intendebat, cum dixit: & pene¬
694 922 1191 973 trarentin ipsum, scilicet & contin¬
690 966 1200 1012 geret in aere, aut aqua, quod penetrarent
686 997 1198 1042 in cubicum. Et, quia possibile est
691 1042 1197 1088 existimari quod corpus subiici in eodem
693 1077 1190 1130 loco est impossibile in corporibus na
696 1117 1197 1166 turalibus, hintibus grauinatem, & le
691 1156 1197 1195 mtatem, non secundum quod habent tres dimemn
695 1194 1193 1234 siones tamteu, dixit: Sed cubicum etiam
692 1230 1199 1283 habet, &c. i. & hoc, quod cubicum debet
696 1271 1182 1321 nabere in vacuo dimensionem aequa
699 1315 1183 1354 em, quam occupet, i. inane aequale,
690 1357 1183 1400 quod occupet, ita, quod dimensiones pe¬
694 1388 1180 1426 netrent se. adinuicem, scilicet dimen¬
693 1426 1185 1471 siones cubici in dimensiones vacui,
692 1462 1184 1519 non est, secundum quod est cubicum calidum,
686 1503 1180 1558 aut frigidum, aut graue, aut leue,
693 1544 1179 1586 sed hoc habet ex sua essentia, scilicet
692 1582 1185 1626 ex sua natura. essentia enim eius est
686 1620 1169 1667 alia a suis accidentibus. & hoc im
688 1664 1177 1714 possibile est vt separentur ab eo in
684 1700 1174 1753 esse, sed imaginatione tamenu. a Et dixi¬
687 1741 1185 1792 hoc ad declarandum, quod impossibili
685 1781 1172 1831 tas penetrationis corporum accidit
691 1823 1168 1858 eis ex suis terminis mathematicis
687 1861 1171 1905 non ex suis accidentibus sensibilibus.
