1416 2066
188 181 699 226 S& si sit, qumodo est. Et forte in hoc ser¬
208 215 695 264 mone est ordo prposterus, ita, quod lega
204 268 700 298 tur sic. & oportet primo perscrutari
206 296 696 346 de vacuo, vtrum sit, aut non, & si sit,
211 334 695 381 quid sit, & quale sit. D.d. Dicentes
212 373 687 421 enim vacuum, &6. hic dat causam, pr
214 414 702 464 quam oportet Naturalem consyde
201 460 693 490 rare de vacuo. & est, quoniam dicentes va
204 487 690 538 cuum esse, credunt ipsum esse, sicul
206 527 698 569 locus, & vas: &, cum aliquid corpus est
202 565 696 609 in eo, est plenum: &, cum caret illo cor¬
204 605 693 657 pore, est vacuum, ita, quod contingit istis,
206 644 696 690 vt locus, & plenum, & vacuum sint
204 685 691 722 idem secundum subiectum, & diuersa secundum de
202 725 695 770 finitionem scilicet quod, cu nihil fuerit in eo,
202 772 698 810 dicatur vacuum, & econtrario. hae enim duae
198 805 687 856 dispositioes sunt oppositae, &, si fue
198 839 692 890 rit consyderatum in respectu eius,
204 885 690 934 quod subilcitur in eo, dicetur locus. cum
213 921 694 971 gitur dixit idem, intendit secundum sub¬
205 958 698 1002 lectum. D.d. sed esse eorum non est
213 998 693 1042 dem, id est secundum definitionem. vacuum
206 1037 690 1083 enim, & locus sunt idem secundum
202 1077 688 1123 subiectum, & duo secundum defi¬
204 1125 361 1162 nitionem.
247 1189 690 1242 Incipere autem oportet con¬
203 1229 700 1281 syderationem capientes, & ea, quae
208 1277 695 1326 dicunt, affirmantes esse, & rur¬
204 1317 695 1362 sus quae dicunt non affirmantes
202 1357 693 1402 esse, et tertio communes opiniones de
188 1400 697 1450 ipsis. Alii igitur monstrare ten¬
202 1445 699 1490 tantes quod non est, non quid homines
209 1490 687 1538 volunt dicere vacuum, hoc re¬
198 1532 689 1582 darguunt, sed peccantes dicunt,
210 1578 698 1619 vt Anaxagoras, et qui hoc modo
202 1614 693 1673 redarguunt. demonstrant enim quod
203 1656 692 1710 aliquid est aer stricte ligantes
207 1696 694 1748 vtres, demonstrantesque quod fortis
205 1740 692 1795 est aer, ac accipientes in Clepsy
203 1786 699 1826 dris. Alii autem homines vo¬
198 1829 695 1874 lunt vacuum esse spatium, in quo
195 1869 661 1921 nullum est corpus sensibile.
770 180 1250 243 Et oportet nos ponere principsum. L
723 229 1222 290 consyderationis, et narremus quid
723 276 1207 339 dicunt in hoc opinantes ipsum ess
727 325 1223 386 et quid dicunt et opinantes ipsum
722 373 1213 434 non esse, & etam res cognitas in eo.
725 421 1217 491 Dicamus igitur quod illi, qui ni¬
724 468 1213 533 tuntur probare ipsum non esse, non
725 517 1219 578 contradicunt ei, quod homines in¬
720 564 1220 627 tendunt per hoc nomen vacuu, sed
721 613 1213 675 ei, quod ipsi intendunt per hoc no¬
723 661 1219 724 men peccado, vt Anaxa. qui iuit
727 709 1213 761 sua via in contradictione: probat
722 756 1214 822 n aere esse aliquid per copressione,
728 804 1207 872 vtris instati, & vident per hoc,
722 856 1223 918 quod aer habet virtutem, & per
724 907 1205 954 inglusionem eius in instrumentis
730 956 1227 1019 quae dicuntur Cantaplorae. Hoies
737 1005 1217 1058 vero intendunt, cum dicunt va¬
723 1053 1219 1115 cuum, dimensionem, in qua no est
722 1100 1088 1162 corpus sensibile omnino,
762 1164 1213 1218 Quia principium persciutationis
728 1205 1208 1257 Naturalis est praeponere sermones
724 1245 1211 1290 dialecticos sermonibus demtratiuis,
726 1285 1215 1322 & sermones eorum, qui ponunt va
722 1324 1210 1362 cuum, & qui destruunt ipsum sunt
726 1362 1210 1402 tales, & maxime sermones eorum,
735 1400 1221 1450 qui ponunt ipsum, dixit: Et oportet
724 1443 1209 1493 nos ponere, &c. i. & ponamus primo
730 1475 1218 1528 perscrutationem de suo esse per pri
727 1525 1215 1571 ma cognita, quae naturaliter habe¬
726 1556 1217 1610 mus in ipso. Deinde incoepit dicere
728 1596 1213 1650 rationes eorum, qui negant ipsum esse
729 1637 1223 1687 & accusat eos, quia non contradi¬
732 1685 1219 1730 xerunt es scilicet quod significat hoc nomen
735 1714 1225 1754 vacuum, ita quod contradictio eo¬
728 1751 1218 1794 rum esset contradictio vniversalis, sed con
732 1789 1225 1843 tradixerunt contradictione particu
735 1828 1227 1874 ar, scilicet quod quidam eorum existima¬
729 1869 1227 1914 uerunt vacuum esse, & est aer inui¬
