1416 2066
188 180 694 235 tionum scilicet in a demonstratione sim
188 223 693 269 psialier, & demtratione quia, & demon¬
206 261 705 306 stratione perper quid. Et non est ita. hoc
200 301 694 339 enim non est impossibile, nisi in demetra
202 341 706 386 tione simpieritu, & demtratione perper quid.
200 376 704 419 in demonstratione autem quia, non est
200 418 694 455 impossibile: sicut fecit Arist. in demon¬
204 452 694 501 stratione primae materiae, & primi
199 498 698 531 motoris in hoc libro: quae, si fuerit de
204 527 697 570 accidentibus propriis entis, erit de¬
200 572 702 611 mostratio Naturalis: &, si fuerit de
201 605 695 656 accidentibus propriis entis simpeiecitur.
202 645 701 695 erit demonstratio Metaphysica. &
206 683 701 734 videtuer quod prima b Materia non potest
203 725 700 762 declarari esse proprie nisi per signum
203 760 700 812 naturale: primus autem Motor impos¬
211 798 703 842 sibile est vt declaretur esse nisi per signum
202 837 695 889 naturale. Via autem, qua, processit Auic,
207 882 705 923 in probando primum principium, est
211 914 693 953 via loquentium: & sermo eius sem
215 958 694 994 inuenitur quasi medius inter Peri¬
206 997 702 1034 pateticos, & Loquentes. Cum autem
206 1036 702 1066 causae subiecti artis habueriut cau¬
202 1068 694 1106 sas priores, tunc demonstratio illa¬
205 1109 699 1155 rum causarum erit per demonstratio
204 1141 700 1187 nem simpiericitur in arte continente illam
206 1188 703 1227 artem: & erit etiam per signa in illa
200 1229 691 1269 arte: & hoc totum erit, quando cau
197 1261 563 1298 sae subiecti artis latuerint.
238 1325 696 1365 Insuper eiusdem est id cuius
198 1365 704 1418 gratia, & finem, & quaecunque
207 1409 705 1450 sunt horum gratia. natura autem
205 1447 695 1490 finis est, & id, cuius causa, quo¬
200 1487 694 1530 rum enim continuo motu existente,
208 1533 697 1587 est aliquis finis ipsius motus, hic
214 1572 692 1626 vltimum est, & id, cuius cam. quo
205 1612 695 1658 circa & Poeta derisorie adductus
202 1653 693 1707 est vt diceret. Habet finem, cuius
210 1701 696 1746 quidem causa factus est. vult enim
208 1740 704 1791 non omne vltimum esse finem, sa optimum.
254 1780 694 1844 Et etiam illud, propter quod est
202 1829 699 1890 illud, quod est, & finis intenta, et
731 179 1240 243 quod est causa istius, est vnius sciem
722 245 1228 290 tiae. natura autem est finis, & pro
732 284 1238 339 pter quid est quod est. quod enim
725 325 1239 370 de rebus habentibus motum conti
722 372 1232 435 nuum habet aliquem finem, ille si
724 419 1231 482 nis est vltimum eius & propter.
735 468 1229 531 quod est. & ideo sermo versifica¬
731 517 1233 575 toris, cum dixit ipsum ire ad mor¬
733 565 1235 626 tem, & est illud, propter quod fuit
731 610 1235 658 est derisibilis. non enim oe vltimu est
737 661 1132 707 finis, sed vltimum nobilius.
764 716 1222 762 Haec est alia roiocinatio, qua decla
729 758 1216 803 rat quod Naturalis consyderat de na
732 797 1234 842 tura, quae est forma, & de materia in
727 837 1235 886 simul. & compositio istius sermonis
728 884 1232 914 est ex duabus propositionibus, qua
722 916 1233 962 rum vna est, quod omne, perper quid est aliquid
733 950 1231 994 cum illo, est vnius seniae: secunda au¬
728 990 1227 1035 tem quod natura, quae est forma, est illud,
732 1028 1224 1079 perper quod sunt aliae res, quae sunt sub
724 1069 1224 1114 recta illi: & concludit ex hoc quod sci¬
728 1106 1228 1146 re naturam, & res subiectas naturae
731 1141 1233 1183 est vnius scientiae: sed tacuit conclu¬
727 1181 1231 1225 sionem, quia est manifesta. D.d, quod
727 1225 1223 1270 enim de rebus, &c, haec est proposi¬
728 1266 1226 1312 tio maior alterius syllogismi, quo de
724 1296 1216 1339 clarat maiorem propositionem, di
730 1341 1230 1378 centem quod natura est finis. & compo
726 1374 1229 1418 nitur sic. Natura est illud, apud quod
728 1420 1233 1458 cessant motus rerum generatarum,
733 1454 1225 1488 & vltimum suorum motuum con¬
734 1489 1222 1530 inuorum: & omne ex rebus haben
731 1527 1229 1570 tibus motum continuum, & haben
731 1565 1221 1602 tibus finem, finis est vltimum illius
730 1612 1222 1656 motus: ergo natura est finis in gene
732 1652 1218 1683 ratione. Sed est ex duabus affirmat
728 1685 1221 1735 uis in secunda figura. & Aristo. vtit
724 1719 1224 1772 hoc, quando maior propositio conuertitu
728 1759 1222 1800 vniversaler & quando hoc est manifestum per se:
734 1798 1222 1850 quoniam tunc compositio erit quasi in pri
730 1837 1224 1884 ma figura. Et ideo notificauit quando
