1416 2066
186 181 688 233 difficile, quia nihil inuenimus in ip
196 225 688 265 so dictum a praecedentibus, neque
190 263 689 307 aliquid, quod faciat dubitare in eius
191 302 685 354 esse, neque aliquid inuentum de co¬
189 343 548 395 gnitione substantiae eius.
254 381 692 441 Quod igitur locus sit, videtur
197 424 681 466 manifestum esse ex translatione,
198 468 688 519 vbi nanque nunc est aqua. hino
199 509 688 562 egressa tanquam ex vase, iterum
190 550 686 594 aer inest: aliquando autem eun¬
194 595 689 642 dem locum hunc aliud aliquod
201 633 687 674 corporum obtinet. hoc autem
194 677 685 722 ab ijs, quae insunt, & transferum
197 717 693 762 tur, omnibus alterum esse vide
186 759 695 811 tur. in quo enim aer nunc est,
201 813 695 851 aqua in hoc prius erat. quare ma
199 845 692 890 nifestum est quod locus, & regio ali¬
201 884 697 935 quid erat diuersum ab vtrif¬
198 931 691 986 que, ad quam, & ex qua trans¬
194 972 389 1011 ferebantur.
243 1009 689 1074 Et existimatur quod manife¬
200 1058 688 1123 stum est locum esse aliquid ex mu
195 1108 690 1154 tatione, & translatione. vbi enim
197 1157 692 1218 nunc est aqua, illic, quando exit
201 1205 688 1267 aqua, est aer. v. gr. quando aqua
205 1252 686 1314 exit a vase, erit etiam ibi aer: &
202 1300 689 1352 forte secundum hunc modum eril
186 1348 698 1411 ibi aliquod corpus aliud, & existi
197 1397 695 1454 matur hoc esse aliud ab omnibus
199 1445 697 1507 rebus, quae sunt, & transferuntur
198 1498 693 1546 in ipsum. illud enim, in quo modo
199 1546 685 1607 est aer, prius erat in ipso aqua. de¬
195 1588 697 1658 claratum est igitur ex hoc locum
203 1644 696 1698 esse aliquid aliud a duobus scilicet illud
197 1689 620 1754 ad quod, & a quo succedunt.
240 1749 693 1802 Cum declarauit causam, propter
202 1796 689 1838 quam oportet Naturalem consyde
206 1830 694 1874 rare de loco, & declarauit causam
207 1869 699 1915 difficultatis, quae est in cognitione
722 180 1222 226 substantiae eius, incoepit numerare
724 223 1213 266 res famosas facientes locum esse, de
721 261 1209 307 inde post hoc numerauit res famo
723 302 1198 356 sas etiam, quae faciunt dubitare in esse eius
722 341 1218 386 vt est eius mos scilicet in pordinando ser¬
723 387 1217 437 mones logicos sermonibus demtra¬
725 421 1208 476 tiuis, quae hsisunt cum cognitione rei dis¬
720 452 1220 499 solutionem illorum sermonum contra
718 508 1211 551 riorum. Et dixit: Et existimatur quod
719 541 1219 589 manifestum est, &c. i. & apparet lo¬
717 577 1209 619 cum esse ex mutatione secundum translatio
723 616 1221 668 nem scilicet prmutationem corporum succo
718 657 1221 709 dentium in ipso. apparet enim quod il¬
725 695 1215 745 lud vbi est aqua, quando recedit ab eo,
725 731 1214 778 succedit illi in illo vbi aer, aut aliud
726 772 1214 825 corpus. vt accidit in vase, quod, cum ab
722 812 1225 851 eo exit aquae, succedit ei aer, aut aliud
724 853 1227 901 corpus. & hoc intendebat, cum dixit.
733 890 1223 939 vbi enim est modo aqua, &c. i. ap¬
720 928 1224 979 paret enim quod vbi inuenitur aqua, illic
723 968 1229 1027 quando exit aqua ab eo, sicut si exit a va
722 1004 1223 1051 se, inuenitur aer. D.d. & forte hoc modo
722 1046 1224 1091 erit illic aliquid corpus aliud, i. & for
730 1092 1220 1130 te secundum successionem veniet in hunc lo
727 1132 1224 1175 cum, in quo fuit aqua, aliquid corpus
720 1165 1223 1210 aliud ab aere. D.d. existimatur igitur,
731 1202 1221 1254 &c. i. scitur igitur ex successione, cu
722 1241 1221 1282 ius causa est translatio, quod locus est
722 1285 1222 1322 aliud a rebus succedentibus in ipm.
727 1322 1213 1370 manifestum est enim quod illud, in
722 1362 1213 1410 quo modo est aer, iam in eo erat prius
722 1400 1223 1448 aqua: & ipsum est fixum, & recipiens
723 1437 1219 1482 successionem istorum duorum cor¬
729 1477 1223 1532 porum: & haec duo corpora non sunt
729 1519 1221 1571 fixa, sed successiua: ergo est aliud ne¬
724 1557 1221 1598 cessario a corporibus accidentibus.
726 1595 1226 1648 & hoc quod dixit, cum hoc, quod est
728 1636 1223 1682 tamosum, est notum per se etiam.
723 1677 1217 1721 D.d. declaratum est igitur ex hoc,
723 1712 1219 1768 &c. i. declaratum est igitur ex hac com¬
724 1744 1219 1802 syderatione locum esse aliquid aliud
725 1792 1225 1834 ab illis duobus, quae succedunt sibi
727 1830 1225 1874 in illo, & est illud, ad quod transfe¬
726 1871 1182 1923 runtur, & in quo succedunt sibi.
