1416 2066
202 180 707 241 Et hoc declarabitur ex hoc, quod
213 228 701 291 nat cabo. quonia, si magnitudo co¬
215 276 709 337 ponatur ex indiuisibilibus, tuc mo
215 325 715 371 tus istius etiam erit compositus ex
210 365 703 426 motibus aequalibus idiuisibilibus.
217 417 707 477 v. g. quoniam, si magnitudo, scili¬
216 466 712 522 cet AEC, fuerit composita ex¬
214 508 699 569 partibus indiuisibilibus ABC
212 556 709 619 tuc motus per illa DHX, quo mo
216 605 709 665 uebitur &, per logitudinem AEC
214 648 713 707 quaelibet pars eius erit idiuisibilis.
767 172 1237 212 In horum, librorum figuris haec obser¬
739 212 1245 242 uabis. Quoties literas duplicatas, & proxi¬
739 239 1243 274 mas inueneris, prima quidem textui fide¬
746 272 1240 306 i, secunda vero Auerrois textui de seruiet.
740 303 1251 340 vt in hac subscripta figura Plitera, quae pri
738 339 1247 369 ma est, & &, quae secunda. Eodem pacto &
740 361 1239 394 si vnam alteri superpositam videbis, supe¬
741 396 1242 426 tior primo, inferior secundo aptabitur tex
741 429 1241 462 tui. vt figura. 13. textis Elitera, quae supe¬
745 458 1245 485 tior, & H,quae inferior. similiter, & EE, &
739 485 1241 522 2. Quae autem literae vnae tantum erunt,
736 513 1245 546 eae vtique, vnique textui accomodabuntur.
736 542 1238 583 Quod si quid peculiare pro aliqua figura
738 574 1208 610 fuerit, id ibi prope annotatum reperies.
228 1229 722 1275 Vult declarale quod, si magnitudo
226 1270 719 1321 componatur ex indiuisibili, necesse
227 1314 720 1346 est etiam vt motus componatur ex in¬
230 1344 715 1386 diuisibili, deinde, cum hoc declara
230 1383 718 1424 uerit, inducet impossibile sequens ex
227 1419 721 1467 hoc, quod motus sit compositus ex idi¬
232 1466 703 1498 uisibili: ex quo declarabitur quod nec
227 1496 723 1546 magnitudo etiam est composita ex¬i¬
236 1533 723 1570 dliuisibili. & haec est eius intentio. Et
232 1568 722 1621 manifestum est, quod si magnitudo fue¬
233 1607 725 1659 rit composita ex indiuisibili, quod mo¬
230 1644 723 1685 tus etiam erit compositus ex idiuisibi
226 1684 724 1723 li. quoniam cam continuationis motus est
230 1725 718 1770 continuatio magnitudinis: & quod mo
230 1758 727 1811 tus est aqualis magnitudini: & ptes
235 1796 724 1850 eius partibus istius. Et, quia hoc est ma
751 1229 1253 1274 nifestum per se, contentus est in hac
757 1272 1259 1314 declaratione solo exemplo, & posuit
752 1309 1259 1360 magnitudinem hanc ABc, compositam ex
757 1349 1245 1387 tribus magnitudinibus indiuisibilibus,
758 1382 1253 1421 ilicet ABC. &, cum ita fuerit, manife¬
750 1421 1255 1470 stum est quod motus per magnitudinem,
756 1467 1253 1509 ABCerit aequalis ei: similiter partes par
757 1500 1255 1546 tibus. ponatur igitur, sicut dixit, motum
757 1535 1257 1584 pHXper magnitudinem ABC: &
754 1574 1257 1611 manifestum quod totus motus pHA
754 1607 1253 1651 erit aequalis magnitudini ABC, &
758 1652 1259 1703 partes partibus: erunt igitur tres par
755 1685 1259 1725 tes motus HBA aequates tribus par
754 1725 1257 1762 tibus magnitudinibus ABC: & par
752 1765 1252 1810 tes ABCsunt indiuisibiles: eroo par¬
755 1787 1259 1834 tes tres pHae sunt indiuisibiles. &
