1416 2066
202 168 724 212 tamen est principium acquisitionis,
207 205 721 251 ivniversalis, quod est principium demonstra
217 240 719 283 tiuae. Et, cum declarauit quod commune est no
219 282 721 330 tius apud nos qua proprium, quemadmo¬
213 322 721 370 dum compositum est notius simpli
212 357 713 411 cibus suis, dedit testimonium super hoc
217 396 717 442 & dixit Et puer existimat, &c. i. si¬
210 436 719 491 gnum eius, quod commune est notius apud
217 476 721 528 nos, quai proprium, est, quia videmus com
214 525 717 570 prehensionem communem praecedere pro
218 552 716 606 priam comprehensionem, infans enim
211 599 719 634 in principio comprehensionis existi¬
214 636 714 684 mat omnem virum esse patrem, & omnen
209 676 709 722 mulierem esse matrem: &, cum vigo¬
215 709 717 758 ratur intellectus suus, cognoscit pa¬
218 740 718 787 trem inter caeteros viros, & matrem
210 788 717 840 inter caeteras mulieres. Iste igitur,
212 828 716 877 est prologus libri: & continet inten
213 866 717 906 tionem, & ordinem eius, & modum
215 901 582 946 doctrinae demonstratiuae.
288 989 653 1026 SVMMA SECVNBA.
219 1036 717 1074 Antiquorum opiniones de principiis natu¬
277 1069 659 1106 ralibus examinat, easque destruit.
251 1117 683 1170 De opinionibus antiquorum circa
331 1157 604 1210 principia. Cap. 1.
373 1205 714 1251 Ecesse est autem aut
383 1252 718 1302 vnum esse principium,
383 1290 709 1351 aut plura. Et, si vnum,
370 1333 707 1386 aut immobile, vt di¬
217 1375 713 1418 cunt Parmenides, ac Melissus,
217 1421 721 1470 aut mobile, vt Physici, hi quidem
221 1461 721 1510 aerem asserentes esse, alii vero
223 1508 715 1546 aquam primum principium. Si ve¬
217 1541 721 1586 rom plura, aut finita, aut infinita.
217 1587 723 1626 Et, si finita, plura autem vno, aut
218 1628 722 1682 duo, aut tria, aut quatuor, aut
218 1668 718 1714 secundum alium quempiam numerum.
212 1708 710 1762 Et, si infinita, aut sic vt Demo¬
214 1749 714 1802 critus, genere quidem vnum, fi¬
218 1795 715 1842 gura vero, vel specie differentia,
220 1836 541 1882 aut etiam contraria.
794 157 1266 222 Et oportet necessario vt princi¬
749 213 1263 270 pium sit vnum, aut plura vno. Si
757 258 1257 306 vnu, aut immobile, vt dicunt par
747 308 1258 362 menides, & Melissus, aut mobile,
754 357 1258 418 vt dicut Naturales: quidam enim
747 405 1258 467 dicunt quod primum principium est
748 453 1265 510 aer: quidam aut aqua. Si vero prin
744 501 1261 557 cupia fuerint plura vno, aut erunt
747 549 1259 611 finita, aut infinita. Si igitur fue¬
745 596 1253 643 rint plura vno, & finita, aut erut
749 645 1257 709 duo, aut erut tria, aut quatuor, aut
747 692 1247 748 alterius numeri necessario, quicuque,
754 741 1266 786 sit. Si aut infinita, aut erunt, sicut v
748 789 1246 854 dixit Democritus, eadem in genere,
750 837 1259 898 sed in figura, & in forma aiuersa,
743 885 1173 930 aut erunt cum hoc contraria.
791 941 1251 998 Einito prologo incoepit perscruta¬
755 981 1243 1026 ri de principiis communibus omnium re¬
745 1029 1259 1066 rum naturalium, & dixit Et oportet
750 1069 1250 1115 necessario, &c. i. & oportet secundum natu¬
750 1100 1253 1151 ram diuisionis vt principium existens
751 1140 1249 1192 in re sit vnum, aut plura vno: &, si ali¬
754 1175 1249 1227 quis posuerit principium esse vnum,
754 1216 1250 1258 tunc illud vnum aut erit non transmu
751 1255 1247 1297 tabile, vt dicunt Parmenides, & Me¬
748 1296 1247 1345 lissus, qui dicunt non namliter, quia ne¬
750 1331 1266 1381 gant transmutationem, & motum: aut i
752 1368 1249 1418 transmutabile, vt dicunt Naturales,
750 1410 1255 1451 qui namliciteur loquuntur. & secundum naturam
747 1450 1249 1490 diuisionis deberent dicere & si vnum,
749 1487 1254 1531 aut erit finitum, aut infinitum: vt di¬
748 1532 1252 1562 cunt Parmenides, & Melissus. sed in
746 1562 1252 1602 nuit hanc diuisionem per diuisionem
746 1602 1255 1650 plurium principiorum, finita, & infi¬
751 1640 1243 1683 nita. Et dixit vt dicunt Parmenides,
744 1676 1254 1722 & Melissus. i. si imaginati fuerimus
754 1725 1254 1763 quod Parmenides, & Melissus vtantur,
744 1756 1244 1807 hoc nole ens pro pricipio: isti enim
744 1797 1242 1846 non dixerunt principium esse vnum im
746 1837 1248 1875 mobile, sed ens vnum immobile. & sic
