1416 2066
200 180 714 227 cireulos. omnis enim punctus positus in circulum
218 217 711 258 describit circulum alium ab eo, quem de
212 254 706 310 scribit alius punctus scilicet quod nunerus circulorum
211 294 701 338 erit secundum nuerum punctorum. &, cum ita sit
213 333 708 374 tunc circulus, cum transfertur in comcauo,
211 368 709 410 aut super conuexum circuli, transfertur de
210 407 713 454 circulo in circulum, diuersum ab eo
209 441 714 490 ratione: & si sint idem subiecto. &, cum
213 480 704 522 isti circuli, qui sunt in rotundo, in quo
206 517 712 554 est translatio secundum numerum circulorum
206 565 705 603 qui sunt in rotundo, quid transferter, ne¬
214 591 710 634 cesse est vt circulus transferatur de
212 629 709 681 circulo in circulum. ergo circulus trans¬
213 668 707 707 fextur secundum totum de loco in locum di
213 706 711 747 uersum secundum formam: licet non sit di
207 740 715 779 uersus secundum materiam. Et similiter est de
214 779 704 825 sphaera. sphaera enim diuiditur in spha
215 817 703 868 ras infinitas per lineas, quae imagi¬
212 855 714 899 nantur in circunferentia, exeuntes
213 893 715 930 a polo ad polum scilicet medietates circu
210 929 709 970 lorum. nam istae medietates diuidunt
213 966 714 1018 spheram in multas sphaeras, sicut
214 1004 710 1055 puncta diuidunt circulos. D.d. arcus
210 1053 710 1082 enim &c. & intendit per arcum arcum
215 1080 711 1132 completae circulationis. i. quoniam circu
210 1118 708 1161 lus, sicut diximus, diuiditur per puncta
212 1156 704 1194 in multos circulos secundum nume¬
215 1196 696 1234 rum punctorum. D.d. nisi sicut musicus
212 1233 708 1274 &c. i. & circulus, quem diuidit alius
217 1272 704 1314 punctus, non dicitur idem numero, nis
214 1304 712 1358 sicut dicitur quod homo & musicus sunt idem
211 1344 709 1385 in numero. i. quia accidit eis, quod fue¬
210 1383 713 1423 rint idem, non per se. homo enim & mu
214 1426 711 1458 sicus sunt idem secundum subiectum: a &
211 1461 708 1506 quod est idem secundum subiectum est idem
214 1500 704 1546 per accidens. idem enim in rei veritate
213 1542 709 1578 est idem secundum formam & similiter circuli,
210 1578 711 1627 quos puncta diuidunt scilicet quae imagi
210 1622 705 1651 nantur in eodem circulo, sunt idem
208 1653 710 1698 per accidens, quia subiectum eorum
206 1688 705 1739 est idem: & sunt plures, quia formae
211 1726 714 1780 eorum sunt plures. si igitur illud, quid
206 1764 711 1817 mouetur in loco, necesse est ipm mu¬
214 1805 717 1842 tare locum: locus autem differt a lo
739 181 1225 233 co, aut per se tamen, aut etiam per se, &
747 220 1227 257 per acciuns: pnccesse est vt omne motum
742 260 1234 299 mutet locum, aut secundum formam scilicet sicut
742 295 1234 334 est in suhaera, aut forma, & subiecto
739 334 1236 377 sicut est in eis, quae mouentur motu
738 375 1226 418 recto. Seno autem, cum viderit sphaeri
738 404 1223 455 non mutare locum per accidens
745 448 1229 483 existimauit ipsam non mutare illd
746 481 1221 530 per se: ex quo dixit sphaeram quie
745 518 1234 562 scere. cAuicen. vero, quia non distin
738 556 1224 604 xit alietatem, quae est in loco per se
739 593 1233 644 ab ea, quae est per accidens scilicet alieta¬
747 629 1224 678 tem, quae est secundum subiectum
738 669 1221 706 non secundum formam, & concessit sphae
741 705 1231 745 ram moueri, coactus est appellare
740 744 1233 787 motum. sphaerae, motum in situ. Vnde ni
745 779 1231 831 titur, vt dictum est, sanare egritudi¬
738 819 1226 858 nem per maius egrum. Declaratu
746 853 1231 897 est enim quod in praedicamento situs non
741 893 1237 942 est motus, quia est ad aliquid: & il¬
743 925 1238 970 lud, quod est ad aliquid, est indiuifi¬
740 968 1242 1010 bile. Si igitur intendebat quod iste mo
742 1006 1239 1057 tus est in praedicamento positionis,
743 1052 1237 1090 quod est in ipsa positione: quia sphe¬
739 1080 1239 1122 ra transfertur de positione in aliam
751 1121 1239 1154 positionem erit verum: sed tamen mo¬
746 1164 1237 1202 tus eius non erit in positione, sed de
746 1191 1244 1234 positione, in aliam. & hoc inuenitur
743 1237 1237 1279 de translatis in loco recte: quoniam trans¬
743 1268 1239 1307 feruntur de positione in aliam, aut di¬
743 1305 1241 1346 uersam secundum numerum, aut secundum
742 1347 1243 1399 speciem: sphera autem transfertur de po
744 1380 1235 1419 utione in aliam diuersam secundum nume¬
740 1421 1238 1471 rum. Quid igitur vtile dedit nobis, cum
746 1456 1236 1507 dixit quod iste motus est in situs nisi in
742 1494 1239 1538 tendebat quod illud, quod mouetur hoc
743 1540 1239 1578 motu, non diuersatur secundum situm: hoc
738 1572 1247 1622 n, proprium est huic motui. sed tamen non
742 1610 1244 1649 sequitur ex hoc, quod motus eius est in
740 1648 1239 1698 situ. nam iste sermo valde est sophisti
746 1692 1239 1736 cus. D.d. ergo necesse est vt vnius ar
743 1732 1232 1770 cuum, &c. i. eroo necesse est vt vnus
738 1751 1242 1803 arcuum perfectorum circuli, quem
745 1799 1243 1843 describit aliquis punctus transfe¬
