1416 2066
168 182 669 229 dimensionibus per se, in quibus exi¬
174 219 673 262 stat, sicut totum existit. & differunt a
181 260 673 309 toto dimensiones partis, quae sunt suum
175 296 665 349 vbi, & indigent existere in dimen¬
180 337 667 378 sionibus totius, quae sunt suum vbi
181 375 670 418 ita, quod sint diuersae a dimensionibus
181 412 667 458 totius. Et hoc intendebat, cum di¬
178 452 673 503 xit: partes enim &c. i. quoniam quemadmo¬
183 489 677 542 dum secundum totum aqua, quae est in vase, in
179 528 673 583 diget dimensionibus, in quibus su¬.
179 568 677 622 bilciatur, ita partes aquae indigent
187 605 675 661 dimensionibus, in quibus subiician
178 646 670 690 tur, quae differunt a dimensionibus
186 684 670 735 totius. quoniam, si dimensiones partis, in
177 725 677 778 quibus subiicitur, essent partes dimen¬
181 765 671 807 sionum, in quibus totum subilcitur,
185 807 671 851 tunc pars. non esset in loco per se,
175 842 673 887 neque totum etiam. totum enim etiam est pars
184 879 672 921 totius corporis continentis, & illud
186 917 669 963 corpus alterius corporis continentis
187 956 677 1006 ita, quod sit pars totius mundi. & con¬
178 999 671 1049 tinget in dimensionibus, in quibus su
178 1036 672 1087 bilcitur totum, vt indigeant dimensioni
187 1073 672 1122 bus, in quibus subilciantur, & illae di¬
185 1112 675 1163 mensiones aliis dimensionibus, & sic
179 1151 677 1195 in infinitum. D.induxit etiam aliud
183 1190 673 1234 impossibile, & dixit: & cum hoc erit trans
179 1230 668 1282 latum, &c. i. &, cum posuerimus dimen
180 1272 671 1315 siones esse separatas, in quibus subil
185 1308 671 1362 ciuntur dimensiones corporis, con¬
168 1349 670 1400 tinget vt locus moueatur essentialiter,
178 1389 677 1439 & indigeat loco. quoniam, cum vas trans
187 1425 678 1466 fertur de loco in locum, & in eo fuerit
178 1463 672 1510 aqua, aut aer, continget necessario, si
181 1508 679 1556 cut vas secundum totum mutat locum, vt di¬
182 1549 666 1586 mensiones, in quibus est aqua, in va¬
178 1579 670 1627 se mutent locum. & sic locus indicet lo
184 1611 677 1665 co. &, cum transfertur ad alium locum,
181 1661 671 1711 fient in eo aliae dimensiones perma
178 1708 668 1753 nentes in vase, quae mouentur per
187 1741 669 1794 motum eius. & sic contingit vt in va
179 1777 669 1826 se sint loca infinita, quia crescunt in
186 1822 664 1868 vase per motum, & totum remanet
178 1854 677 1915 quia aqua remanet. & similiter contingit
700 181 1211 226 etiam in partibus aquae. Et hoc in l
705 217 1197 266 tendebat, cum dixit: & locus partis, in
702 256 1199 301 quo mouetur, quando transfertur totum
707 301 1195 346 vas, non est alius locus, & similiter partes
704 333 1193 385 loci. & continget vt cum eo transfe
705 370 1197 425 rantur dimensiones, in quibus subil¬
699 419 1187 464 ciantur aqua, & partes aquae in vase¬
703 449 1195 504 &, cum transfeitur, continget, vt di¬
697 489 1195 538 mensiones, quae sunt in vase, subil¬
703 529 1198 578 ciantur dimensionibus, ad quas trans¬
700 564 1190 616 fertur vas: & sic, locus mouebitur per
700 605 1196 649 se, & erunt multa loca insimul. D.
699 643 1195 696 d. locus enim in quo est aer, &c. i. dici¬
698 692 1197 730 mus enim secundum nostram sententiam, quod vas,
700 725 1191 776 in quo est aer, aut aqua, aut partes
705 764 1193 815 aquae, est illud, quod transfertur per se,
706 799 1198 851 & aqua existit in vno loco, qui est
706 839 1201 891 vas: non quia aqua, aut partes eius trans¬
705 875 1191 932 feruntur per se, per translationem va¬
710 918 1189 965 sis ita, quod sint in loco, qui est pars loci,
698 961 1192 1007 ad quem transfertur totum vas, qui
708 994 1196 1046 est pars loci totius mundi. Et hic
705 1034 1201 1074 sunt multa impossibia manifestiora
703 1074 1199 1126 istis, quae sequuntur ex positione di¬
703 1114 1203 1167 mensionum separatarum, quae post di¬
709 1149 1195 1194 cet Ari. quando loquetur de vacuo. sed ista
705 1188 1201 1241 impossibilia, quae hic dixit, sequuntur
703 1237 1195 1274 ex positione dimensionis separatae,
707 1268 1195 1321 non secundum quod est dimensio separata, sed
700 1309 1194 1359 secundum quod ponitur locus. Et Alexan. dicit
698 1348 1188 1399 in hoc capitulo quod est valde diffi
707 1389 1197 1439 cile, & exponit ipsum duabus expo
703 1424 1194 1467 sitionibus. dixit enim quod, cum dixit Anst.
703 1466 1193 1508 aqua enim & aer, quando transferuntur,
704 1501 1202 1555 &c. forte intendit. quoniam, si locus esset
703 1546 1195 1587 dimensio, contingeret vt partes aquae,
699 1582 1193 1634 quando aqua transfertur, agerent il¬
705 1620 1194 1672 lud, quod agit aqua, quae est in vase,
700 1663 1200 1713 quando vas transfertur, i. quoniam dimen
702 1701 1195 1745 siones, in quibus partes subiiciuntur,
707 1737 1197 1779 debent transferri cum ipsis parti¬
702 1779 1194 1830 bus: sicut contingit, si aqua esset in
706 1820 1199 1867 vase in dimensione, vt dimensio, in
700 1855 1204 1906 qua est, transferatur cum vase. &
