1416 2066
217 180 722 225 claratum est. & d. in magnitudini¬
217 228 721 266 bus, quae sunt in medio, quoniam iteratio
230 260 720 311 non est, nisi in medio, quid est inter
230 298 721 339 duos motus oppositos. D.d. & in ge
229 341 727 387 ueratione, & corruptione similiter i. quod in
232 373 720 419 ter eas est iteratio, quae est cam quietis,
237 413 729 450 D.d. & nulla est dicitura, &c. i. & nulla
234 448 718 492 est dicitura in hoc, quid sequitur inter hoc,
231 490 719 532 quod alii motus pter circularem, quando ite¬
230 533 718 570 rantur, transeant bis per partes me¬
226 564 723 602 dias inter duas extremitates, vt illa
235 601 727 650 partes mediae sint paucae, aut mul¬
230 641 726 689 tae. i. quoniam necesse est vt per quamlibet
232 676 720 726 earum pertranteat bis in duobus mo
230 717 718 754 tibus: & similiter non est dicitura inter hoc
239 749 727 795 quod medium sit esse, aut diuisio essen¬
229 795 719 834 di. & d. hoc peper generationem, & cor¬
231 825 724 879 ruptionem. D.d. Declaratum est igi¬
235 865 726 907 tur ex hoc, &c. i. & ex hoc etiam declara
233 906 725 946 tum est aliud ab eo, quod intendimus
235 941 719 987 declarare, & est quod sermo Antiquo
231 981 727 1027 rum, dicentium quod omnia sensibilia sem¬
233 1021 718 1071 per mouentur, falsus est. D.d. quoniam ne¬
235 1057 731 1110 cesse est, &c. i. quoniam quod ponit entia sem
227 1096 723 1149 per moueri, necesse est ea ponere sper
233 1132 716 1178 moueri aliquo istorum motuum sensi
233 1173 721 1223 bilium, aut pluribus vno: sed decla
235 1212 725 1264 ratum est quod impossibile est, vt ali¬
237 1248 723 1298 quis istorum sit semper: ex quo ap¬
238 1288 719 1333 paret error sermonis Antiquorum,
217 1327 730 1378 D.d. & dignior motuum, &c. i. & appa¬
231 1368 721 1410 ret ex sermone eorum, quod motus alte¬
232 1404 729 1456 rationis est, qui est magis dignus vt
232 1445 716 1482 secundum ipsum sint entia in transmuta¬
237 1481 721 1522 tione perpetua. D.induxit rationem eo¬
234 1523 726 1569 rum super hoc, & d. dicunt enim quod omnia
232 1555 728 1594 fsuunt. i. & ratiocinantur super hoc di¬
230 1591 720 1642 cendo quod nos videmus entia semper
239 1630 725 1674 in fiuxu: & ideo accidit eis consum
238 1672 723 1722 ptio. & haec est cam, prper quam anima¬
234 1717 725 1759 tum indiget cibo. & errauerunt in
233 1745 723 1797 hoc, quia acceperunt transmutatio
234 1784 728 1834 nem, quae est in potentia in actu. Et
228 1820 723 1874 Loquentes nostrae legis sequiuitur
753 181 1262 232 Antiquos in hoc, & dicunt quod acci¬
760 220 1257 270 dentia non remanent per duo tempo
756 262 1252 297 ra: sed sermo Antiquorum currit cur
757 298 1255 339 su naturae, sermo vero Loquentium
757 341 1253 387 nostrae legis est vanus, quia non co¬
752 372 1256 423 ountur ad dicendum hoc, nisi quia vo¬
757 410 1244 451 iunt defendere fundamenta ficta:
754 450 1252 498 quia existimant quod lex non defendi
756 485 1245 530 tur, nisi per illa fundamenta. D.d.
755 525 1247 575 & posuerunt oenerationem, & corru¬
757 554 1247 610 ptionem esse alterationem. i. & Anti¬
757 600 1243 651 qui posuerunt generationem, & cor¬
761 645 1243 688 ruptionem esse de genere alteratio¬
759 684 1249 714 nis: &, cum dicunt alterationem esse
750 716 1243 762 perpetuam, intelligunt alterationem,
754 754 1241 802 & generationem, & corruptionem.
752 789 1248 832 Et, cum compleuit hoc, fecit reme¬
747 829 1243 872 morationem de omnibus declara¬
755 865 1253 906 tis, & dixit: Et declaratum est hoc
756 902 1247 946 vniuersaliter, &c. i. & sermo eius in
752 941 1048 987 hoc est manifestius,
757 981 1243 1035 Quod circulatio primus sit motuum. Ca. 3.
874 1029 1249 1076 Vod autem lationum circula
862 1077 1244 1125 tio prima sit manifestum
794 1116 1244 1167 bs est. Omnis enim latio, sicut
757 1159 1239 1202 et prius diximus, aut circularis
753 1199 1240 1248 est, aut super recta, aut mista. Hac
748 1240 1236 1282 autem necesse est priores esse illas:
752 1284 1262 1322 ex illis enim constat. Recta autem cir¬I
754 1325 1237 1374 cularis: simplex enim & perfecta
750 1361 1239 1419 est magis. in infinitum igitur non
752 1405 1239 1459 est secundum rectam ferri, quod enim sic est,
755 1448 1239 1498 infinitum non est. sed neque, si esset,
752 1493 1239 1534 moueretur vtique aliquid, non enim
751 1530 1237 1583 id fit, quid impossibile est: transire au
753 1573 1239 1618 tem infinitam impossibile est. Ea autem
756 1613 1231 1666 latio, quae super finita recta fit,
752 1653 1235 1708 si reffectatur quidem, composita est,
750 1695 1234 1739 & duo motus: si vero non reffe¬
752 1732 1241 1786 ctatur, imperfecta est, & corrupti
754 1778 1238 1818 bilis. Prius autem & natura, & ra¬
754 1823 1247 1874 tione, & tpere, quid perfectum quidem
