1416 2066
169 180 686 226 agit suam actionem in membro, ne
186 228 687 269 cesse est vt ista dispositio sit comple
187 261 679 307 xio. & hoc intendebat, cum dixit quod
186 300 442 347 domus est tale, &c.
223 337 687 379 fortassis autem & in ratione est ne
183 380 685 430 cessarium. determinanti enim opus
183 420 689 466 secandi quod diuisio huiusmodi est, haec
178 462 679 507 autem non erit, nisi habeat dentes
184 504 690 547 tales, hi vero non, nisi ferrea sit. st
189 546 685 602 enim & inratione quaedam partes,
186 589 507 635 vt materia rationis.
232 629 681 690 Et rectum est vt necessarium
185 676 685 730 intret in definitione etiam. & hoc
188 725 682 787 erit quando definierimus actionem,
192 773 672 835 serrationis, quonia est scindere ta.¬
183 820 683 883 li modo, quod non optatur, nisi ser¬
176 869 680 914 ra habeat dentes tali modo: et hoc
185 916 689 979 impossibile est vt sit hoc modo, nisi
182 965 689 1030 sit ex ferro, in definitione enim et quae
183 1012 663 1076 dam partes sunt, quasi materia.
169 1074 678 1124 Quia definitiones continent ge¬
183 1110 684 1154 nera, & differentias, & genera sunt
182 1142 679 1195 formae vninersales, & differentiae for¬
186 1196 675 1241 mae propriae, & est declaratum quod ma¬
180 1236 670 1274 teria senuitur necessario ex forma
180 1276 676 1315 rectum est vt definitiones in hac scien
183 1309 679 1359 tia sint principium apparentiae ne¬
169 1344 688 1394 cessitatis materiae. &, quia ex quibus
181 1385 679 1424 dam definitionibus non solummo¬
182 1421 686 1466 do apparet consecutio materiae, sed
186 1462 682 1506 etiam in eis intrat materia, dixit: Et
190 1500 676 1539 rectum est, &c. i. & rectum est vt in
194 1541 685 1592 quibusdam definitionibus non sequa
182 1584 680 1630 tur necessarium ex positione defi¬
186 1621 679 1658 nitionis, sed intrat in definitione qua
184 1657 684 1710 si pars. in talibus igitur definitionibus
183 1696 683 1739 apparet materia, quasi pars, non secundum
186 1736 678 1779 consecutionem. D.d. si enim definie¬
191 1773 681 1825 imus, &c. hoc est exemplum definitio¬
178 1815 679 1866 nis, in qua apparet materia. serratio
178 1855 681 1906 enim, quia non completur nisi per formam
710 181 1227 219 & materiam serrae, ideo intrat mate,
712 220 1218 266 ria in definitione. serrae enim si dixeri¬
708 258 1206 298 mus ipsam esse instindum habens den¬
708 301 1204 338 tes, non erit definitio, donec dicamus
714 336 990 387 ipsam esse ex ferro,
729 412 1219 474 in huius Secudi ribri fine, prooe¬
711 466 1213 526 mu loco ipsius Tertu legebantur
711 509 1217 570 quaedam, quae, cum ex Pauli Israe
710 559 1215 618 utae, & Ant. Codicis sententia.
713 604 1217 666 Ix. com. primi phrirpars essent, ideo ea
709 653 1213 706 ex hoc ad illu deportauimus locu.
709 740 1214 795 ARISTOTELIS
742 813 1190 859 pE PriSico Avorr v
787 877 1133 915 LIBER TERTIVS,
794 948 1130 994 Cum Auer. Commen.
771 1028 1159 1058 SVMMAE LIBRI.
711 1068 1215 1107 Atextu primo vsque ad. 3. ostendit ad natu¬
739 1100 1215 1138 ralem pertinere tractare de accidentibus
747 1130 1147 1162 comniunibus rerum naturalium.
711 1157 1216 1194 Atextu. 3. vsque ad. 24. notificatur quid sit mo
743 1193 1007 1232 tus, & quet eius species
708 1221 1218 1258 Atextu. 14. vsque in finem agitur de infinito
745 1254 1070 1298 & quomodo in entibus reperiatur,
714 1309 1202 1346 De accidentibus communibus rerum na
831 1349 1101 1394 turalium. Cap. 1.
925 1386 1215 1427 Voniam autem natu¬
919 1429 1211 1488 ra quidem est prin
916 1472 1219 1522 cipium motus, &
923 1514 1219 1554 mutationis: metho¬
925 1557 1215 1602 dus autem nobis de
710 1604 1211 1642 natura est: non latere nos opor¬
710 1637 1211 1682 tet quid sit motus. necessarium
715 1685 1208 1734 enim est, ignorato ipso, ignora¬
714 1732 1212 1766 ri & naturam. Cum autem determina¬
713 1772 1217 1810 uerimus de motu, tentandum erit
708 1810 1214 1861 eodem aggredi modo de iis, quae
712 1859 1211 1898 consequenter sunt. Videtur autem
