1416 2066
207 173 706 219 densitas est constrictio pororum cor¬
207 213 703 266 porum, & raritas expansio, & quod hae
221 253 699 303 duae sunt causae generationis, & cor
218 293 706 339 ruptionis: cum generatio apud eos sit
226 329 709 378 congreoatio, & segregatio. & hoc bamur
224 354 703 402 concessum est in corporibus haben¬
226 397 695 452 tibus poros: sed non sunt cam gene
224 437 699 483 rationis, & corruptionis, vt fingebant,
219 477 709 526 sed sequuntur generationem, & corru¬
223 511 707 562 ptione. D.d. alteratio vero non. i. quod
228 546 697 601 autem generatio figurarum, & for¬
223 588 703 627 marum sit alteratio impossibile est.
223 623 700 666 materiae enim quae recipiunt formas, non
221 665 711 712 dicuntur formae. v. g. quoniam cuprum non
218 698 703 738 dicitur idolum scilicet quia cupro non datur
218 735 712 784 hoc nomen, neque ligno hoc nomen
219 772 707 819 lectus. D.d. neque illud, ex quo fit fi¬
222 813 708 859 gura, &c. i. neque illud, exquo fit figu
223 845 709 897 ra, & est cera, dicitur figura. similiter li¬
218 892 704 931 gnum non dicitur lectus, neque etiam econ¬
222 919 702 963 uerso scilicet quod forma nominetur a nomi¬
222 959 696 1008 ne materiae. v. g. vt lectus dicatur lignum
223 992 698 1043 D.d. sed denominant, &c. i. formae, li¬
224 1028 708 1078 cet non nominentur a nose materiae, tamen
220 1069 707 1119 denominantur. vt, cum dicitur quod idolum est
220 1116 710 1156 cupreum, non cuprum. Et, cum posuit
224 1142 705 1189 quod figurae, & formae, quae sunt in anima, &
221 1180 707 1218 animato, non nominantur a nonime mate¬
222 1221 708 1266 riae, sed denominantur, incoepit narra
220 1255 707 1302 re quod non est ita in alteratione, & d. al¬
207 1292 700 1338 teratum vero, &c. i. illud autem, quod reci¬
218 1328 706 1375 pit alterationem, nominatur a nomine
219 1367 710 1417 eius, in quod alteratur vt, cum dicitur quod cuprum,
228 1404 706 1451 quod alteratur ad caliditatem, aut ad frigi
229 1441 700 1482 ditatem, est calidum, aut frigidum: sed
221 1477 703 1528 cuprum, quid alteratur ad aliquam figu¬
222 1516 709 1566 ram, non dicitur illa figura. v. g. vt cuprum
224 1554 703 1604 sit triangulus. D.d. alteratum vero¬
222 1590 707 1630 dicitur illud. i. quoniam subiectum alterationis
224 1629 711 1666 denominatur a qualitate, quae est in alte
222 1665 700 1718 ratione. dicimus enim frigidum, & humi¬
218 1701 696 1753 dum intendendo subiectum frigidita
220 1748 711 1786 tis, & humiditatis. Et, cum d. hoc dein
213 1780 706 1819 de dedit causam, & d. & sunt commu¬
734 173 1244 218 nia in nomie, &c. i. & subiectum, & ac¬
737 213 1233 258 cidens communicant in eodem no
738 254 1228 300 mine. quia subiectum non exit a sua
735 286 1231 330 substantia existente accidente, sicut
731 326 1237 364 subiectum recipiens formam exit a sua
737 364 1231 402 substantia existente forma, & haec est
734 400 1225 445 differentia inter formam, & accis.
740 437 1233 486 D. induxit sylsecundum super hoc, & dixit:
736 476 1226 528 Cum igitur illud, ex quo fit forma,
740 513 1227 554 &c. & compositio istius sermonis est
741 550 1227 602 in secunda figura sic. Illa, quae reci¬
738 589 1225 636 piunt formas, non communicant in
739 624 1225 666 nomine in rebus alteratis: sed alte¬
749 662 1223 706 abilia communicant in nomine
747 701 1223 750 um passionibus: ergo illa, quae re¬
743 737 1227 794 cipiunt formas, non sunt alterabilia.
782 788 1232 834 Amplius, et aliter inconueniens
739 829 1227 875 est. dicere enim hominem alteratum
740 868 1230 914 esse, aut domum, quae accepit fi
740 909 1220 963 nem ridiculum est, si perfectio¬
739 952 1231 1000 nem aut domus parietem, aut
738 992 1225 1034 tegulam dixerimus alteratio¬
737 1033 1233 1074 nem esse, &, cum parietibus clau¬
734 1072 1232 1123 ditur domus, aut tegula tegi¬
734 1112 1088 1162 tur, alterari domum.
783 1150 1228 1212 Et contingit etiam inopinabi¬
730 1196 1237 1242 le hoc modo. dicere enim hominem
739 1245 1233 1290 alterari, et domum alterari, cum
734 1292 1222 1346 completur, & perficitur, est deri¬
736 1335 1239 1395 sibile. quoniam, si dixerimus quod
734 1383 1230 1443 perfectio domus, quae est cooperi¬
734 1429 1228 1492 recum tegulis, & facere tegu¬
742 1476 1234 1538 las, est alteratio, dicemus quod, cum
739 1525 1235 1586 domus est cooperta, & fuerint te¬
732 1567 1070 1626 gulae, quod alteratur.
771 1633 1244 1683 Iste est alius sermo, in quo decla
738 1672 1239 1723 rat quod figurarum generatio non est
738 1713 1234 1762 alteratio, & quod, si aliquis posuerit quod
746 1745 1220 1799 generatio figurarum est alteratio
734 1784 1234 1826 continget ei ponere quod generatio in
