1416 2066
180 165 689 210 nitum accidit illi rei, quam putant esse
194 209 692 258 principium materiale, omnibus entibus
197 253 683 298 naturalibus: & quicunque illorum pu¬
194 293 688 330 tabat hoc principium esse Aquam,
195 332 690 380 aut Terram, aut Aerem, aut Ignem, aut
196 365 689 410 aliquid medium inter illoru duo, di¬
200 405 693 442 cebat Infinitum esse ex affectibus il¬
199 443 681 494 lius rei, quam putabat esse princi¬
196 485 689 530 pium il igitur ponebant Infinitum
194 521 407 571 magnitudine.
230 557 696 611 Sed illi Physici, qui dicebant prin
192 596 694 649 cipia rerum sensibilium esse partes indi
204 636 681 674 uisibiles, TAtomos vocanty infini
198 673 685 714 tas, vt Democritus, vel partes simi¬
199 716 691 763 lares, CHomogeneas appellantlin¬
199 753 691 802 finitas, vt Ana xagoras, putabant qui¬
196 790 692 834 dem Infinitum esse princ: pium ratione
198 828 685 874 multitudinis, & quantitatis discre
201 868 697 920 tae, non ratione magnitudinis, & quam
200 916 686 958 titatis continuae: vt dicebant priores.
203 957 691 1000 coguntur autem concedere priuatio¬
202 985 686 1037 nem finis, ratione magnitudinis,
198 1023 694 1067 quia illae partes, quae numero non
201 1060 689 1104 consumuntur, necessario sunt infi¬
205 1101 693 1154 nitae, magnitudine etiam, & hoc si¬
206 1140 588 1186 ue tactu, siue continuitate
239 1181 685 1218 Inquit Arist. recte quidem conue¬
207 1216 687 1258 niunt omnes dicere ipsum esse princi¬
206 1261 684 1305 pium, &, quod est ingenitum, & incorrus
202 1293 684 1345 ptibile. & ideo putarunt aliqui eo¬
198 1331 695 1387 rum quod esset ipse Deus gloriosus. Quam
203 1372 691 1425 quaelibet res vel est principium, ver
204 1418 689 1466 ex principio: sed quod infinitum est,
199 1450 691 1504 non debet habere principium. si igi¬
205 1493 691 1542 tur non habet principium. ergo ip¬
204 1531 690 1574 sum erit principium caeteris rebus, &
208 1569 698 1618 est ingenitum, & incorruptibile. &
204 1605 699 1650 ideo dicebat Anaximander ipsum
204 1645 701 1697 esse Deum gloriosum, qui omnia
205 1684 698 1739 amplectitur, atque gubernat, & regit.
348 1725 556 1778 Saput Secundum.
288 1764 700 1818 Vinque autem sunt, quae inducunt
242 1773 698 1845 credere infinitum dari. Piimum
282 1845 684 1898 est, Tps. nam ex sui natura vi¬
724 164 1235 222 detur esse infinitum, cum non possit
722 212 1215 263 imaginari ipsum esse generabile, ne¬
724 250 1222 301 que corruptibile. quoniam, si quis
722 287 1222 335 posuerit ipsum esse generabile, aut
726 333 1222 378 corruptibile, ponat quidem tempus
718 364 1224 416 in tempore, cum quodlibet genera
722 405 1224 442 bile, ac corruptibile sit in tempore.
721 442 1227 496 & hanc propositionem concedunt
720 481 917 529 ipsi Antiqui.
758 516 1221 568 Secundum est, Diuisio, quae in ma¬
720 557 1228 612 gnitudinibus fit, quae quidem est
725 596 1223 649 infinita. hoc enim est vnum ex sup
726 636 1216 690 positis, quae a Mathematicis sup¬
729 685 877 722 ponuntur.
762 709 1215 754 Tertium autem est sumptum ex
724 755 1214 796 ipsa generatione, & corruptione.
730 792 1211 844 quoniam, cum Antiqui viderint ip
724 829 1214 879 sas nullo tempore deficere, iudica¬
727 870 1215 919 runt oportere principium generabi
724 906 1209 946 lium, & corruptibilium esse infinitum.
763 948 1210 986 Quartum, ex natura ipsius siniti.
724 981 1217 1036 id persuaderi potest, cum res finita
730 1021 1207 1066 desinat in aliam rem, & illa in aliam,
723 1068 1151 1114 & sic oportebit dari infinitum.
764 1101 1214 1153 Quintum ex ipsa cogitatione, &
726 1140 1218 1179 opinione, Tseu intellectione, 7cum
723 1181 1213 1231 nemo possit cogitare, vel imagina¬
719 1216 1217 1267 ri finem alicuius corporis quin fi¬
725 1256 1215 1309 niat, s seu attingat, aliam rem. Sed
728 1295 1209 1346 ex ipsa cogitatione, seu ratiocinio
723 1332 1211 1383 habetur, vel quod totum vniuer¬
722 1373 1207 1415 sum non finiatur, vel, si desinat,
724 1421 1216 1461 quod desinat in ipsum vacuum: &
722 1450 1217 1490 ob hoc sunt opinati multi quod ex
727 1491 1216 1530 tra coelum datur vacuum infinitum:
724 1530 1219 1570 & quod possint dari in eo infiniti mun
728 1567 1219 1619 di. quoniam, si detur locus infinitus, pote
725 1613 1213 1650 rit quidem dari infinitum corpus,
733 1647 1217 1699 vel corpora infinita. Praeterea non vi
726 1686 1216 1738 detur quod magis conueniat, vt sit mun
727 1725 1215 1776 dus in vno oco ipsius vacui, quam
725 1764 1213 1803 in alio. &, si esset de natura vacui, vt
726 1812 1223 1858 in eo esset is mundus, oporteret vt
718 1845 1112 1882 in eo essent mundi infiniti.
