1416 2066
210 178 718 218 declarauit hoc in transmutatione
218 218 714 258 qualitatis, & substantiae declarationt
223 261 714 298 ommuni, vult declarare hoc declaratione
222 293 710 344 propria de gneratione, quod generatio quo
226 329 712 381 tammodo est in magnitudine. sed
222 368 717 410 differunt, vt dicit, quia partes magni¬
222 413 719 458 tudinis, ex quibus gnatum gneatur, sunt
220 443 721 493 diuersae in spe, & sunt in motu loca
221 480 724 533 li, & augmento eaedem in spe, & di¬
220 515 721 567 uersae in numero. Et dixit: & quod
227 564 713 594 est ex hoc diuisibile, & continuum,
218 598 725 646 di. & omne, quod est ex gnerabilibus diuisibi
219 633 721 674 le, & continuum, dicitur in eo, quod genera
222 669 722 723 tum est, quid prius gnerabatur, & in eo, quid genera
218 704 717 761 tur, quod prius onatum fuit. Et di¬
210 737 721 796 xit hoc, pseruando se ex hoc, quia sunt
229 779 721 826 haec gnerabilia indiuisibilia, vt senti¬
222 821 721 872 re, & intelligere. Et, quia gneratio est
229 866 723 898 transmutatio de non subiecto in su
223 896 723 948 biectum, & corruptio est transmuta¬
229 939 722 978 tio de subiecto in non subiectum. id
230 976 716 1009 transmutatum non est idem in ea de ini
225 1013 721 1063 tio transmutationis vsque ad finem: qua
219 1048 711 1090 re etiam nec trasmutatio est eiusdem spe¬
218 1093 716 1130 ciei. nam motus gnerationis, & corru
221 1125 717 1173 ptionis est compositus ex transmuta¬
220 1171 721 1202 tione in qualitate, & transmutatione
224 1199 715 1248 in substantia: & transmutatio, quae est
210 1235 718 1288 in substantia, est non in tempore, scilicet
218 1277 720 1325 prouentus formae substantialis. Et est
227 1313 714 1354 et motus generati alicuius totius com
222 1354 720 1405 positus ex motibus partium in genera
231 1393 721 1434 bilibus compositis ex transmutationi
231 1430 721 1477 bus diuersis. & propter hunc modum
226 1469 719 1517 extremum excepit hoc in generatione,
227 1504 722 1546 & dixit: sed semper etiam illud, &c. i. sed
222 1540 717 1591 non sequitur vt transmutatum pecedens
227 1579 719 1626 in ea sit de spe transmutati posterio¬
225 1621 719 1666 ri, sed de alia spe: licet transmutatio
221 1654 719 1705 sit eiusdem speciei. D.induxit exemplum,
218 1692 710 1745 & dixit. v. g. quidam illius rei. quoniam do¬
225 1733 709 1783 mus, quia componitur ex generatione alio¬
218 1772 714 1810 rum corporum, non sequitur vt partes
222 1806 710 1850 transmutationis, aut transmutati in
748 172 1252 219 ea sint de spee postremae transmutatio
746 217 1248 258 nis. Et hoc similiter accidit in gneratione
750 254 1247 305 animalium, & aliorum corporum organico¬
746 293 1257 342 rum. In corporibus vero simplicibus non l
742 328 1245 376 accidit hoc, vt in gneratione ignis, &
749 373 1245 410 aquae. sed sequitur necessario, vt ante
755 405 1239 455 tramsmutationem positam sit alia trans¬
753 442 1245 482 mutatio, siue illa trasmutatio acci¬
756 479 1247 522 piatur diuisibilis, aut indiuisibilis scilicet
755 517 1245 563 finis transmnrationis solummodo, ita,
749 555 1247 606 quod non sit finis transmutationis in gnia¬
750 597 1241 644 tione. nam finis transmutationis in genera
749 630 1249 680 tione necessatio est de alia spe mo¬
750 666 1243 714 tus: cum finis sit in substantia, & trans
751 708 1242 754 mutatio. cuius est finis, est in quali¬
746 743 1236 786 tate. sed ista transmutatio, quae est in
757 783 1245 834 qualitate non est in aliqua vna specie
752 820 1245 874 eius. v. g. quoniam, cum sanguis gneatur ca¬
752 857 1237 911 ro necessario alterabitur in ulus qui i
750 907 1242 948 vnam qualitatem, donec expessat for¬
751 941 1246 979 mam sancuinis, & habeat formam car¬
751 965 1237 1026 nis. & sic est intelligenda gneatio cor¬
756 1012 1230 1050 porum consimilium. na generatio est trib
746 1046 1242 1091 modis, aut gneratio simplicium, aut
750 1093 1235 1130 organicorum, aut complexionis, &
753 1126 1239 1170 mixtionis. D.d. Et eodem modo est de
753 1161 1237 1202 illo, quod corrumpitur, & quod cor
751 1201 1241 1253 ruptum est. i. quoniam in motu corruptio
748 1236 1239 1286 nis non reperitur primum naturali¬
747 1273 1237 1314 ter, sed ante quemlibet motum in¬
750 1317 1234 1354 uentum in actu inuenitur motus, &
748 1348 1233 1402 finis. Sed forte illud, quod est ante,
754 1389 1237 1433 non est de genere eius, quod est post,
746 1436 1245 1467 in generatione compositorum ex cor¬
757 1465 1234 1509 oribus diuersis. &, quia hoc inueni
750 1503 1237 1546 tur in generato per accidens, & similite
746 1540 1239 1592 in qualitate, quia est in continuo,
748 1582 1240 1624 quod non est ita in loco, & quanto scilicet
751 1615 1233 1667 quod ista diuisio est in istis duobus mot
744 1652 1224 1698 bus essentialiter, suscitauit intentio
750 1692 1237 1731 nes hominum ad hoc, & declarauit
746 1733 1238 1778 quod propter illud, quod hoc inuenitur in
746 1767 1235 1810 motu, qui est in magnitudine, decla
748 1805 1234 1858 rabitur ipsum esse in motu gneratio¬
