1416 2066
160 156 664 215 neque in quantitate, neque in quali¬
173 200 667 250 tate, neque in vbi, vel in reliquis p¬
174 239 678 282 dicamentis. entia autem indiuidua
172 276 677 322 in actu quiescunt quidem. putabant
184 315 678 370 gitur quod, cum non sit ens in actu, erit
176 357 674 406 priuatio: quia non datur medium
170 404 668 447 apud eos inter ens in actu, & priua¬
177 436 677 489 tionem. Si ergo est priuatio, non ha¬
175 475 674 515 bet definitionem: & ideo dicebant
176 513 666 558 quod est alietas, & quid non existens,
176 552 675 595 & non ens. erat autem apud eos dif¬
185 591 666 634 ficile dare ei definitionem, cum nen
184 631 678 682 possint eum ponere in ipso actu, ne
183 669 676 712 que in priuatione, quia videbant
183 708 670 756 ipsum esse aliquid, & quod differat a
188 749 669 790 priuatione. & ideo dicendum est, quod
185 785 677 837 licet sit manifestum ex se ipsum es¬
185 824 671 877 se actum imperfectum, nihilomi¬
179 862 673 906 nus est difficilis apprehensionis, &
178 909 675 954 conceptionis: & ideo erat res diffi¬
185 942 481 995 cilis apud Antiquos.
329 981 539 1031 Caput Sextum.
204 1020 676 1066 CVm autem dictum sit a nobis,
245 1060 671 1107 motum esse actum ipsius mo¬
187 1098 681 1147 bilis: ex hoc autem videatur sequi du¬.
186 1134 673 1178 bium quoddam, videlicet si pona¬
184 1176 683 1218 mus motum esse in ipso mobili, &
191 1221 675 1258 non in motore: quod quidem du¬
189 1253 672 1309 bium dignum est consideratione,
194 1294 672 1339 Dubium igitur tale est. Si mouens
160 1332 670 1370 est aliud a mobili, & eorum actio si¬
189 1373 670 1410 mul est motus, vtrum eorum actio
193 1409 673 1462 sit vna, vel duae. Qam, si actio mo¬
192 1450 675 1498 uentis est eademmet actio ipsius mo
190 1488 670 1543 bilis, tunc sequeretur quod agens, & pas¬
186 1529 673 1571 sum essent idem, & docens, & discens.
188 1567 678 1609 quod est absusdum. At, si eorum
198 1612 686 1651 actiones sint diuersae, vt re vera videm
196 1645 679 1686 tur esse, cum altera motio, altera ve
193 1685 677 1738 io mobilitas nuncupetur, vtrum igi¬
194 1725 677 1778 tur ipsa motio existat in agente, &
193 1766 671 1816 mobilitas in patiente, vel vtraque si¬
193 1812 669 1856 mul reperiantur siue in agente, siue
188 1844 675 1898 in patiente. nam non est danda quar
703 156 1214 218 ta diuisio super has tres diuisiones:
705 205 1203 256 quoniam dicere quod motio sit in patiente,
709 244 1209 294 & mobilitas in agente esset absur¬
708 282 1207 323 dum. sed, si dicamus mobilitatem
704 325 1198 373 esse in passo, & motionem in agen¬
708 360 1208 410 te, ea ratione, qua sunt duae res, idest
703 401 1207 442 duo motus, tunc alterum duorum se¬
705 437 1201 488 quetur, videlicet vel quod omne mouens Test
709 476 1205 522 mobile, vel quod motus reperietur in
705 516 1207 562 re immobili, &, vt semel dicam, se¬
707 563 1195 609 queretur ex hoc vt res moueret se¬
710 592 1209 642 ipsam. Quod, si & motio, & mobili
707 636 1208 674 tas essent simul vtraque in agente, aut
709 670 1201 726 in patiente, tunc sequeretur hoc in¬
711 711 1197 754 conueniens scilicet quod actio propria alicu
708 747 1198 786 ius rei non esset in ea re: & erit actio
708 789 1203 843 ipsius mobilis in ipso mouente, &
708 828 1200 882 actio mouentis in ipso mobili: &
706 868 1199 906 sic mobile erit moues, & mouens erit
706 906 1201 946 mobile respectu eiusdem. quod est
709 943 1198 986 absurdum. Ad haec sequeretur, vt
707 985 1201 1034 in eademmet re reperirentur duo mo
708 1021 1197 1074 tus varil simul. Quid igitur obse¬
713 1061 1195 1098 ero erunt il duo motus? Tandem,
714 1102 1198 1151 si ponamus vtrunque motum simul
706 1138 1193 1190 esse in mouente, tunc sequeretur,
716 1178 1197 1227 p Tmobile non moueretur. &, si
714 1216 1188 1266 ponantur in ipso mobili, tunc se
714 1257 1182 1306 quetur quod Tn mouens non mouebit
710 1301 1186 1349 Hae igitur sunt difficultates, & am
710 1334 1189 1388 biguitates, quae insurgunt, si pona¬
710 1372 1197 1423 mus has duas actiones esse simperscus
710 1412 1198 1462 vnam, aut duas simpeisesitue, & absolute.
735 1452 1214 1502 Nos autem dicimus quod eorum actio
708 1492 1116 1544 est partim vna, partim duae.
749 1533 1214 1570 Vna quidem ratione subiecti eorum,
706 1580 1195 1617 quod vocatur motus, Duae vero in
710 1605 1202 1651 respectu. seu in relatione, quoniam, si ca
716 1647 1199 1692 piatur id, quod vocatur motus per se,
715 1685 1201 1737 erit quidem in ipso mobili, sed, si re
709 1725 1197 1770 feratur ad mouens, vocabitur Mo¬
707 1765 1197 1810 tio, &, si ad mobile referatur, voca¬
702 1800 1195 1842 bitur Mobilitas: nam eadem est ra¬
708 1840 1190 1893 tio huius, quae est reliquorum respe¬
