1416 2066
190 180 689 246 Cuigitur idem fuerit materia, &
200 229 691 299 coplementu, vsunt enim ambo aqua
199 277 705 339 sed illud est in potentia, et hoc secun
205 325 705 390 dum perfectionem 3& ita habet
194 374 699 445 se sicut pars in aliquo modo apud to¬
204 421 695 488 tu. et io haec duo sunt contangentia,
209 473 691 538 et fiut continua, quado fuerint am¬
207 523 693 586 bo vnu in actu. Hoc igitur sit di¬
209 572 654 634 ctum de loco si est, & quid est.
247 653 688 698 Nititur in hoc sermone dare cau¬
206 693 692 739 sam in hoc, quod contentum est simile com
208 733 700 778 tinenti. dicit enim quod a contentum ita se
206 772 695 811 habet ad continens, sicut materia ad
206 813 697 862 formam, i. & quemadmodum materia
212 852 701 898 perficitur per formam, ita contentum
215 890 705 942 perficitur per continens, &, quia hoc
206 933 700 971 est quasi non manifestum in hoc lo¬
208 981 693 1019 co, dixit Et videtue, &c. i. & videtur quod aqua
214 1011 696 1051 est similis materiae, & aer est similis
206 1048 696 1103 formae. & prper hanc similitudinem al¬
211 1093 699 1142 terum perficietur per alterum, sicut
206 1126 694 1171 materia per formam. BEt differunt,
217 1173 701 1217 quia continens, & contentum sunt in
206 1206 693 1249 actu, & forma, & materta non sunt
203 1245 694 1299 in actu scilicet vnaque per se. continens igi
199 1292 705 1330 tur, & contentum assimilantur par
210 1329 691 1380 ti, & toti quodam modo, & materiae
212 1364 701 1415 & formae quodammodo. Et, quia
219 1406 700 1458 trunque videtual quasi materia reliqui:
214 1445 701 1495 vtrunque enim elementorum vicinorum est
206 1483 698 1536 in potentia reliquum: & fuerit posi
214 1523 703 1570 tum quod alterum est quasi materia scilicet
215 1561 703 1611 contentum, & alterum quasi forma,
208 1605 699 1642 licet continens, incoepit declarare quod po
216 1640 697 1690 centia non dicitur in eis eodem modo,
210 1681 699 1723 & dixit aqua enim est in potentia aer,
210 1719 703 1772 &c. i. & diximus quod aqua est quasi mate
208 1761 703 1813 ria aeris, c quia aqua est scanta in potentia
214 1796 703 1848 primitus, & prima intenone vt sit aer,
207 1839 710 1892 aer vero quasi est in potentia perper formam
203 1877 711 1930 materiae. & quasi cam in hoc est, quia
733 181 1215 238 aer est quasi perfectio aquae, & ignis
728 220 1221 266 aeris d, scilicet quia contines est nobilius
726 260 1214 306 contento secundum hoc. & etiam alterum est
726 301 1213 348 quasi priuatio, & alterum quasi fora,
737 340 1221 393 & alterum quasi generatio, & alterum
734 375 1219 430 quasi corruptio. &, quia omnia ista non
729 415 1217 458 sunt manifesta in hoc loco, dixit: Et
730 455 1208 506 determinandum est hoc in postremo
731 493 1210 538 &c. i. & hoc, quid diximus, quod continen
725 533 1214 585 est quasi forma, & contentum quasi
728 580 1215 618 materia, non est manifestum in hoc lo
726 612 1217 659 co, sed accipiendum est hic pro constam
732 652 1215 694 ti quousque declaretur in aliis, scilicet i. 4.
735 694 1214 744 Coeli, & Mundi. D.d. Cum igitur idem
731 728 1186 770 fuerit materia, &c. vult declarare
735 765 1211 819 stum sermonem quod alterum esse quas
731 807 1215 851 materiam, & alterum quasi formam,
730 847 1219 890 facit etiam credere vt alterum sit sicut
731 888 1215 938 pars, & alterum quasi totum, alio modo
732 925 1214 970 vt dictum est superius. & dixit: Cum
726 965 1215 1017 igitur idem, &c. i. cum igitur idem. v. g.
735 1005 1214 1056 aqua fuerit compositum ex materia,
732 1045 1204 1097 & forma: vtrunque enim dicitur aqua
730 1092 1225 1137 quoniam materia dicitur aqua in potentia, &
727 1125 1219 1169 forma dicitur aqua in actu: manifestum
730 1161 1215 1216 est quod e materia est tanque pars, & for
724 1212 1221 1254 ma tanque totum. quoniam hoc nomen res
732 1240 1215 1295 dicitur de parte in potentia, & de to¬
734 1284 1213 1332 to in actu. &, cum ista situr dispo com.
726 1317 1223 1364 tinentis de contento, manifestum est
731 1358 1217 1409 quod continens ita se habet de conten¬
734 1398 1222 1453 to, sicut pars de toto. & est etiam
735 1437 1217 1491 quasi alia causa in similitudine, qu
733 1478 1231 1520 est inter illa. D.d. & ideo haec duo
733 1517 1233 1572 sunt contangentia, &c. idest &, quia
731 1556 1227 1602 ista habent se adinuicem sicut pars,
732 1597 1225 1642 & totum. ideo sunt contangentia,
733 1635 1223 1682 & sicut continua, scilicet continens,
734 1677 1228 1721 & contentum, quando alterum
734 1717 1236 1756 transmutabitur in alterum. Hoc
734 1757 1236 1803 igitur sit dictum de esse loci, & eius
737 1797 878 1850 quiditate.
