1416 2066
202 180 729 226 Iesse separatum: reuersus est etam ad
222 224 731 267 dicentes vacuum esse imbibitum in
227 263 717 320 corporibus, & penetrans illa, & ince
226 306 717 355 pit inducere rationes eonum, & di¬
225 356 715 394 xit: Et quidam existimant, i, quem
218 384 721 426 admodum dicentes vacuum esse se
220 425 723 476 paratum mouebantur ad hoc ex motu,
222 466 723 506 siiliter dicentes vacuum esse penetrans in
231 503 727 555 corpore dixerunt hoc ex hoc, quod sen
229 540 723 586 serunt de raritate, & desitate in cor¬
224 585 709 634 poribus. dicunt enim quod si in corporib
229 622 721 672 non esset raritas, & densitas, impossibie
223 661 722 716 esset vt corpora congregarentur in
231 689 725 746 te, & fierent minoris quantitatis, aut
228 739 722 787 rarefierent, & essent maioris quanti
226 775 720 818 tatis. & haec propositio est vera, scilicet di
229 816 723 858 ces hoc esse desum, & rarum, quae sunt
224 856 723 900 causa in hoc, quod idem corpus quandoque mi¬
229 900 724 945 norat, & quandoque fit maius. D.d, aut
218 935 724 978 non erit motus, &c. i. &, cum non fue
214 972 718 1025 rit haec congregatio, & constrictio
224 1021 725 1063 ad minorem quantitatem, sequitur,
222 1060 725 1101 vnum trium, scilicet aut quod non erit
222 1093 720 1142 motus scilicet generatio, aut motus trans¬
230 1131 720 1178 lationis rectus, aut totum moueatur,
228 1169 722 1211 aut, si fuerit generatio, necesse est vt
222 1207 715 1261 generatio sit aequalis scilicet quod si ex aqua
226 1247 717 1291 transmutatur aliqua quantitas aerea,
233 1286 723 1338 vt in illa hora transmutetur aqua in
229 1327 712 1382 illa eadem quantitate: quoniam, si non, mo¬
229 1364 718 1409 uebitur totu. Et hoc, quod dixerunt
221 1412 721 1443 manifestum est per se. Nos enim iam
230 1445 716 1494 posuimus quod corpus non subiicitur,
223 1480 717 1535 in corpore, nisi quando corpus constiin¬
222 1520 714 1575 gitur scilicet corpus, in quo subiicitur, aut
218 1561 715 1614 transfertur a suo loco. cum igitur cor¬
226 1605 704 1651 pus generatur a corpore, & genera¬
222 1643 708 1697 tum fuerit maioris quantitatis, quae il¬
220 1682 700 1731 lud, ex quo generatur. v. g. ex vna vn
214 1719 702 1770 cia aquae, cuius magnitudo est peda¬
215 1757 709 1809 lis, gnatur aer, cuius quantitas est bi
213 1804 710 1846 pedalis. sequitur enim ex hoc, aut vt cor¬
215 1833 705 1882 pus condensetur in se, aut continens
211 1870 699 1922 expellat corpora vicinantia, & con
754 189 1262 242 tinentia ipsum, & haec etiam expel¬
761 229 1251 267 ant alia continentia, donec totus mun¬
756 269 1256 321 dus expellatur, aut in illa nora gene
752 309 1255 360 retur aqua ex aere in alio loco aequa¬
757 345 1254 402 lis illi aeri. qui generatur hic ex aqua¬
755 388 1257 426 D.d, aut vacuum esse. sed hoc non se
755 437 1253 484 quitur ab ablatione istorum appo¬
759 462 1249 518 litorum, sed ex interemptione isto¬
753 504 1256 555 rum sequitur vt sit densitas, & ex dem
754 548 1249 587 sitate, vt fingunt, sequitur vacuum
759 582 1247 638 esse. ergo ista apposita, quae noni aue
757 619 1249 674 runt hic, sunt superfiua. sed intende¬
758 656 1251 699 bant declarare vacuum esse ex desi
750 700 1253 738 tate, & raritate. &, si intendebant de
757 739 1241 783 clarare densitatem, & raritatem esse,
756 781 1247 834 tunc syllogismus eorum erit mani¬
754 818 1247 868 sestus. quoniam tunc componeretur sic.
750 857 1246 898 Si vacuum non est, neque desitas. & ra¬
751 892 1253 938 ritas est. &, si densitas, & raritas non
753 934 1249 978 est, non erit motus rectus, nisi cor¬
755 980 1245 1025 pora penetrarentur, aut totum ex¬
757 1021 1253 1067 pellatur, aut moueatur. neque etiam
756 1053 1246 1104 generatio erit, nisi aequaliteur sed densi
749 1101 1246 1140 tas, & raritas sunt. Et deceptio in hoc
747 1129 1241 1182 syllogismo est in hoc, quod existimant
748 1171 1246 1223 quod densitas, & raritas non possunt es
753 1208 1247 1261 te, nisi per vacuum. D.d. impossibi¬
751 1246 1241 1300 le est enim constringi, &c. i. quoniam, si fue¬
746 1288 1241 1338 rit impossibile vt sit constrictio, necesse est
748 1325 1242 1370 vt aliquis istoium modorum sit possibi scilict
749 1373 1240 1418 aut vt non sit gnatio, aut vt totum
749 1405 1241 1457 moueatur, aut generatum, & illud,
746 1445 1235 1498 in quo gneatur, sint aequalia in quatitate.
786 1509 1235 1571 Si igitur rarum dicunt, mul¬
744 1561 1243 1602 ta vacua separata habens, mani¬
739 1598 1234 1642 festum est quod, si neque vacuum es¬
743 1645 1245 1698 se potest separabile, sicut neque lo
741 1685 1223 1738 cus habens spatium suiipsius,
740 1726 984 1778 neque rarum sic.
785 1769 1235 1834 Et, si intelligunt per rarum il¬
735 1819 1235 1866 lud, in quo sint foramina multa
736 1869 1234 1930 vacua existentia per se, manifestum
