1416 2066
170 180 687 239 est motus, sed sunt quantitatis es¬
179 229 691 283 sentialiter, & qualitatis per ac¬
176 277 699 331 tidens. Sit igitur tempus in quo
175 320 699 378 est motus, A, & motus sit B. Si
179 365 679 429 igitur iste totus motus est in hoc
179 413 675 470 toto tempore, ille, qui erit in me¬
682 356 699 410 i
180 461 688 506 dietate erit minor, & cum hoc di¬
695 178 1218 227 uidetur, iste erit minor. Eodem T
698 228 1193 282 modo, si motus etiam erit diuisi¬
689 273 1197 330 bilis, & tempus etiam erit di¬
689 317 1197 381 uisibile. quoniam, si in toto est
689 365 1200 418 totus, medietas erit in medieta¬
698 413 1136 460 te, deinde minori in minori.
170 1268 678 1322 Et, quia omne motum mouetur in ali
170 1310 682 1360 quod, aut in vbi, aut in quale, aut in
198 1349 676 1394 quanto, & omnis motus inuenitur in istis
190 1387 680 1433 tribus scilicet in moto, & in eo, in quo est
194 1423 673 1475 motus, & iu tempore. Et videtur mihi quod il¬
188 1460 684 1511 lud, quid iacet m textu, est melius quam cor¬
191 1501 677 1543 rectio Alex. quoniam, si posuerimus quod tpeors,
192 1537 664 1587 & motum, & genus, in quo est motus
189 1573 679 1610 haberent motum, sequeretur necessario
194 1619 670 1659 vt tpens sit diuisibile, & motum, & mo
188 1650 678 1697 tio. quoniam, si ista habent motum aliquem:
191 1685 675 1722 & omne, quod habet motum, est diuisibile:
191 1722 679 1771 concludetur ex hoc, quod omnia ista sint di¬
190 1764 674 1812 uisibilia: quid non concludit, si posueri
189 1797 684 1842 mus quod omne motum habet motu. Et, cum
711 1268 1217 1315 d. quod motus attribuitur vnicuique isto¬
712 1313 1211 1354 rum trium corporum, d. necesse est vt ten¬
708 1348 1212 1397 pus, & motus, & motio, & motum, &c.
709 1384 1211 1426 i. &, cum motus dicitur esse in illo, ii: quo
715 1422 1209 1466 mouetur, & in tpere, & in moto, necesse
707 1460 1205 1510 est vt ista diuidantur per diuisiones aequa¬
710 1500 1209 1538 les scilicet quod medietates motus sint in me¬
709 1540 1209 1586 dietate tperis, & in medietate eius, in quo
709 1571 1211 1610 em motus, & i medietate moti, & similiter
715 1608 1213 1658 de medietate medietatis, & sic in infi¬
709 1653 1207 1690 nitum. D.d. pter hoc, &c. i. & licet mo
712 1686 1206 1734 tus, & illud, i quo est motus, & tpens diui¬
711 1722 1212 1762 dantur diuisidnibus aequalibus, tamen diui¬
713 1761 1197 1798 sio in illo, in quo est motus, non attri¬
712 1797 1202 1850 buitur ei, in quo est motus eodem modo,
