1416 2066
201 170 697 210 pei actae mota: bene tamen agit per cogni¬
203 199 707 235 tionem respectu rerum, quae ad finem ordi
202 237 701 266 nantur, vel ad opus. nisi enim cognosceret pa¬
201 262 709 298 leas, & lutum, vtique nidum construere non posset.
215 314 696 362 SOLVTIONE S
262 355 654 402 contradictionum in dictis
321 396 589 443 Arist. & Auerrois,
287 445 619 499 Super Tertio Physicorum.
326 508 708 555 en Rima contradictio est in tex. 1.
365 545 703 587 Aris enim habet quod infinitum pri
363 579 711 620 mum apparet in continuo. Sed
352 606 709 650 lobuiabam. quia primo poste.
345 633 707 683 litex. I. in illo cap. Certior autem
203 672 711 706 scientia altera, altera est, & prior, videtur
202 705 708 744 Arist velle quod scientia illa, quae de simplicio
203 736 703 778 ribus principiis est, illa est natura prior, si¬
205 768 706 802 tur Arithmetica, Ceometria. Nam Arithme
206 804 699 835 tica est de vnitate, quae est principium nume
203 834 702 870 ri, Se ometria vera de puncto, quod est prin
199 861 701 898 cipium magnitudinis. vnitas autem simplici¬
205 893 701 930 ter est, quia vnitas situ caret: punctus autem
204 925 704 962 est substantia posita, vt ibi dicitur. Et ex hoc
210 965 704 994 videtur quod quando eadem accidentia com¬
212 990 702 1024 petunt indifferenter quantitati continua
209 1020 711 1053 & discretae, eadem prius natura conueniunt di¬
203 1050 703 1084 scretae quae continuae. cum igitur infinitudo
201 1082 705 1114 inueniatur in numeris & in magnitudini¬
202 1114 704 1158 bus, quia sicut magnitudo est diuisibilis in
201 1146 701 1190 infinitum, sic numerus est augmentabilis in
202 1178 702 1214 infinitum, videtur quod infinitudo prius natura
206 1210 701 1242 competit numeris quae continuis. & confit ma
203 1245 699 1274 tur. quia. i. phy. tex. com. 13. infiniti ratio con¬
204 1272 707 1309 gruit quantitati. idem. 3. phy. tex. com. 3s. &. 36.
198 1301 703 1338 Nisi esset quod vt dicit Alex. & Them. ideo in¬
205 1334 705 1369 finitum primum dicitur apparere in continuo, quae in
202 1370 696 1402 discreto, quia in definitione continui pon
205 1397 698 1435 tur infinitum, non autem in definitione difere
211 1432 701 1466 i. nam continuum est, quod diuiditur in infini¬
198 1464 699 1498 tum: non sic autem est de discreto. Aut quia
208 1493 695 1527 cum. discretum causetur ex diuisione con¬
207 1527 701 1562 tinui: sicut enim continuum est diuisibile in in
199 1558 697 1592 finitum, sic discretum est augmentabile in in
201 1589 699 1626 finitum. non enim discretum est ciuisibile in infi¬
199 1621 695 1654 nitum, nec augmentabile est continuum in in¬
198 1651 703 1690 finitum. 3. phy. te. com. So. & quia ex hoc, quod com
199 1684 703 1732 tinuum est diuisibile in infinitum, ex hoc discre
196 1715 698 1754 tum est augmentabile in infinitum, numerus enim
206 1755 695 1789 causatur ex diuisione continui, vt dicitur in 3. phy¬
196 1781 702 1818 ideo dictum est infinitum primo apparere in
202 1818 698 1846 continuo, & hoc pecipue locum habet secundum natura
204 1843 694 1882 lem consyderationem asserentem numerum causari
198 1874 693 1911 ex diuisione continui, sicut iam Arist. hic lo¬
199 1910 689 1952 quitur sed secundum mathematicam consyderationem,
735 168 1239 207 quae est secundum abstractionem, & imaginationem,
735 204 1233 235 credo quod infinitudo, & alia huiusmodi accidentia
738 234 1241 266 ommunia vtrique & continuo & discreto, ex parte,
739 260 1247 294 qua sunt quanta, prius natura participari a di¬
738 294 1239 328 screto quam a continuo, si quantum dicitur analogice,
740 323 1245 358 aut saltem aequalilitur, si vniuoce dicatur sed, quia secundum
741 354 1242 394 consyderationem naturalem quantitas discreta, quae
732 383 1240 419 est numerus, causatur ex diuisione continui, sic
733 417 1239 453 infiitudo inuenitur in numero prper continuum,
734 448 1243 483 saltem in gnere causae materialis. Sed Arithme
739 485 1245 514 ticus, qui natura praecedit Geometram, non
741 513 1243 554 consyderat istam rationem numeri, qui est sube¬
739 540 1245 579 ctum eius, inquantum a continuo habet causari,
741 580 1243 615 quia ista ratio sibi est extranea, inquantum
738 613 1237 646 est subiectum suae consyderationis: alioquin
738 640 1244 671 scientia Arithmeticae natura esset posterior
742 669 1241 712 Oeometria, & praesupponeret illam: quod tamen
740 700 1247 738 falsum est. Nec videatur tibi mirum hoc, quia
735 733 1241 770 multa hibunt verificari secundum naturalem consyde¬
741 762 1242 796 rationem, quorum opposita sunt vera secundum con¬
737 795 1239 830 syderationem mathematicam, sicut dicit Com.
741 833 1247 866 i. I. coeli. com. 32. quod motui circulari nihil est
735 858 1238 891 contrarium naturaliter, & tamen potest esse
736 893 1238 923 contrarietas in motibus eircularibus mathe
736 925 1188 954 matice, & secundum imaginationem.
767 948 1242 987 Secunda contradi. eit super eodem te. Aris.
741 985 1241 1019 in principio. 3. physi. dicit quod sicut Naturalis
734 1018 1237 1058 consyderate det de motu, quia motus ponitr
737 1050 1241 1090 in definitione naturae, eadem ratione, quia motus
732 1079 1247 1114 videtur esse de gneratione continuorum. Naturalis
732 1110 1241 1147 dent considerare de continuo. vbi Themistius
734 1145 1240 1180 expresse dicit quod continuum assumitur in defini
732 1178 1235 1211 tione motus. & ita etiam videtur dicere Com. in
737 1208 1238 1242 com. I. & clarius in sua media expositione, vbi
733 1239 1239 1281 continuando intentionem Philosophi dicit, quod
730 1271 1238 1311 quia in definitione naturae posuimus mo¬
735 1302 1237 1338 tum, oportet loqui de motu. definientis enim in¬
732 1339 1241 1370 terest declarare partes definitionis, & de
737 1367 1238 1405 passionibus partium. cum autem in definitione
732 1405 1236 1434 motus apparet continuum, & continuum conse¬
736 1430 1229 1471 quitur infinitum, quare etiam de continuo & in¬
732 1461 1237 1498 finito loqui det Naturalis. videtur igitur quod con
733 1495 1233 1530 tinuum sit de quiditate motus. Ex aduerso autem
732 1525 1230 1562 videtur esse authoritas ipsius Com. in. 4. phy. in
736 1558 1233 1594 com. 39. vbi dicit quod vnum accidentium nio¬
732 1590 1236 1626 tus est continuatio. Amplius est ratio. Si enim
737 1620 1227 1658 continuatio esset de quiditate motus, qui¬
737 1653 1234 1690 libet motus esset continuus. quia quod per
733 1685 1229 1716 se competit superiori, & primo, competit
737 1716 1238 1754 pibus inferioribus per se, licet non primo, si
729 1748 1233 1779 ue sit vniuocum, siue analogum: sed non quili¬
726 1779 1228 1813 bet motus est continuus, vt patet. 3. phiy. com. &
729 1809 1226 1845 &. 6. phy. com. 23. igitur continuum non est de
730 1844 1232 1883 quiditate motus. Amplius videtur esse autno
725 1878 1229 1913 titas Philosophi in. 3. meta. in ca. de quanto.
727 1908 1224 1946 te. com. I6. quod quantitas, & diuisibilitas, & com¬
