1416 2066
211 180 706 227 non contiuetur in hac declaratione
224 223 719 266 & ideo iste sermo non est communis sim¬
229 264 720 313 pliciter, sed secundum quod est notum in pri¬
218 302 714 346 mo aspectu de natura corporum. non.
223 340 729 386 dum. enim declaratum est, vtrum sit hoc
224 381 723 434 corpus habens naturam extra istam
225 420 723 466 naturam, aut non. a & ideo Arils. ite
223 468 718 514 rat hanc quodnem in coelo, & Mundo,
222 501 722 538 illic enim erit sermo communis simperitur, cum
227 541 723 591 illic deeclarabit numerum sperum cor¬
233 581 725 627 orum simplicium. BEt ideo poet in¬
228 613 716 671 telligi per corpus sensibile non quo
222 655 722 707 libet sensu, sed tactu. c corpus enim
226 695 717 749 coeleste est sensibile visu scilicet partes eius
226 735 715 790 luminosae, & est non tangibile om¬
226 775 721 818 nino. Declaratum est ivitur ex hoc
224 805 714 858 sermone vniversaliter, quod impossibile est cor¬
232 853 712 906 pus simplex tangibile infinitum esse
218 900 635 946 siue sit, elementum, siue non.
268 949 720 999 Si vero dissimile sit ipsum to
224 987 721 1034 tum, dissimilia & loca erunt. &
236 1034 723 1074 primum quidem non vnum cor¬
230 1072 721 1127 pus vniuersi est, nisi tangendo,
236 1116 724 1162 dleinde, aut finita haec erunt, aut
225 1157 717 1210 infinita specie. Atque finita quidem
223 1211 719 1250 non esse possunt. erunt enim alia
230 1243 727 1298 quidem finita, alia vero non, si
230 1285 717 1338 totum infinitum est, vt ignis, aut
224 1340 722 1370 aqua. corruptio autem, tale contra
211 1369 721 1427 rijs esset, sicut dictum est prius.
227 1413 724 1468 Et perper hoc nullus eorum, qui de
229 1456 707 1499 natura dixerunt, vnum, & infini
227 1500 717 1551 tum ignem fecit, aut terram, sed
226 1541 723 1599 aut aquam, aut aerem, aut eorum me¬
226 1585 722 1637 dium. quoniam locus vtriusque manife¬
224 1628 728 1679 stus erat, determinatusque, haec au¬
228 1669 716 1716 tem vtroque participant. eo, qui sur¬
226 1711 722 1754 sum, & eo, qui deorsum. Si autem
225 1754 724 1810 ifinita, & simplicia sunt, & loca
225 1796 724 1843 infinita, & infinita esnta erunt. Si
230 1840 725 1883 vero hoc impossibile, & loca finita
221 1884 723 1931 sunt, & totum finitum esse necesse
755 179 1273 226 est. impossibile enim est non aequari lol
752 229 1253 274 cum, & corpus. neque enim locus omnis
746 269 1255 322 maior est, quam quantum contingit
757 314 1253 362 corpus simul esse. simul autem neque
756 357 1257 406 infinitum erit corpus, neque cor¬
750 397 1259 450 pus maius quam locus, aut enim vacuum
751 440 1248 490 erit aliquid, aut corpus, quid nus¬
750 485 1144 534 quam aptum natura est esse.
794 565 1250 614 Et, si totum infinitu fuerit non
749 605 1243 666 consimile, loca eius et erunt non co
750 657 1248 707 similia, & sic corpus totius no erit
760 701 1242 762 vnum, nisi secundum contactu. &
748 748 1251 811 postea ista corpora aut erut finita,
750 796 1258 858 aut infinita in formis. Sed impossi
752 845 1248 906 bile est vt sint finita. quoddam. enim
749 893 1251 954 erit finitum, & quoddam no, cum
755 948 1249 1002 totum fuerit infinitum. & impos¬
755 993 1253 1051 sibile est vt vnu elementorum sit in¬
750 1045 1255 1107 finitu, vt ignis, aut aqua. & quod
749 1092 1255 1154 est tale corrupitur per cotraria. Et
751 1140 1248 1208 ideo nullus posuit vnum infinitum
748 1189 1246 1257 ignem, neque, terra, sed aqua, aut ac
747 1236 1251 1298 re, aut medin. quonia locus vtrius¬
750 1285 1246 1347 que est terminatus. & haec duo de
754 1333 1249 1395 clinant ad vtraque partem. in superio
748 1387 1255 1451 ri, & in inferiori. Si igitur simpli
755 1436 1251 1482 cia etiam fuerint infinita, loca eorum
752 1495 1255 1546 etiam erunt infinita, & sic & ele
750 1532 1253 1598 menta erunt infinita. Si igitur hoc
753 1581 1251 1644 sit impossibile, quia loca sunt infi¬
748 1629 1254 1690 nita, totum erit finitum, impossi¬
746 1676 1256 1738 bile est enim vt locus non sit nisi
753 1724 1255 1786 corporis. impossibile est enim vt lo
755 1773 1253 1834 cus totalis sit maior quatitate con
759 1874 1262 1939 sit infinitum. & impossibile est.
750 1837 1252 1885 poris. ex quo sequitur, vt corpus et
