1416 2066
190 172 707 229 Ista declaratio fundatur super pro
191 216 709 267 positiones, quarum vna est, quod velo
206 261 705 298 cius pertransit in aequali tpere maius
210 294 704 338 spatium, quam illud, quod pertransit
209 333 706 375 tardius. &, cum ita sit, & velocius, &
207 366 703 411 tardius sunt multis modis, possibile est,
205 405 707 455 cum posuerimus quod aliquod tardius
209 444 709 488 mouetur per aliquod spatium in
209 480 709 530 aliquo tempore, inuenire aliquod
206 524 708 567 velocius, quod mouetur illo tempore
204 554 700 603 per aequale, & dimidium illius spa¬
208 598 710 634 tii, & quod motum pertransit medieta
209 629 697 666 tem spatii, per quod mouetur in me
209 666 699 715 dietate illius temporis. Et, cum de
212 702 696 752 clarauit hoc, posuit aliquod tardius
206 744 705 787 quod mouetur per aliquod spatium
206 777 703 826 compositum ex duabus partibus in
211 813 709 858 diuisibilibus in aliquo tempore, &
206 854 711 890 posuit aliquod velocius moueri in il¬
211 888 705 930 lo tempore per aequale, & dimidium
213 927 702 976 illius spatii. & hoc possibile est. vnde
211 972 703 1014 necesse est vt spatium, per quod mo
212 1005 703 1042 uetur hoc velocius, componatur ex
212 1042 706 1082 tribus partibus indiuisibilibus: cum
212 1083 706 1126 proportio trium ad duo sit sexqui¬
205 1116 705 1162 altera. &, quia, tempus, in quo per¬
211 1152 697 1199 transitur maginnitudo, est aequale ma¬
210 1188 702 1235 gnitudini, & diuisibile in partes ae¬
210 1227 707 1267 quales numero partibus, quibus di¬
204 1268 711 1311 uiditur magnitudo, vt declaratum est
209 1299 696 1345 ex praedicta demonstratione, sequi
212 1340 704 1371 tur vt illud tempus, in quo velocius
214 1370 707 1420 pertransit magnitudinem composi¬
211 1403 713 1457 tam ex tribus magnitudinibus indi
218 1444 704 1483 uisibilibus, sit etiam compositum ex
210 1477 701 1527 tribus temporibus indiuisibilibus.
215 1514 703 1563 Et, quia tardius pertransiuit in hoc
215 1549 707 1600 tempore magnitudinem composi¬
211 1585 713 1634 tam ex magnitudinibus indiuisibi¬
211 1623 697 1666 libus, ptransibit medietatem istius ma¬
209 1660 706 1713 gnitudinis compositae ex duabus parti¬
218 1698 698 1738 bus indiuisibilibus, in medietate il¬
219 1735 707 1785 lius tperis. Et, quia istud tempus com
214 1773 707 1826 ponitur ex tribus partibus indiuisibi¬
743 173 1245 229 libus, se quitur vt pertranseat illam in
738 221 1231 269 parte, & dimidia tperis: & sic diuidit
740 257 1231 298 indiuisibile. Et hoc intendebat, cum
740 292 1232 342 dixit: Et etiam, quia tardius, &c. i. quando tar
739 329 1225 380 dius pertransit medietatem spati
737 365 1241 416 Ha. quoniam notum est quod, cum aliquod
738 406 1235 450 motum pertransit aliquod spatium
739 441 1231 482 in aliquo tempore, quod pertransibit
741 478 1237 521 medietatem illius spatil in medieta
742 516 1237 565 te illius temporis. Et etiam, si posue
741 557 1229 594 rimus hoc motum tardius moueri
742 591 1230 637 per totum spatium, per quod velo¬
738 625 1236 666 cius mouetur, pertransibit illud in
741 668 1229 704 maiori tempore, & mouebitur in mu
739 702 1225 751 dietate illius tperis per medietatem illius
734 741 1227 778 spatil compositi ex tribus partibus
734 773 1236 816 indiuisibilibus. & sic diuiditur indi
739 813 1226 851 uisibile. & hoc intendebat, cum dixit:
742 854 1233 898 quoniam pertransitus eius non erit
732 885 1231 935 in tempore aequali in tempore maiori,
737 930 1229 962 nedum vt sit in tempore indiuisibili.
812 973 1172 1011 SVMMA SECVNDA.
730 1005 1234 1042 Motum non niomento, sed tempore men
827 1035 1164 1082 surari: similiter & Quietem.
735 1068 1211 1117 ipsum Nunc indiuisibile esse ostenditur.
906 1109 1037 1154 Cap, 1.
909 1140 1227 1187 Ecesse autem est &
916 1184 1229 1234 ipsum Nunc, quod
917 1225 1222 1269 non secundum alterum, sed
914 1266 1217 1314 per se, & primum dicitur
736 1304 1229 1354 indiuisibile esse, & in omni tempore
737 1350 1222 1394 tale inesse. Est enim vltimum quod¬
740 1386 1231 1426 dam praeteriti, cuius versus haec
738 1429 1225 1473 nihil futuri est: & rursus futuri,
734 1468 1222 1506 cuius ver sus illa nihil est praete
733 1509 1219 1546 riti: quod vtique diximus vtro¬
731 1545 1083 1594 rumque esse terminum.
783 1580 1226 1647 Et necesse est vt instans etiam, quod
732 1629 1226 1690 non dicitur per aliud, sed per se, et
734 1677 1218 1731 principaliter, sit indiuisibile, &
736 1719 1218 1778 quod est in toto tempore vnum vno mo
738 1768 1224 1835 do. Est enim vltimum eius, quod fuit,
