1416 2066
178 181 689 227 vt contiuuatimo, & aeternitas sit in eis ex
197 218 682 258 iteratione inter contraria, scilicet iteratione
196 254 679 299 infinita. Et, quia ista rmunsio non est ve¬
198 293 679 342 ra, quia post declarabitur in hoc tracta¬
195 334 677 370 tu quod talis motus non est vnus, nec com.
196 364 687 410 tinuus, d. Dicamus igitur ad hoc, &c.
195 405 684 451 i. & intendit quod, cum fuerit iteratus. & quod
198 440 692 483 d. & ideo non oportet nos rfidere hac
199 478 687 519 rnsione in dissolutione istius quod nis.
195 515 689 563 D.facit quasi dubitationem in hoc scilicet
198 553 683 594 vtrum motus eiusdem rei iteratus inter
192 597 690 632 duos fines sit vnus motus continuus,
196 633 693 678 aut non continuus, & d. dignius est ini
196 657 686 707 tur, &c. i. & est dignius vt sit necessa
203 708 688 746 tium vt motus iteratus non sit vnus mo
199 739 686 778 tus, & si non est necessarium vt idem mo
197 780 687 826 tum moueatur eodem motu, sed pot mo¬
200 815 687 859 ueri pluribus motibus. D.dedit exen¬
207 858 693 903 plum de hoc, & d. v. g. vtrum sonus, &c.
196 893 688 930 idest. v. g. dicere, vtrum sonus eiusdem
198 933 684 978 chordae, super quam iteratur manus per
200 964 688 1002 cutientis sine pausatione, sit idem so¬
197 1005 691 1042 nus, aut plures. Et hoc intendebat, cum
196 1038 690 1090 d, aut est semper vnus post alium. i. quod
207 1078 693 1127 quilibet sonus eorum est alius ab al¬
196 1116 693 1164 tero, dum percussio fuerit continua. quoniam
199 1152 687 1204 non est dubium quod, si percussio non fue¬
198 1189 689 1239 rit continua, quod soni erunt plures. D.d.
199 1228 685 1274 licet chorda, &c. i. & ista quod non intel
203 1263 689 1307 ligitur nisi quando chorda fuerit in tempore
204 1299 688 1349 pcussionis in eadem dispone fortitu¬
198 1338 690 1379 dinis: & similiter percussio, & chorda in hoc
203 1375 692 1418 tpre appareat moueri non quiescere. in
202 1421 696 1463 tali igitur dispone dubitatur in motu
202 1452 687 1497 chordae ad duas pertes oppositas, vtrum
201 1487 694 1538 sit vnus motus, aut plures. D.d. sed secundum
205 1525 695 1568 vtrumlibet, &c. i. & secundum vtrumlibet istor
203 1564 693 1609 duorum modorum fuerit dispo de mo¬
202 1605 692 1642 tu iterato, scilicet siue fuerit vnus, siue non,
202 1639 685 1682 hoc non, prohibet, quind hic iueniatur vius
202 1677 692 1728 motus simpersitur, perper hoc, quod est continuus, &
204 1717 688 1764 aeternus. D.d. & hoc declabitur post ma
198 1751 694 1799 gis. & itendit cum locutus fuerit de motu
198 1789 695 1834 ptiuo, &dclabit ips esse motum diurnum.
761 173 1209 226 Moueri autem id, quid non mouet,
718 221 1207 268 nullum est inconueniens, si aliquando qui
714 261 1217 306 dem sit id, quod mouet, extrinfecus,
717 300 1226 352 aliquand autem non. Hoc tamen, quomodo vtique
717 340 1217 395 erit, inquirendum est. dico autem, vt
725 381 1223 426 idem ab eodem motiuo existente ali¬
723 422 1223 473 quando quidem moueatur, aliquando autem
717 461 1225 506 non. nihil enim aliud dubitat hoc
719 506 1222 546 dicens, quam propter quid non sem
725 542 1216 594 per eorum, quae sunt, alia quidem
727 589 1219 634 quiescunt, alia vero mouentur.
763 623 1217 683 Aliquid aut moueri, postqua
720 669 1202 735 no mouebatur, non est inopinabile
717 716 1211 774 cu positum fuerit quod motus illius
723 772 1211 822 est extrinsecus ab eo. Et non inten¬
724 804 1215 868 dimus hic qurere quo sit hoc, scilicet quo
720 853 1212 911 erit illud, quod mouet, & illud,
719 901 1215 959 quod mouetur, & est idem quan¬
723 944 1213 1006 doque mouens, quandoque non. dicens
727 992 1219 1051 en hoc non dubitat, nisi in hac in¬
723 1037 1215 1098 tentione sola, scilicet quare quae¬
723 1084 1217 1147 dam entia non sunt semper quie¬
723 1132 1208 1180 scentia, et quaedam semper mota.
759 1189 1213 1239 Cum dissoluit primam quodnem, incoepit
728 1222 1219 1266 dissoluere secundam, in qua dictum fuit
724 1262 1214 1311 qualiter contingit, si hic sit motus conti
727 1306 1210 1346 nuus, vt quaedam rerum moueantur quandoque, &
722 1335 1212 1386 quiescant quandoque, & d. Aliquid autem mo
725 1380 1217 1428 ueri, &c. i. quod autem, in qua quaeritur, quare
731 1412 1215 1463 plures rerum mouentur, postque non mo¬
723 1454 1215 1491 uebantur, non est difficilis ad dissoluen¬
729 1486 1213 1538 dum in rebus, quarum motor est extri¬
722 1525 1222 1574 secus. notum enim est per se quod cam in hoc
726 1562 1212 1602 est aut absentia motoris, aut distan
722 1600 1215 1642 tia eius, aut pesentia impedimenti. Et
731 1637 1215 1688 quasi innuit in hoc, quod dissolutio quod¬
723 1682 1211 1723 nis in hoc est, quod corpora simplicia
722 1715 1217 1762 non mouentur ex se. Et, quia ista quae¬
721 1750 1216 1802 stio inducit quaerentem ad dicendum quo
719 1796 1218 1842 modo, prouenit motus nouus a motore
