1416 2066
197 180 715 232 Et, quia Antique opinabantur quod suba,
197 221 703 259 & natura entium est vltimum subie¬
213 260 709 298 ctum, ideo snima eorum in natura en¬
213 301 705 339 tium sequitur sniam eorum in natu¬
211 340 709 386 ra causae istius. qui enim eorum dicit quod
212 373 701 423 materia entium est ignis, dicit quid natu¬
210 414 709 458 ra omnium entium est ignis: & similiter qui
213 450 700 499 dicit aquam aut aerem, aut aliud elnto¬
213 488 696 539 rum, aut plura, aut omnia ipsa. vnusque
209 532 701 566 quae enim eorum posuit naturam entium
206 564 708 607 illud, quod existimauit esse huiusmodi. &
210 604 696 656 opinati sunt quod formae, & alia existen
213 652 709 685 tia in ista natura sunt passiones, &
203 680 707 722 accidentia, & quod nulla est hic substan¬
213 717 712 769 tia, nisi ista natura. D.d. illud enim quod
206 759 712 810 existimauit, &c. i. illud enim quid vnusques
207 796 711 841 que Antiquorum existimauit esse
210 844 705 884 primum subiectum, & primam mate
210 872 704 915 riam omnium entium, siue vnum fue¬
207 919 707 954 rit illud subiectum, siue plura, illud,
212 950 705 995 vel illa subiecta dicunt esse substan¬
212 989 704 1029 tias omnium rerum, & quod omnia alia pter¬
218 1029 711 1078 lla sunt accidentia. Et d. hoc, quia tunc
212 1069 702 1115 nondum sciebant causam formalem: neque
210 1107 707 1154 erat distincta ab aliis accidentibus, si¬
213 1148 701 1187 cut dixit Alex. Et, cum dixit: & qui
217 1185 703 1225 dam terram intendebat cum aliis ele¬
215 1226 707 1266 mentis, vt dixit Parmenides, terram,
213 1260 710 1311 & ignem. nullus enim dixit solam ter
215 1297 511 1346 ram esse principium.
234 1357 688 1411 Et hoi um quidem quodlibe
210 1398 697 1443 esse perperuum, non enim esse mu
205 1438 707 1490 tationem ipsis ex seipsis, alia ant
211 1485 701 1522 fieri, & corrumpi infinities. Vno
207 1524 703 1570 igitur modo natura sic dicitur prima vni
211 1565 702 1620 cuique subriecta materia huntium
203 1605 698 1650 in seipsis motus principium, & mn
207 1647 698 1698 tationis: Alio autem modo forma, &
205 1693 625 1738 species, quae secundum rationem.
251 1729 693 1786 Et quodcunque istorum sit e aeter
203 1773 698 1834 num, non enim habet transmutatione
202 1824 710 1890 ex se, & alia generantur, & cor¬
733 176 1247 248 rumpuntur infinities. Iste igitur,
735 228 1237 285 est vnus modus, secundum que di¬
740 269 1235 331 citur natura, scilicet prima materia sub
743 322 1237 378 ecta vnicuque eorum, in quibus est
743 372 1239 426 principium motus, & transmuta¬
735 415 1241 466 tionis: Et dicitur alio modo de erea
739 463 1245 523 tione, & forma, quae est secundum
737 524 881 562 rationem.
774 557 1234 601 Dicit: Quicunque istorum dixerint
736 595 1233 651 ipsum esse subiectum, omnes conueniunt
737 637 1235 682 in hoc, quod necesse est vt sit aeternum.
739 677 1233 714 non habet enim transmutationem ex se:
737 717 1235 762 quia non habet subiectum, vt positum
738 753 1226 795 est scilicet ipsum esse primum, in tracta¬
738 790 1239 844 tu pecedenti: & alia, quae sunt in isto, ge
741 829 1233 874 nerantur & corrumpuntur infinities sue¬
742 877 1237 913 cessiuem. &, quia isti crediderunt quod ens
739 908 1241 947 debet esse permanens, non transmuta
738 949 1239 986 bi le, & inuenerunt materiam esse ta¬
735 988 1237 1026 lem, crediderunt eam esse solam na
738 1033 1232 1067 turam entis. D.d. iste igitur est vnus
732 1063 1227 1106 modus eorum, secundum quos dicitur natura, scilicet
734 1101 1222 1148 prima materia subiecta omnibus for¬
737 1142 1219 1194 mis: quoniam a non prima est composi¬
735 1180 1228 1226 ta ex forma & materia: quoniam, quia vnum
734 1222 1218 1266 quodque entium quod habet princi
743 1256 1225 1298 pium motus proprium, uecesse est
732 1300 1222 1344 ipsum habere subiectum proprium proeter
742 1333 1230 1371 primum subiectum commune: sed ista non
730 1372 1229 1410 est materia pura, sed composita: est
730 1408 1222 1459 ligitur habens naturam, non natura. D.d
738 1447 1230 1498 Et dicitur alio modo, &c. & intendit per
734 1486 1227 1530 rationem definitionem, & dixit hoc,
734 1525 1220 1563 b quia forma comprehenditur per intelsecundum
783 1580 1214 1626 Vt enim ars dicitur quod secundum ar
732 1620 1231 1666 tem, & artificiale, & sic & natu¬
726 1669 1225 1714 ra quod secundum naturam dicitur, &
731 1707 1227 1747 quod naturale, Neque autem illud
732 1749 1229 1794 adhuc dicimus habere secundum artem
728 1788 1202 1833 aliquid, si potentia tantdum est lecti
733 1832 1227 1874 nondum autem habet formam le
