2256 3305
217 294 141 71 Quarto
316 294 169 71 naturale
442 294 183 71 accipitur
583 294 85 71 vt
626 294 225 71 distinguitur
809 294 183 71 contratra
936 294 70 71 li-

229 351 147 53 perum.
332 351 88 53 et
377 351 103 53 sic
436 351 192 53 generatio
583 351 147 53 diuina
686 351 103 53 est
745 351 192 53 naturalis
893 351 118 53 quia
952 351 44 53 a

224 387 183 57 principio
365 387 169 57 naturali
492 387 99 57 est
548 387 169 57 scilicet
675 387 70 57 a
703 387 155 57 memoria
816 387 155 57 fecunda
914 387 85 57 quae

218 437 159 52 continet
337 437 173 52 essentiam
470 437 93 52 cum
523 437 199 52 intellectum
682 437 93 52 quo
735 437 159 52 vtrumque
842 437 159 52 principiat

231 479 215 52 naturaliter.
405 479 108 52 vnde
473 479 148 52 differt
580 479 175 52 generatio
715 479 121 52 filii
795 479 67 52 a
809 479 188 52 productionem

224 511 118 59 spiritus
313 511 108 59 sancti.
392 511 79 59 quia
441 511 128 59 productio
540 511 118 59 spiritus
628 511 99 59 sancti
697 511 108 59 dicitur
776 511 99 59 libera
845 511 99 59 tantum
904 511 99 59 secundum

236 561 114 40 Aug.
307 561 86 40 eo
350 561 114 40 quod
421 561 171 40 procedit
550 561 100 40 per
607 561 128 40 modum
692 561 200 40 voluntatis
849 561 86 40 et
892 561 143 40 amoris

225 599 105 66 Sed
285 599 194 66 generatio
434 599 165 66 dicitur
554 599 194 66 naturalis
704 599 90 66 et
749 599 105 66 non
809 599 165 66 libera.
913 599 90 66 quia

225 638 108 60 noen
293 638 95 60 est
347 638 95 60 per
401 638 122 60 modum
483 638 135 60 amoris
577 638 95 60 sed
632 638 95 60 per
686 638 122 60 modum
767 638 203 60 natiuitatis

237 680 103 52 Sed
296 680 88 52 d.
340 680 133 52 Exquo
429 680 191 52 productio
576 680 177 52 spiritus
708 680 147 52 sancti
812 680 103 52 est
870 680 118 52 eque
929 680 74 52 ne-

235 724 170 63 cessaria
363 724 85 63 et
405 724 185 63 naturalis
547 724 128 63 sicut
633 724 142 63 filii.
732 724 128 63 Quare
817 724 114 63 ergo
874 724 128 63 dicitur

230 768 136 63 magis
321 768 152 63 libera
427 768 106 63 vel
488 768 136 63 minus
579 768 197 63 naturalis
730 768 121 63 quam
806 768 197 63 productio
942 768 61 63 fi

238 808 87 60 iii.
293 808 164 60 Respondetur
424 808 131 60 secundum
522 808 109 60 eundem
598 808 98 60 Fran.
664 808 76 60 di.
707 808 65 60 x.
740 808 65 60 q.
773 808 65 60 i.
806 808 98 60 super
871 808 98 60 primo
926 808 65 60 quod

231 846 97 54 ideo
292 846 97 54 sola
352 846 158 54 productio
474 846 146 54 spiritus
584 846 122 54 sancti
669 846 122 54 libera
754 846 146 54 dicitur.
863 846 97 54 quia
924 846 85 54 est
961 846 36 54 a

226 895 109 59 tali
295 895 178 59 principio
432 895 164 59 scilicet
555 895 68 59 a
582 895 164 59 potentia
705 895 164 59 volitiua
828 895 96 59 que
883 895 109 59 mere
938 895 68 59 est

221 934 179 58 libera.
351 934 163 58 vtpote
465 934 114 58 per
530 934 147 58 modum
628 934 163 58 amoris
742 934 228 58 liberalis.
905 934 98 58 Pro-

218 978 134 54 ductio
311 978 120 54 autem
391 978 120 54 filii
472 978 94 54 est
525 978 67 54 a
552 978 174 54 principio
685 978 174 54 totaliter
819 978 160 54 naturali
926 978 80 54 quia

228 1026 206 45 producitur
390 1026 103 45 per
449 1026 133 45 modum
538 1026 221 45 natiuitatis
714 1026 118 45 ideo
788 1026 118 45 ipsa
862 1026 118 45 mere
921 1026 88 45 natu

227 1066 118 45 ralis
306 1066 144 45 dicitur
411 1066 79 45 et
450 1066 92 45 non
502 1066 144 45 libera.
607 1066 79 45 vt
647 1066 92 45 sic
699 1066 184 45 accipiendo
844 1066 157 45 naturale
949 1066 52 45 et

229 1102 154 74 liberum
341 1102 98 74 Hec
397 1102 84 74 ex
438 1102 126 74 Fran.
522 1102 84 74 Ad
564 1102 112 74 idem
634 1102 126 74 infra
718 1102 98 74 vbi
774 1102 168 74 Liberum.
899 1102 84 74 §.
927 1102 70 74 iii

234 1164 121 105 ¶
282 1164 193 105 Quid
403 1164 338 105 vtilitatis
669 1164 266 105 confert
838 1164 169 105 mundo

219 1256 139 50 diuia
311 1256 216 50 generatio.
481 1256 123 50 vide
558 1256 108 50 vbi
620 1256 170 50 Creare.
743 1256 93 50 §.
774 1256 77 50 ii.

276 1332 98 72 ¶
316 1332 118 72 An
374 1332 235 72 generare
551 1332 157 72 sibi
649 1332 196 72 simile
786 1332 176 72 dicat
884 1332 118 72 per-

215 1395 204 68 fectionem
372 1395 94 68 in
419 1395 188 68 diuinis.
561 1395 126 68 vide
639 1395 110 68 vbi
702 1395 220 68 Perfectio.
875 1395 94 68 §.
906 1395 110 68 viii.

226 1456 127 97 ¶
276 1456 203 97 Item
404 1456 153 97 An
480 1456 331 97 generatio
709 1456 305 97 distingua-

233 1535 96 70 tur
288 1535 69 70 a
316 1535 220 70 processione.
494 1535 110 70 vide
563 1535 96 70 vbi
618 1535 192 70 Processio.
769 1535 82 70 §.
810 1535 82 70 v.
851 1535 82 70 et
879 1535 137 70 sequenti

227 1593 122 114 ¶
275 1593 219 114 Utrum
421 1593 316 114 generatio
664 1593 170 114 vel
737 1593 268 114 productio

223 1692 130 54 filii
309 1692 101 54 dei
367 1692 72 54 a
396 1692 130 54 patre
482 1692 101 54 sit
540 1692 101 54 per
597 1692 130 54 modum
684 1692 259 54 exemplaritatis
900 1692 101 54 vel
943 1692 58 54 ac

233 1735 95 52 tis
288 1735 163 52 Arguitur
410 1735 108 52 quod
477 1735 108 52 non.
545 1735 108 52 quia
613 1735 176 52 generatio
748 1735 122 52 filii
829 1735 95 52 dei
884 1735 95 52 est
924 1735 95 52 natu-

221 1770 151 49 ralis.
327 1770 121 49 ergo
402 1770 106 49 non
463 1770 242 49 artificialis
659 1770 106 49 cum
720 1770 181 49 naturale
841 1770 166 49 distingua

238 1820 81 55 tur
285 1820 116 55 contra
366 1820 186 55 artificiale.
517 1820 81 55 Sed
563 1820 70 55 in
598 1820 151 55 oppositum
714 1820 81 55 est
760 1820 93 55 quia
818 1820 162 55 Augustinus
934 1820 70 55 vii.

242 1856 77 60 de
281 1856 102 60 tri.
344 1856 115 60 dicit
421 1856 102 60 quod
485 1856 128 60 filius
574 1856 89 60 est
626 1856 115 60 plena
702 1856 89 60 ars
753 1856 115 60 omnim
830 1856 166 60 rationum.
945 1856 64 60 er-

236 1903 82 56 go
277 1903 96 56 est
332 1903 164 56 exemplar
455 1903 137 56 omnium
551 1903 137 56 vtpote
647 1903 137 56 verbum
743 1903 137 56 patris
839 1903 96 56 per
894 1903 110 56 quod
949 1903 68 56 fa-

234 1951 82 49 cta
281 1951 93 49 sunt
339 1951 105 49 omnia
409 1951 70 49 vt
444 1951 152 49 scribitur
561 1951 93 49 Ioam
619 1951 70 49 i.
654 1951 70 49 c.
689 1951 70 49 Ad
724 1951 82 49 hec
771 1951 175 49 respondetur
899 1951 117 49 secundum

231 1988 164 57 Bonauem.
354 1988 123 57 super
436 1988 123 57 primo
518 1988 96 57 di.
573 1988 96 57 vi.
628 1988 82 57 q.
668 1988 123 57 vlti.
750 1988 150 57 concor.
860 1988 123 57 Rich.
928 1988 82 57 Quod

239 2031 188 55 procedere
383 2031 101 55 per
441 2031 130 55 modum
528 2031 261 55 exemplaritatis
745 2031 101 55 vel
803 2031 130 55 artis
890 2031 101 55 est
934 2031 72 55 du-

246 2073 173 44 pliciter.
379 2073 93 44 Uno
432 2073 106 44 modo
498 2073 120 44 sicut
578 2073 186 44 exemplatum
725 2073 160 44 proprie.
844 2073 80 44 et
884 2073 93 44 sic
924 2073 80 44 crea

242 2116 105 52 tura
307 2116 183 52 producitur
451 2116 65 52 a
477 2116 91 52 deo
529 2116 144 52 tanquam
634 2116 183 52 exemplatum
778 2116 78 52 ab
817 2116 170 52 exemplari
935 2116 78 52 quia

233 2155 109 58 deus
301 2155 163 58 produxit
424 2155 177 58 creaturam
560 2155 163 58 secundum
683 2155 163 58 exemplar
805 2155 109 58 suum
873 2155 109 58 quod
928 2155 95 58 habet

238 2194 95 60 in
286 2194 142 60 mente
381 2194 174 60 diuina.
507 2194 127 60 vnde
586 2194 111 60 sic
649 2194 190 60 exemplar
792 2194 190 60 importat
918 2194 95 60 for-

236 2241 140 54 malem
330 2241 203 54 causalita
486 2241 109 54 est
548 2241 187 54 respectu
689 2241 203 54 exemplati
845 2241 125 54 Alio
907 2241 94 54 modo

233 2281 138 58 dicitur
334 2281 163 58 procedere
459 2281 88 58 per
509 2281 113 58 modum
584 2281 188 58 exemplantis
734 2281 113 58 sicut
810 2281 113 58 ratio
872 2281 138 58 exemplani

236 2324 72 60 di
272 2324 109 60 alia.
345 2324 72 60 et
381 2324 85 60 sic
429 2324 145 60 procedit
538 2324 121 60 filius
622 2324 60 60 a
647 2324 121 60 patre.
731 2324 97 60 quia
792 2324 85 60 est
840 2324 121 60 verbum
912 2324 97 60 patris

241 2365 89 60 quo
292 2365 89 60 non
343 2365 127 60 tantum
432 2365 76 60 se
470 2365 152 60 loquitur
584 2365 89 60 sed
635 2365 114 60 etiam
711 2365 127 60 queque
800 2365 127 60 cetera
876 2365 140 60 disponit.

247 2412 92 51 pite
304 2412 80 51 eim
350 2412 114 51 filius
430 2412 80 51 est
476 2412 80 51 ars
521 2412 69 51 et
556 2412 137 51 exemplar
659 2412 114 51 omnium
739 2412 137 51 secundum
842 2412 92 51 Aug.
899 2412 114 51 supra.
968 2412 57 51 ar-

232 2455 166 45 gumento
353 2455 90 45 in
398 2455 211 45 oppositum.
564 2455 121 45 Hinc
639 2455 136 45 habet
730 2455 136 45 ortum
820 2455 136 45 illud
895 2455 121 45 consue

234 2497 94 47 tum
287 2497 134 47 dictum
381 2497 121 47 vicem
462 2497 107 47 quod
529 2497 94 47 Qui
582 2497 121 47 negat
663 2497 121 47 ideas
743 2497 107 47 esse
810 2497 80 47 in
851 2497 121 47 mente
918 2497 107 47 diuina

235 2541 123 59 negat
317 2541 136 59 filium
413 2541 95 59 dei
467 2541 68 59 ¶
494 2541 82 59 Ex
535 2541 95 59 aut
590 2541 177 59 obiicitur
726 2541 82 59 in
767 2541 191 59 argumento.
917 2541 109 59 quia
971 2541 55 59 fi

243 2575 104 55 lius
308 2575 91 55 dei
360 2575 170 55 generatur
491 2575 196 55 generatione
648 2575 170 55 naturali.
778 2575 104 55 ergo
843 2575 91 55 non
882 2575 144 55 artificia

234 2620 94 59 li.
287 2620 161 59 Dicendum
408 2620 94 59 est
462 2620 161 59 secundum
583 2620 161 59 Bonauem.
704 2620 108 59 quod
771 2620 148 59 quamuis
879 2620 134 59 primus
959 2620 54 59 mo

239 2663 99 61 dus
295 2663 254 61 exemplaritatis
507 2663 212 61 praedictus:
676 2663 169 61 naturali
803 2663 183 61 processui
930 2663 85 61 repu

234 2710 119 64 gnat.
313 2710 106 64 quia
380 2710 199 64 artificiale
539 2710 93 64 fit
592 2710 159 64 secundum
711 2710 186 64 voluntatis
857 2710 159 64 imperium
963 2710 66 64 non

1074 292 78 75 er
1113 292 155 75 naturam.
1229 292 116 75 tamen
1307 292 155 75 Secundus
1423 292 116 75 modus
1501 292 181 75 procedendi
1643 292 91 75 iam
1695 292 129 75 dictus
1772 292 65 75 non

1054 359 166 48 repugnat
1178 359 179 48 processui
1317 359 179 48 naturali.
1455 359 110 48 vnde
1524 359 97 48 non
1579 359 124 48 potst
1662 359 110 48 esse
1731 359 110 48 nisi
1786 359 69 48 na-

1057 401 126 40 turalis
1148 401 149 40 processio
1263 401 103 40 filii
1332 401 92 40 dei.
1390 401 92 40 quia
1447 401 138 40 procedit
1550 401 57 40 a
1573 401 103 40 patre
1642 401 138 40 secundum
1734 401 115 40 rationem

1065 435 229 48 exemplaritatis
1256 435 89 48 non
1307 435 114 48 sicut
1383 435 178 48 exemplatum
1523 435 89 48 per
1574 435 140 48 aliquod
1676 435 153 48 exemplar
1777 435 64 48 vel

1071 481 86 46 per
1120 481 123 46 artem.
1206 481 99 46 quia
1268 481 86 46 non
1317 481 111 46 habet
1391 481 148 46 exemplar
1502 481 74 46 in
1539 481 111 46 patre
1613 481 86 46 sed
1662 481 148 46 procedit
1761 481 86 46 sicut

1063 525 111 62 ipsum
1137 525 148 62 exemplar
1248 525 86 62 vel
1297 525 111 62 ratio
1371 525 173 62 exemplandi
1507 525 123 62 cetera
1594 525 99 62 quia
1655 525 86 62 est
1705 525 123 62 verbum
1779 525 74 62 dici

1063 564 97 48 cui
1119 564 222 48 appropriatur
1299 564 181 48 sapientia
1438 564 83 48 et
1480 564 111 48 ars.
1549 564 69 48 ¶
1577 564 83 48 Ad
1619 564 97 48 hec
1674 564 153 48 exeplum
1772 564 83 48 ali-

1070 604 118 53 quale
1149 604 118 53 ponit
1228 604 118 53 Rich.
1307 604 79 53 de
1346 604 105 53 med.
1412 604 105 53 vil.
1478 604 105 53 dici
1543 604 105 53 quod
1609 604 79 53 si
1649 604 145 53 aliquis
1741 604 118 53 artifex

1060 651 195 47 conciperet
1213 651 209 47 naturaliter
1381 651 153 47 aliquod
1492 651 167 47 exemplar
1618 651 84 47 in
1660 651 126 47 mente
1743 651 112 47 sua.
1799 651 56 47 pu

1073 694 72 38 a
1101 694 87 38 de
1145 694 202 38 edificanda
1304 694 116 38 domo
1376 694 101 38 vel
1434 694 116 38 alio
1506 694 202 38 artificio.
1665 694 101 38 ita
1723 694 116 38 quod
1781 694 72 38 non

1064 730 148 44 haberet
1171 730 161 44 aspectum
1292 730 80 44 ad
1332 730 148 44 aliquod
1439 730 161 44 exemplar
1560 730 80 44 in
1600 730 201 44 concipiendo
1748 730 107 44 illius

1064 780 197 50 conceptionis
1224 780 185 50 directiuum.
1372 780 74 50 Et
1409 780 123 50 postea
1495 780 148 50 secundum
1606 780 111 50 illud
1680 780 148 50 exemplar
1778 780 62 50 con

1059 823 154 40 ceptum
1166 823 169 40 faceret
1289 823 138 40 domum
1382 823 108 40 vel
1443 823 169 40 aliquod
1566 823 231 40 artificiale
1735 823 108 40 opus.

1065 857 107 59 tume
1132 857 174 59 diceremus
1266 857 107 59 quod
1333 857 121 59 illud
1413 857 161 59 exemplar
1534 857 174 59 processit
1668 857 80 59 ab
1708 857 107 59 illo
1762 857 94 59 arti-

1062 900 108 57 fice
1129 900 94 57 non
1183 900 81 57 vt
1223 900 189 57 exemplatum
1372 900 94 57 sed
1426 900 148 57 tamquam
1534 900 121 57 ratio
1615 900 202 57 exemplandi.
1763 900 81 57 Opus

1068 941 118 51 autem
1146 941 118 51 illud
1225 941 91 51 vel
1277 941 118 51 domus
1355 941 91 51 qua
1408 941 91 51 fit
1460 941 78 51 ad
1499 941 91 51 hoc
1551 941 157 51 exemplar
1669 941 183 51 producitur
1800 941 52 51 ab

1050 984 120 66 illo
1125 984 180 66 artifice
1260 984 165 66 tamquam
1380 984 225 66 exemplatum.
1559 984 105 66 Hec
1619 984 90 66 ex
1649 984 105 66 Rich.

1081 1044 110 107 ¶
1125 1044 154 107 Sed
1213 1044 330 107 difficultas
1478 1044 286 107 occurrit.
1698 1044 132 107 si
1742 1044 110 107 pa-

1062 1130 93 60 ter
1115 1130 159 60 producit
1234 1130 132 60 filium
1327 1130 185 60 aspiciendo
1472 1130 79 60 ad
1512 1130 132 60 seipet
1605 1130 146 60 tamquam
1711 1130 79 60 ad
1737 1130 106 60 quodam

1068 1178 157 43 exemplar
1186 1178 131 43 filii.
1277 1178 78 43 Et
1316 1178 157 43 arguitur
1434 1178 105 43 quod
1499 1178 105 43 sic.
1565 1178 105 43 quia
1630 1178 118 43 pater
1695 1178 157 43 cognoscen-

1065 1214 71 54 do
1101 1214 83 54 vel
1148 1214 190 54 intelligendo
1303 1214 131 54 seipsum
1398 1214 143 54 producit
1505 1214 119 54 filium
1588 1214 83 54 ita
1636 1214 95 54 quod
1695 1214 143 54 secundum
1791 1214 59 54 in-

1060 1258 193 53 telligendi
1212 1258 179 53 rationem.
1349 1258 124 53 prius
1432 1258 96 53 est
1487 1258 165 53 cognitio
1611 1258 138 53 patris
1707 1258 110 53 quam
1762 1258 83 53 pro-

1063 1295 123 57 ductio
1149 1295 123 57 filii.
1234 1295 98 57 ergo
1296 1295 135 57 habetur
1394 1295 172 57 propositum
1528 1295 98 57 etc.
1590 1295 184 57 Respondetur
1724 1295 123 57 secundum

1059 1345 143 48 eundem
1159 1345 129 48 Rich.
1244 1345 114 48 quod
1316 1345 114 48 etsi
1387 1345 129 48 pater
1473 1345 86 48 in
1516 1345 171 48 gignendo
1644 1345 143 48 filium
1730 1345 114 48 intue-

1064 1385 103 48 atur
1129 1385 142 48 seipsum
1232 1385 90 48 non
1284 1385 116 48 tamen
1361 1385 78 48 ad
1400 1385 90 48 hoc
1452 1385 90 48 est
1503 1385 103 48 iste
1568 1385 155 48 intuitus
1684 1385 78 48 vt
1723 1385 90 48 per
1762 1385 90 48 ipsum

1059 1428 147 54 natura
1162 1428 191 54 reguletur
1309 1428 88 54 in
1353 1428 132 54 filii
1441 1428 235 54 generatione.
1632 1428 162 54 quamuis
1735 1428 103 54 patet

1058 1467 254 54 intelligendo
1265 1467 111 54 se:
1328 1467 159 54 filium
1440 1467 191 54 producat
1583 1467 111 54 per
1630 1467 223 54 modumnature.

1057 1516 110 50 etc.
1126 1516 96 50 Nam
1181 1516 83 50 et
1222 1516 83 50 ab
1264 1516 165 50 artifice
1387 1516 138 50 creato
1484 1516 138 50 aliter
1580 1516 165 50 procedit
1704 1516 124 50 arca.
1772 1516 83 50 ali-

1061 1557 99 52 ter
1117 1557 141 52 filius
1216 1557 113 52 quia
1286 1557 113 52 arca
1357 1557 169 52 procedit
1484 1557 169 52 secundum
1610 1557 169 52 rationem
1723 1557 127 52 exempla

1057 1597 105 44 ris
1117 1597 105 44 vel
1177 1597 90 44 ad
1223 1597 196 44 exemplar.
1373 1597 105 44 Sed
1433 1597 151 44 filius
1539 1597 181 44 secundum
1674 1597 181 44 rationem
1795 1597 60 44 na

1056 1640 119 45 ture
1130 1640 193 45 Similiter
1279 1640 74 45 a
1309 1640 104 45 deo
1368 1640 148 45 aliter
1472 1640 178 45 procedit
1605 1640 178 45 creatura
1724 1640 119 45 aliter

1058 1676 142 67 filius
1157 1676 100 67 qui
1214 1676 100 67 est
1271 1676 85 67 in
1314 1676 128 67 patre
1399 1676 100 67 non
1456 1676 100 67 per
1513 1676 171 67 exemplar
1641 1676 100 67 vel
1698 1676 128 67 artem
1783 1676 100 67 sed

1063 1716 99 69 per
1120 1716 199 69 essentiam.
1276 1716 99 69 Hec
1332 1716 85 69 ex
1361 1716 99 69 Rich.

1096 1772 102 66 ¶
1136 1772 184 66 Utrum
1259 1772 307 66 concedendum
1505 1772 143 66 est
1587 1772 164 66 quod
1689 1772 164 66 deus
1771 1772 82 66 ge

1054 1825 110 46 nuit
1123 1825 124 46 deum:
1206 1825 110 46 Item
1275 1825 83 46 an
1317 1825 193 46 conceditur
1468 1825 110 46 quod
1537 1825 110 46 deus
1606 1825 138 46 genuit
1703 1825 124 46 alium
1772 1825 83 46 deum

1066 1864 85 52 Et
1108 1864 169 52 arguitur
1235 1864 127 52 iuxta
1320 1864 183 52 magistrum
1461 1864 85 52 in
1503 1864 127 52 primo
1588 1864 99 52 di.
1644 1864 127 52 iiii.
1729 1864 113 52 Quia
1785 1864 71 52 cum

1066 1906 100 53 hec
1123 1906 100 53 sit
1180 1906 128 53 vera.
1265 1906 114 53 deus
1336 1906 142 53 genuit
1436 1906 128 53 deum.
1521 1906 100 53 aut
1578 1906 114 53 ergo
1650 1906 142 53 genuit
1749 1906 85 53 se
1778 1906 71 53 de-

1067 1952 96 46 um
1115 1952 112 46 aut
1179 1952 144 46 alium
1276 1952 144 46 deum.
1372 1952 112 46 non
1436 1952 160 46 primum
1548 1952 128 46 quia
1628 1952 128 46 Aug.
1709 1952 144 46 primo
1789 1952 64 46 de

1072 1992 148 52 trinitate
1185 1992 68 52 et
1219 1992 182 52 philosophus.
1367 1992 68 52 ii
1401 1992 68 52 de
1435 1992 114 52 anima.
1515 1992 102 52 dicit
1583 1992 91 52 quod
1640 1992 80 52 nil
1685 1992 114 52 gignit
1754 1992 102 52 seipsum

1067 2034 105 49 ergo
1132 2034 157 49 sequitur
1250 2034 157 49 secundum
1368 2034 157 49 scilicet
1486 2034 105 49 quod
1552 2034 105 49 deus
1617 2034 131 49 genuit
1709 2034 118 49 alium
1774 2034 79 49 deum

1066 2078 112 58 ergo
1136 2078 126 58 alium
1220 2078 84 58 in
1262 2078 168 58 deitate.
1388 2078 84 58 et
1430 2078 98 58 sic
1487 2078 126 58 erunt
1571 2078 140 58 plures
1669 2078 98 58 dii
1725 2078 112 58 quod
1781 2078 70 58 est

1060 2118 151 52 falsum.
1170 2118 69 52 ¶
1197 2118 82 52 Ad
1238 2118 96 52 hoc
1293 2118 206 52 respondendo
1458 2118 164 52 secundum
1581 2118 151 52 Bonauem
1691 2118 123 52 super
1759 2118 96 52 prae-

1072 2169 78 41 mo
1111 2169 91 41 di.
1163 2169 117 41 iiii.
1242 2169 78 41 q.
1281 2169 78 41 i.
1320 2169 157 41 conrcor.
1437 2169 157 41 doctorem
1555 2169 157 41 subtilem
1672 2169 78 41 et
1711 2169 144 41 Scotis.
1803 2169 52 41 et

1058 2206 140 57 etiam
1152 2206 124 57 Tho.
1229 2206 171 57 ponitur
1353 2206 202 57 conclusio
1509 2206 78 57 ¶
1540 2206 140 57 Prima
1633 2206 124 57 quod
1710 2206 109 57 hec
1757 2206 93 57 locu

1071 2249 124 55 tio.
1148 2249 124 55 Deus
1225 2249 155 55 genuit
1334 2249 139 55 deum.
1427 2249 139 55 salua
1520 2249 186 55 essentie
1659 2249 170 55 vnitate
1768 2249 77 55 re-

1068 2290 161 45 cipitur
1185 2290 88 45 et
1229 2290 205 45 conceditur
1390 2290 102 45 tam
1449 2290 73 45 a
1478 2290 161 45 sanctis
1595 2290 117 45 quam
1668 2290 73 45 a
1683 2290 161 45 magistris

1066 2332 136 46 vnde
1151 2332 102 46 et
1202 2332 187 46 canitur
1338 2332 102 46 in
1389 2332 204 46 symbolo.
1541 2332 136 46 Deum
1626 2332 102 46 de
1677 2332 119 46 deo
1728 2332 119 46 lumen

1070 2374 103 49 de
1121 2374 172 49 lumine
1242 2374 138 49 deum
1328 2374 155 49 verum
1431 2374 103 49 de
1483 2374 120 49 deo
1552 2374 138 49 vero
1638 2374 189 49 genitum
1758 2374 86 49 non

1059 2413 158 54 factum
1170 2413 127 54 etc.
1249 2413 158 54 Ratio.
1360 2413 127 54 quia
1439 2413 190 54 terminus
1582 2413 95 54 in
1629 2413 190 54 concreto
1756 2413 95 54 stat

1066 2459 106 56 pro
1126 2459 196 56 supposito
1277 2459 106 56 vel
1337 2459 211 56 suppositis
1503 2459 181 56 respectu
1639 2459 136 56 actus
1729 2459 106 56 qui
1775 2459 75 56 est

1076 2499 222 49 suppositorum
1256 2499 97 49 vel
1312 2499 166 49 competit
1437 2499 194 49 suppositis
1589 2499 125 49 puta.
1673 2499 153 49 dicendo
1770 2499 83 49 homo

1077 2544 133 48 currit.
1174 2544 85 48 Sed
1222 2544 85 48 sic
1270 2544 85 48 est
1318 2544 72 48 in
1355 2544 169 48 proposito.
1488 2544 97 48 quia
1548 2544 97 48 deus
1608 2544 72 48 in
1645 2544 145 48 concreto
1753 2544 97 48 stat
1802 2544 60 48 pro

1069 2584 180 51 supposito
1208 2584 97 51 vel
1263 2584 194 51 significat
1415 2584 194 51 suppositum
1567 2584 166 51 scilicet
1692 2584 111 51 deum
1747 2584 111 51 patrem

1076 2628 170 49 respectu
1203 2628 128 49 actus
1289 2628 199 49 personalis
1445 2628 99 49 qui
1501 2628 170 49 competit
1629 2628 99 49 ei.
1686 2628 170 49 Generare
1799 2628 57 49 ei

1068 2674 93 51 est
1121 2674 119 51 actus
1200 2674 185 51 personalis
1346 2674 93 51 qui
1399 2674 159 51 competit
1518 2674 132 51 patri.
1610 2674 106 51 ergo
1677 2674 119 51 sicut
1756 2674 93 51 hec
1796 2674 66 51 est

1077 2719 127 63 vera
1157 2719 143 63 deus.
1252 2719 143 63 pater
1348 2719 159 63 genuit
1459 2719 127 63 deum
1539 2719 175 63 filium.
1666 2719 111 63 ita
1730 2719 111 63 hec
1777 2719 80 63 Des
