2226 3287
368 303 122 68 certa
450 303 163 68 scilicet
572 303 109 68 quod
640 303 136 68 filius
736 303 95 68 est
790 303 82 68 de
831 303 190 68 substantia
980 303 150 68 patris.
1075 303 82 68 Quia

358 368 133 46 Aug.
441 368 166 46 contra
558 368 183 46 Maximum
691 368 133 46 lib.
774 368 116 46 iii
840 368 166 46 dicit.
956 368 149 46 Nullo
1039 368 100 46 modo

361 403 106 61 dei
421 403 152 61 filium
528 403 243 61 cognoscitis:
725 403 91 61 si
770 403 121 61 hunc
846 403 91 61 de
891 403 212 61 substantia
1043 403 91 61 patr

373 449 122 45 esse
449 449 183 45 negatis.
586 449 92 45 Ad
632 449 122 45 idem
709 449 107 45 est
770 449 198 45 scriptura
922 449 168 45 Psalmus
1029 449 107 45 Tecum

371 492 187 56 principium
518 492 80 56 in
558 492 94 56 die
611 492 160 56 virtutis
731 492 94 56 tue
785 492 80 56 in
825 492 214 56 splendoribus
985 492 147 56 sanctorum

373 526 87 51 ex
416 526 130 51 vtero
503 526 87 51 an
546 526 188 51 luciferum
691 526 130 51 genui
777 526 101 51 te.
835 526 130 51 Dicit
922 526 87 51 ex
965 526 145 51 vtero.
1052 526 87 51 glo-

371 574 87 52 id
414 574 101 52 est
472 574 87 52 ex
515 574 203 52 substantia
675 574 159 52 intima.
790 574 116 52 Sunt
863 574 130 52 etiam
950 574 87 52 ad
993 574 87 52 id
1022 574 116 52 plures

369 612 228 50 autoritates
551 612 121 50 quas
627 612 137 50 ponit
718 612 182 50 Magister
855 612 91 50 ex
900 612 152 50 quibus
991 612 152 50 concludi

362 652 109 54 tur
425 652 125 54 etc.
503 652 78 54 ¶
534 652 109 54 Sed
597 652 234 54 difficultas
784 652 109 54 est
847 652 94 54 in
894 652 94 54 mo
941 652 188 54 ponendi.
1066 652 78 54 Nam

367 693 120 55 vna
436 693 120 55 est
504 693 172 55 opinio
625 693 189 55 Henrici
762 693 103 55 de
814 693 155 55 Gand.
917 693 103 55 et
951 693 189 55 Gaudefrid

365 746 77 43 de
404 746 168 43 fontibus.
533 746 116 43 dicit
610 746 103 43 quod
675 746 129 43 filius
765 746 90 43 dei
817 746 90 43 est
868 746 77 43 de
907 746 181 43 substantia
1036 746 103 43 patris

371 783 145 51 quasi
467 783 96 51 de
516 783 193 51 materia.
660 783 145 51 Horum
756 783 241 51 probationes
949 783 177 51 dimitto
1062 783 80 51 cau

373 830 88 47 sa
417 830 221 47 brevitatis.
594 830 162 47 Doctore
712 830 133 47 autem
800 830 162 47 nostrum
918 830 191 47 sequendo.
1051 830 88 47 dico

367 866 164 55 (inquit
487 866 194 55 Scotorels
636 866 105 55 cum
696 866 179 55 antiquis
830 866 209 55 doctoribus
995 866 120 55 quod
1054 866 90 55 tem-

367 908 189 55 poribus
504 908 155 55 etiam
608 908 224 55 Augustini
780 908 172 55 nullus
900 908 138 55 fuit
986 908 155 55 ausus
1072 908 69 55 no

370 954 166 48 minare
487 954 100 48 in
536 954 183 48 diuinis
669 954 199 48 materiam
819 954 116 48 vel
885 954 149 48 quasi
968 954 183 48 materiam.

370 988 126 58 Quia
449 988 173 58 materia
575 988 110 58 vel
638 988 142 58 quasi
733 988 173 58 materia
859 988 110 58 non
922 988 189 58 exigitur
1048 988 95 58 nisi

363 1028 159 50 ratione
478 1028 159 50 agentis
594 1028 202 50 imperfecti
752 1028 87 50 et
796 1028 159 50 ratione
911 1028 217 50 mutationis.
1070 1028 72 50 Sed

372 1071 85 56 in
414 1071 156 56 diuinis
528 1071 100 56 nil
585 1071 256 56 imperfectionis
798 1071 100 56 est
855 1071 185 56 ponendum.
998 1071 100 56 vbi
1054 1071 100 56 est
1097 1071 57 56 ne

358 1114 166 60 cessario
483 1114 180 60 productio
621 1114 166 60 perfecti
746 1114 111 60 sine
815 1114 111 60 omni
885 1114 180 60 mutatione
1023 1114 111 60 ergo
1079 1114 69 60 etc

370 1158 68 55 ¶
398 1158 109 55 Nota
465 1158 109 55 ergo
533 1158 81 55 ad
574 1158 190 55 euidentiam
723 1158 163 55 secundum
845 1158 163 55 Bonauen.
968 1158 136 55 supra.
1063 1158 81 55 q.
1090 1158 54 55 ii

368 1195 112 59 quod
438 1195 98 59 hec
494 1195 196 59 prepositio
648 1195 98 59 de.
704 1195 168 59 pluribus
831 1195 126 59 modis
915 1195 154 59 tenetur
1027 1195 70 59 ¶
1041 1195 98 59 Prius

367 1249 91 41 mo
412 1249 198 41 aliquando
565 1249 244 41 materialiter
763 1249 91 41 vt
809 1249 107 41 cum
870 1249 168 41 dicitur
976 1249 168 41 Cultellus

377 1281 93 56 fit
430 1281 80 56 de
470 1281 134 56 ferro.
564 1281 147 56 Secundo
670 1281 174 56 aliquando
804 1281 200 56 ordinaliter
964 1281 80 56 vt
1004 1281 147 56 dicendo
1098 1281 53 56 de

369 1326 144 47 mane.
465 1326 96 47 id
513 1326 112 47 est
577 1326 128 47 post
656 1326 128 47 mane
736 1326 112 47 fit
800 1326 207 47 meridies.
959 1326 160 47 Tertio
1055 1326 96 47 ali-

372 1373 163 47 quando
486 1373 277 47 originaliter.
714 1373 98 47 vt
762 1373 114 47 cum
827 1373 195 47 dicitur.
974 1373 163 47 Radius
1072 1373 81 47 fit

369 1407 93 54 de
416 1407 140 54 sole.
509 1407 109 54 vel
571 1407 186 54 splendor
711 1407 109 54 fit
773 1407 93 54 de
819 1407 140 54 igne.
912 1407 155 54 Quarto
1005 1407 140 54 aliquam

357 1450 95 53 do
405 1450 318 53 substantialiter.
675 1450 95 53 Et
722 1450 111 53 hoc
786 1450 206 53 quandoque
929 1450 222 53 integraliter

360 1492 131 46 sicut
448 1492 174 46 dicendo.
578 1492 145 46 Partes
680 1492 116 46 sunt
752 1492 87 46 de
796 1492 116 46 toto
868 1492 116 46 siue
941 1492 87 46 de
970 1492 174 46 substantia

363 1532 177 51 totius.
492 1532 97 51 vt
540 1532 161 51 vrceus
652 1532 129 51 vini
733 1532 97 51 de
781 1532 145 51 dolio
878 1532 145 51 vini.
974 1532 113 51 Uel
1022 1532 129 51 origi-

364 1580 163 46 naliter
483 1580 89 46 vt
527 1580 104 46 cum
587 1580 178 46 dicitur.
720 1580 148 46 Filius
824 1580 104 46 est
884 1580 89 46 de
928 1580 208 46 substantia
1077 1580 74 46 pa-

362 1626 127 37 tris.
447 1626 99 37 Ubi
503 1626 155 37 ratione
616 1626 169 37 ablatiui
743 1626 155 37 tenetur
856 1626 268 37 substantialiter
1067 1626 71 37 sed

365 1660 154 47 ratione
477 1660 168 47 genitiui
603 1660 238 47 originaliter.
800 1660 154 47 Ideoque
912 1660 168 47 secundum
1038 1660 140 47 eundem

356 1694 178 55 Bonauen.
490 1694 222 55 Scotorelis.
668 1694 148 55 quaque
771 1694 89 55 et
816 1694 148 55 Guill.
920 1694 104 55 Hec
964 1694 178 55 propositio

376 1735 146 57 Filius
479 1735 102 57 dei
537 1735 102 57 est
596 1735 88 57 de
639 1735 205 57 substantia
800 1735 161 57 patris:
917 1735 132 57 debet
1005 1735 102 57 sic
1049 1735 102 57 intel

366 1773 103 58 ligi
431 1773 103 58 esse
495 1773 103 58 vera
560 1773 129 58 vicem.
651 1773 78 58 vt
689 1773 78 58 ly
728 1773 91 58 de.
780 1773 91 58 non
832 1773 116 58 dicat
909 1773 155 58 praecise
1013 1773 129 58 origina-

366 1823 138 50 tionem
463 1823 138 50 tantum
560 1823 111 50 Quia
629 1823 111 50 isto
698 1823 111 50 modo
767 1823 124 50 etiam
850 1823 166 50 creature
974 1823 111 50 esse
1030 1823 124 50 diceren

363 1863 93 56 tur
416 1863 79 56 de
455 1863 185 56 substantia
601 1863 106 56 dei.
667 1863 93 56 Nec
720 1863 119 56 dicat
800 1863 159 56 praecise
906 1863 238 56 consubstantiali-

373 1900 109 56 tatem
445 1900 133 56 tantum:
542 1900 97 56 quia
602 1900 85 56 sic
651 1900 109 56 pater
723 1900 121 56 posset
808 1900 97 56 dici
868 1900 72 56 de
904 1900 169 56 substantia
1037 1900 109 56 filii
1098 1900 48 56 eo

368 1940 113 59 quod
438 1940 113 59 sunt
509 1940 155 59 eiusdem
621 1940 197 59 substantie
776 1940 70 59 ¶
804 1940 99 59 Sed
861 1940 84 59 ly
903 1940 84 59 de
945 1940 127 59 dicat
1029 1940 99 59 hec
1072 1940 70 59 duo

372 1982 115 55 simul
449 1982 154 55 scilicet
564 1982 218 55 originationem
744 1982 77 55 et
782 1982 308 55 consubstantialitatem
1051 1982 77 55 vt
1077 1982 64 55 sic

367 2030 147 53 sensus.
474 2030 134 53 filius
567 2030 94 53 est
621 2030 80 53 de
661 2030 187 53 substantia
808 2030 134 53 patris
902 2030 80 53 id
942 2030 94 53 est
982 2030 161 53 originatur

366 2071 75 51 a
396 2071 134 51 patre
485 2071 90 51 et
530 2071 298 51 consubstantialis
784 2071 104 51 est
844 2071 149 51 eidem.
948 2071 90 51 Ex
993 2071 104 51 quo
1038 2071 104 51 infer

362 2118 95 47 tur
417 2118 109 47 quod
485 2118 95 47 hec
539 2118 95 47 non
594 2118 191 47 conceditur
743 2118 122 47 pater
825 2118 95 47 est
879 2118 82 47 de
920 2118 191 47 substantia
1056 2118 82 47 fili

354 2151 115 63 Quia
426 2151 130 63 pater
512 2151 101 63 non
570 2151 202 63 originatur
729 2151 72 63 a
758 2151 144 63 filio.
858 2151 130 63 licet
945 2151 101 63 sit
988 2151 159 63 consubsta

361 2205 146 46 tialis
464 2205 146 46 filio.
566 2205 117 46 Esse
639 2205 117 46 enim
712 2205 88 46 de
756 2205 204 46 substantia
916 2205 175 46 vtrumque
1033 2205 117 46 impor-

363 2246 93 44 tat
416 2246 80 44 vt
456 2246 133 44 patet.
549 2246 107 44 ergo
616 2246 93 44 non
670 2246 160 44 sufficit
790 2246 107 44 vnum
856 2246 120 44 solum
936 2246 147 44 istorum
1030 2246 120 44 scilice

368 2288 212 45 consubstanti
540 2288 132 45 alitas
632 2288 106 45 sine
698 2288 132 45 altero
791 2288 159 45 scilicet
910 2288 225 45 originatione.
1082 2288 66 45 In-

368 2326 133 49 fertur
461 2326 120 49 etiam
540 2326 106 49 quod
607 2326 93 49 hec
660 2326 93 49 non
713 2326 199 49 conceditur.
872 2326 159 49 Creatura
992 2326 93 49 est
1045 2326 80 49 de
1072 2326 66 49 sub

354 2371 179 48 stantia
484 2371 130 48 dei:
565 2371 130 48 quia
646 2371 146 48 licet
744 2371 195 48 creatura
890 2371 195 48 originem
1020 2371 130 48 habeat

370 2417 54 44 a
392 2417 86 44 deo.
445 2417 96 44 Tamen
509 2417 75 44 non
552 2417 75 44 est
595 2417 214 44 consubstantialis
777 2417 86 44 deo.
831 2417 75 44 Hec
873 2417 128 44 secundum
970 2417 86 44 doc.
1013 2417 128 44 praedictos

412 2477 101 79 ¶
452 2477 182 79 Utrum
573 2477 202 79 filius
715 2477 141 79 vel
796 2477 242 79 spiritus
957 2477 182 79 sanctus

362 2539 127 59 situtr
451 2539 76 59 de
489 2539 139 59 nihilo:
590 2539 165 59 Respondet
717 2539 152 59 magister
831 2539 76 59 e.
869 2539 114 59 dist.
945 2539 76 59 v.
983 2539 89 59 cum
1021 2539 127 59 Augusti-

359 2590 97 49 no
407 2590 129 49 quod
488 2590 129 49 non.
569 2590 129 49 Quia
650 2590 129 49 sunt
731 2590 97 49 de
779 2590 178 49 aliquo.
909 2590 113 49 Nam
973 2590 162 49 filius
1070 2590 81 49 est

362 2628 79 52 de
401 2628 184 52 substantia
546 2628 132 52 patris
638 2628 145 52 genitus
743 2628 276 52 consubstantialis.
980 2628 79 52 Et
1006 2628 132 52 spiritus

362 2669 146 53 sanctus
468 2669 79 53 de
507 2669 185 53 substantia
653 2669 132 53 patris
746 2669 79 53 et
785 2669 119 53 filii
865 2669 172 53 procedens
997 2669 79 53 et
1024 2669 119 53 eiusdem

369 2710 144 70 substantie
482 2710 72 70 cum
523 2710 72 70 eis
565 2710 83 70 ergo
616 2710 72 70 non
658 2710 62 70 de
689 2710 103 70 nihilo
761 2710 72 70 sed
802 2710 62 70 de
833 2710 103 70 aliquo
905 2710 124 70 scilicet
998 2710 62 70 de
1019 2710 134 70 substantia.

1195 299 98 62 Hoc
1251 299 112 62 idem
1321 299 140 62 probat
1419 299 210 62 Scotorelis.
1587 299 98 62 vbi
1642 299 140 62 supra.
1740 299 112 62 sic.
1810 299 112 62 Quia
1880 299 84 62 si
1908 299 70 62 for

1190 352 85 60 ma
1232 352 227 60 praexisteret
1417 352 184 60 composito
1559 352 85 60 in
1601 352 184 60 creaturis
1743 352 113 60 tunc
1800 352 170 60 compositum

1196 394 89 51 non
1247 394 141 51 dicitur
1350 394 115 51 fieri
1426 394 77 51 de
1465 394 128 51 nihilo
1554 394 102 51 dato
1618 394 115 51 etiam
1695 394 102 51 quod
1759 394 89 51 non
1797 394 179 51 praexisteret

1205 435 164 51 aliquid
1325 435 134 51 quasi
1414 435 179 51 materia.
1549 435 179 51 Essentia
1683 435 134 51 autem
1773 435 149 51 diuina
1877 435 90 51 ad
1907 435 75 51 mi-

1206 478 99 48 nus
1263 478 170 48 secundum
1390 478 156 48 nostrum
1504 478 128 48 modum
1589 478 227 48 intelligendi
1774 478 199 48 praexistit
1916 478 57 48 vt

1204 523 154 58 forma.
1311 523 123 58 Ideo
1388 523 108 58 non
1450 523 185 58 sequitur
1588 523 123 58 quod
1665 523 154 58 filius
1773 523 108 58 sit
1834 523 92 58 de
1865 523 123 58 nihilo

1209 561 182 59 Similiter
1349 561 84 59 de
1391 561 154 59 spiritu
1503 561 154 59 sancto.
1614 561 98 59 Hec
1656 561 182 59 Scotorelis.

1195 631 116 78 ¶
1241 631 139 78 An
1311 631 209 78 pater
1450 631 163 78 sit
1543 631 139 78 de
1613 631 232 78 nihilo
1776 631 163 78 Cum
1846 631 139 78 enim

1201 699 99 49 non
1258 699 99 49 sit
1314 699 85 49 de
1357 699 156 49 aliquo.
1471 699 114 49 ergo
1542 699 99 49 est
1599 699 85 49 de
1641 699 156 49 nihilo.
1755 699 114 49 Quia
1826 699 156 49 aliquid
1925 699 57 49 et

1206 737 134 53 nibil
1295 737 119 53 sunt
1370 737 282 53 contradictoria.
1607 737 193 53 Respondet
1756 737 178 53 Bonauen.
1890 737 89 53 e.
1920 737 59 53 di

1216 776 72 58 v.
1252 776 83 58 in.
1300 776 72 58 q.
1335 776 107 58 circa
1407 776 143 58 litteram
1514 776 95 58 quod
1574 776 131 58 aliquid
1669 776 95 58 esse
1729 776 72 58 de
1764 776 119 58 nihilo
1836 776 155 58 tripliciter

1204 818 140 57 potest
1302 818 182 57 intelligi
1441 818 168 57 secundum
1567 818 140 57 Ansel.
1665 818 112 57 lib.
1735 818 168 57 Monolis.
1860 818 98 57 Uno
1902 818 84 57 modo

1204 857 82 55 vt
1245 857 82 55 ly
1286 857 122 55 nihil
1368 857 190 55 accipiatur
1517 857 204 55 simpliciter
1680 857 177 55 negatiue.
1816 857 82 55 Et
1857 857 95 55 sic
1898 857 95 55 nihil

1204 902 86 55 et
1247 902 157 55 aliquid
1361 902 114 55 sunt
1432 902 228 55 condictoria.
1617 902 114 55 Unde
1689 902 114 55 isto
1760 902 114 55 modo
1831 902 128 55 pater
1902 902 86 55 dici

1212 942 104 54 tur
1271 942 89 54 de
1316 942 163 54 nihilo.
1434 942 89 54 Et
1478 942 118 54 deus
1552 942 118 54 siue
1626 942 148 54 diuina
1730 942 177 54 essentia
1848 942 148 54 dicuntur

1213 987 91 48 de
1258 987 152 48 nihilo
1365 987 106 48 nam
1425 987 137 48 pater
1516 987 76 48 a
1547 987 137 48 nullo
1638 987 121 48 est.
1714 987 91 48 et
1759 987 121 48 deus
1835 987 91 48 de
1866 987 121 48 nihilo

1213 1031 97 46 est
1269 1031 83 46 id
1310 1031 97 46 est
1366 1031 83 46 de
1407 1031 125 46 nullo
1491 1031 97 46 vel
1546 1031 97 46 non
1602 1031 139 46 aliqua
1699 1031 111 46 etc.
1768 1031 97 46 Sed
1824 1031 125 46 talis
1893 1031 97 46 modus

1219 1067 145 55 loquendi
1328 1067 85 55 non
1376 1067 85 55 est
1425 1067 157 55 vsitatus.
1545 1067 97 55 Alio
1606 1067 97 55 modo
1666 1067 121 55 potest
1751 1067 157 55 intelligi
1872 1067 73 55 vt
1908 1067 73 55 ly
1933 1067 60 55 ni-

1208 1119 89 49 hil
1259 1119 178 49 accipiatur
1399 1119 165 49 privatiue
1526 1119 89 49 vel
1577 1119 152 49 positiue
1691 1119 152 49 scilicet
1805 1119 140 49 ponendo
1894 1119 102 49 praeia

1214 1154 140 48 centem
1312 1154 168 48 materiam
1439 1154 126 48 sicut
1523 1154 154 48 dicitur
1635 1154 182 48 cultellus
1775 1154 84 48 de
1818 1154 126 48 ferro
1888 1154 112 48 fieri.

1214 1193 117 58 Unde
1287 1193 102 58 sic
1346 1193 131 58 illud
1433 1193 161 58 dicitur
1550 1193 190 58 priuatiue
1696 1193 88 58 de
1740 1193 146 58 nihilo
1842 1193 131 58 fieri
1915 1193 88 58 quod

1222 1239 108 48 est
1283 1239 138 48 aptum
1375 1239 138 48 fieri
1467 1239 92 48 de
1513 1239 108 48 non
1575 1239 154 48 aliquo
1682 1239 215 48 privatiue.
1851 1239 92 48 Ut
1882 1239 123 48 dicen-

1213 1278 101 58 do.
1270 1278 86 58 De
1313 1278 101 58 non
1371 1278 115 58 aqua
1443 1278 101 58 fit
1500 1278 201 58 cultellus.
1658 1278 86 58 Et
1701 1278 101 58 sic
1759 1278 172 58 sequitur
1888 1278 115 58 quod
1946 1278 57 58 de

1210 1318 142 54 nihilo
1309 1318 198 54 privatiue.
1465 1318 99 54 hoc
1521 1318 99 54 est
1578 1318 85 54 de
1621 1318 113 54 ente
1691 1318 113 54 quod
1762 1318 156 54 aliquid
1876 1318 99 54 non
1918 1318 85 54 est.

1202 1362 117 60 puta
1276 1362 88 60 de
1320 1362 132 60 ferro
1407 1362 117 60 quod
1481 1362 117 60 aqua
1554 1362 103 60 non
1613 1362 117 60 est.
1686 1362 146 60 Tertio
1788 1362 117 60 modo
1862 1362 146 60 potest
1949 1362 59 60 in

1216 1407 156 50 telligi
1329 1407 127 50 parti
1414 1407 170 50 positiue
1541 1407 141 50 partim
1640 1407 198 50 privatiue.
1796 1407 85 50 vt
1838 1407 85 50 si
1867 1407 141 50 dicatur.

1209 1445 145 57 aliquid
1314 1445 79 57 de
1354 1445 132 57 nihilo
1446 1445 119 57 fieri
1525 1445 198 57 ordinaliter
1684 1445 105 57 quia
1749 1445 105 57 post
1815 1445 119 57 nihil
1895 1445 92 57 est
1934 1445 66 57 ali

1211 1486 135 61 quid:
1301 1486 135 61 sicut
1391 1486 150 61 mundus
1497 1486 165 61 dicitur
1617 1486 150 61 factus
1722 1486 90 61 de
1767 1486 165 61 nihilo.
1873 1486 120 61 Simili

1209 1530 146 48 anima
1306 1530 243 48 rationalis.
1501 1530 146 48 Istis
1598 1530 162 48 duobus
1711 1530 178 48 vltimis
1841 1530 146 48 modis
1922 1530 81 48 non

1218 1572 134 55 potest
1312 1572 107 55 dici
1379 1572 107 55 quod
1446 1572 121 55 pater
1526 1572 94 55 vel
1580 1572 107 55 deus
1647 1572 94 55 sit
1701 1572 81 55 de
1741 1572 148 55 nihilo.
1848 1572 107 55 quia
1902 1572 94 55 eter-

1208 1614 113 65 num
1272 1614 145 65 habet
1369 1614 129 65 esse
1434 1614 97 65 etc.

1388 1711 450 81 Eneratio
1687 1711 300 81 diuina

1383 1780 165 63 ssecundo
1507 1780 96 63 qua
1562 1780 82 63 ad
1603 1780 110 63 eius
1672 1780 206 63 qualitatem.
1837 1780 124 63 Utrum
1906 1780 82 63 deus

1404 1828 135 58 pater
1494 1828 151 58 genuit
1600 1828 151 58 filium
1705 1828 196 58 voluntate
1855 1828 90 58 an
1886 1828 120 58 neces-

1208 1872 149 49 sitate:
1317 1872 81 49 Ad
1358 1872 95 49 hoc
1412 1872 163 49 magister
1534 1872 81 49 in
1575 1872 122 49 primo
1656 1872 122 49 dist.
1738 1872 95 49 vi.
1792 1872 163 49 allegans
1900 1872 109 49 autori

1207 1917 133 49 tates
1296 1917 148 49 Orosii
1400 1917 89 49 ad
1444 1917 119 49 Aug.
1519 1917 193 49 Respondet
1667 1917 119 49 quod
1741 1917 104 49 nec
1800 1917 193 49 voluntate
1934 1917 74 49 nec

1212 1964 204 45 necessitate:
1378 1964 102 45 quia
1442 1964 179 45 necessitas
1582 1964 77 45 in
1620 1964 89 45 deo
1671 1964 89 45 non
1722 1964 102 45 est.
1786 1964 153 45 scilicet
1888 1964 115 45 coactio

1213 1997 96 50 nis.
1273 1997 72 50 Et
1309 1997 96 50 quia
1369 1997 132 50 praeire
1465 1997 144 50 voluntas
1573 1997 168 50 sapientiam
1704 1997 84 50 non
1752 1997 132 50 potuit.
1848 1997 96 50 ergo
1896 1997 96 50 filius

1207 2042 98 44 qui
1263 2042 98 44 est
1319 2042 154 44 sapenia
1431 2042 98 44 non
1487 2042 182 44 generatur
1626 2042 196 44 voluntate.
1780 2042 84 44 Et
1822 2042 140 44 infra.
1906 2042 98 44 dica-

1217 2087 98 49 mus
1273 2087 112 49 ergo
1343 2087 140 49 verbum
1442 2087 112 49 dei:
1512 2087 112 49 esse
1582 2087 140 49 filium
1680 2087 98 49 dei
1736 2087 154 49 natura:
1849 2087 98 49 non
1891 2087 112 49 volun-

1203 2126 136 50 tate.
1293 2126 90 50 Ut
1339 2126 136 50 docet
1429 2126 121 50 Aug.
1504 2126 106 50 xv.
1565 2126 90 50 de
1610 2126 196 50 trinitur.
1761 2126 106 50 vbi
1821 2126 166 50 quendam
1927 2126 75 50 ca-

1215 2171 192 44 tholicum
1359 2171 224 44 commendat.
1535 2171 112 44 Qui
1599 2171 192 44 heretico
1744 2171 256 44 versutissime
1936 2171 64 44 in

1205 2207 230 55 terroganti.
1389 2207 138 55 Utrum
1481 2207 123 55 deus
1557 2207 153 55 filium
1665 2207 153 55 volens
1772 2207 107 55 vel
1833 2207 153 55 nolens
1925 2207 77 55 ge-

1217 2256 154 45 nuerit.
1329 2256 126 45 Acute
1413 2256 84 45 et
1454 2256 112 45 sane
1524 2256 195 45 respondit.
1678 2256 168 45 vicissim
1804 2256 84 45 ab
1845 2256 126 45 eodem
1915 2256 84 45 que-

1209 2296 140 45 rens.
1303 2296 140 45 Utrum
1397 2296 125 45 deus
1475 2296 140 45 pater
1568 2296 156 45 volens
1677 2296 109 45 aut
1740 2296 156 45 nolens
1849 2296 109 45 sit
1896 2296 109 45 deus:

1221 2332 91 52 Ut
1266 2332 91 52 si
1311 2332 166 52 diceret
1432 2332 166 52 nolens:
1553 2332 211 52 sequeretur
1719 2332 166 52 grandis
1825 2332 181 52 absurditas

1221 2376 66 51 t
1247 2376 158 51 miseria.
1366 2376 79 51 Si
1406 2376 119 51 autem
1485 2376 145 51 diceret
1591 2376 132 51 volens
1683 2376 106 51 tunc
1749 2376 225 51 responderetur
1921 2376 79 51 ergo

1216 2415 119 57 ipse
1290 2415 193 57 voluntate
1439 2415 104 57 sua
1498 2415 119 57 deus
1572 2415 104 57 est
1631 2415 104 57 non
1691 2415 163 57 natura.
1809 2415 89 57 Et
1854 2415 104 57 sic
1898 2415 104 57 here-

1210 2460 138 48 ticus
1302 2460 154 48 tacuit
1409 2460 108 48 nec
1471 2460 154 48 potuit
1579 2460 231 48 concludere.
1763 2460 108 48 non
1825 2460 154 48 nature
1917 2460 92 48 esse

1202 2504 141 43 filium
1300 2504 98 43 sed
1357 2504 197 43 voluntatis
1511 2504 112 43 etc.
1581 2504 70 43 ¶
1610 2504 98 43 Sed
1666 2504 141 43 contra
1764 2504 169 43 arguitur
1891 2504 112 43 quod
1947 2504 56 43 vo

1204 2545 152 47 luntate
1315 2545 138 47 genuit
1412 2545 111 47 quia
1481 2545 111 47 omne
1550 2545 235 47 inuoluntarium
1743 2545 97 47 est
1799 2545 152 47 triste.
1909 2545 97 47 Ex.
1951 2545 55 47 v.

1202 2586 116 47 Meta.
1280 2586 90 47 sed
1331 2586 90 47 nil
1383 2586 90 47 est
1435 2586 129 47 triste
1525 2586 78 47 in
1564 2586 129 47 diuins
1654 2586 103 47 ergo
1719 2586 103 47 etc.
1783 2586 103 47 Item
1848 2586 103 47 quod
1900 2586 103 47 genuit

1200 2628 194 46 necessitate
1355 2628 155 46 arguitur
1472 2628 103 46 quia
1536 2628 78 46 ea
1575 2628 103 46 quae
1640 2628 103 46 sunt
1705 2628 78 46 in
1743 2628 91 46 deo
1795 2628 194 46 impossibile
1937 2628 65 46 est

1203 2671 103 45 non
1262 2671 132 45 esse.
1350 2671 88 45 Et
1394 2671 103 45 ita
1452 2671 132 45 filii
1540 2671 103 45 dei
1599 2671 234 45 generationem
1789 2671 161 45 necesse
1906 2671 103 45 est
1950 2671 59 45 in

1204 2712 101 56 deo
1261 2712 129 56 esse.
1347 2712 101 56 cum
1405 2712 101 56 sit
1462 2712 86 56 in
1506 2712 115 56 deo.
1578 2712 115 56 Nam.
1649 2712 86 56 ii
1693 2712 115 56 Peri
1765 2712 115 56 her.
1836 2712 158 56 necesse
1937 2712 72 56 est
