2341 3295
366 251 109 72 quod
435 251 164 72 christus
557 251 177 72 inquantum
694 251 164 72 christus
817 251 96 72 sit
871 251 177 72 subiectum
1008 251 136 72 totius
1090 251 68 72 the

355 301 190 59 ologie.
493 301 155 59 Ratio
596 301 138 59 quia
683 301 121 59 cum
752 301 155 59 omnis
855 301 224 59 respectus
1028 301 121 59 dei
1097 301 104 59 ad

364 341 138 59 extra
456 341 107 59 est
517 341 230 59 contingens.
700 341 122 59 ergo
777 341 92 59 et
823 341 214 59 incarnatio
991 341 138 59 verbi
1068 341 107 59 diui-

355 387 95 52 ni
403 387 111 52 est
466 387 238 52 contingens.
656 387 111 52 Sed
719 387 143 52 multe
814 387 127 52 sunt
894 387 206 52 veritates
1036 387 111 52 neces

376 436 135 44 sarie
466 436 90 44 in
511 436 195 44 theologia
661 436 90 44 vt
706 436 120 44 quod
781 436 120 44 deus
856 436 105 44 est
916 436 150 44 trinus
1021 436 90 44 et
1051 436 105 44 vnus.

363 472 137 56 Pater
454 472 167 56 generat
576 472 91 56 et
621 472 213 56 huiusmodi.
788 472 137 56 Nulla
879 472 137 56 autem
971 472 167 56 veritas
1077 472 76 56 ne-

372 514 140 52 cessaria
478 514 105 52 inest
548 514 82 52 per
595 514 199 52 contingentem.
759 514 70 52 Et
794 514 82 52 sic
841 514 140 52 sequitur
946 514 94 52 quod
1005 514 70 52 si
1028 514 117 52 christus

366 555 167 60 ponitur
487 555 106 60 pro
548 555 197 60 subiecto:
699 555 121 60 iste
775 555 197 60 veritates
927 555 212 60 necessarie
1078 555 76 60 non

363 598 162 48 essent
476 598 227 48 theologice
654 598 113 48 cum
719 598 113 48 non
784 598 130 48 sint
865 598 97 48 de
913 598 194 48 subiecto
1043 598 113 48 theo-

361 634 145 56 logie
458 634 145 56 primo
554 634 113 56 vel
619 634 97 56 de
667 634 145 56 parte
763 634 225 56 essentiali
941 634 113 56 vel
989 634 177 56 integrali

377 681 110 48 vel
440 681 219 48 subiectiua
612 681 110 48 vel
675 681 157 48 aliquo
784 681 266 48 essentialiter
988 681 172 48 attributo

367 722 134 67 sibi.
456 722 104 67 Sed
516 722 104 67 hoc
575 722 104 67 est
635 722 238 67 inconueniens
828 722 119 67 ergo
888 722 74 67 etc

388 780 117 84 ¶
434 780 140 84 An
505 780 187 84 ergo
622 780 304 84 theologia
856 780 164 84 sit
949 780 187 84 vere
1043 780 117 84 vna

363 838 208 65 scientia
518 838 104 65 ad
570 838 138 65 vnum
657 838 208 65 subiectu
813 838 277 65 reducibilis.
1038 838 87 65 ¶
1055 838 104 65 Nota

376 883 129 66 primo
462 883 172 66 secundum
591 883 144 66 Guill.
692 883 86 66 in
735 883 158 66 prologo
849 883 129 66 primi
936 883 115 66 quod
993 883 158 66 theologia

363 924 96 61 non
418 924 96 61 est
473 924 164 61 scientia
596 924 151 61 proprie
705 924 164 61 capiendo
829 924 178 61 scientiam
965 924 123 61 prout
1034 924 123 61 capitur

379 965 84 64 i.
421 965 210 64 posteriorum
589 965 98 64 pro
645 965 196 64 cognitione
798 965 154 64 verorum
910 965 238 64 necessariorum
1092 965 70 64 per

368 1009 192 57 causam.
507 1009 140 57 Quia
595 1009 105 57 in
647 1009 227 57 theologia
822 1009 140 57 sunt
909 1009 157 57 multe
997 1009 157 57 verita-

369 1046 106 67 tes
429 1046 106 67 non
490 1046 211 67 necessarie
656 1046 106 67 sed
716 1046 242 67 contingentes
912 1046 91 67 vt
958 1046 91 67 de
1003 1046 136 67 mundi
1078 1046 91 67 cre-

376 1088 141 62 atione
475 1088 85 62 de
517 1088 141 62 diuina
615 1088 225 62 incarnatione
799 1088 85 62 et
841 1088 197 62 huiusmodi.
996 1088 99 62 Sed
1038 1088 127 62 dicitur

375 1128 180 64 scientia
510 1128 180 64 capiendo
646 1128 196 64 scientiam
796 1128 105 64 pro
856 1128 165 64 habitum
961 1128 211 64 certitudinis

378 1176 116 66 quia
450 1176 203 66 certissima
609 1176 116 66 est.
682 1176 72 66 ¶
711 1176 116 66 Nota
783 1176 159 66 secundo
899 1176 174 66 secundum
1015 1176 145 66 Scotist.

369 1218 124 61 quod
446 1218 201 61 theologia
600 1218 201 61 accipitur
755 1218 247 61 tripliciter.
956 1218 139 61 Primo
1033 1218 139 61 communi

378 1259 129 66 ter.
459 1259 97 66 Et
507 1259 113 66 sic
572 1259 113 66 est
636 1259 161 66 quidam
749 1259 178 66 habitus
878 1259 97 66 de
927 1259 113 66 deo
975 1259 194 66 cognosciti

377 1303 110 55 uus
440 1303 125 55 siue
518 1303 110 55 sit
581 1303 125 55 sibi
659 1303 188 55 proprius
800 1303 125 55 siue
878 1303 125 55 non.
957 1303 125 55 Isto
1035 1303 125 55 modo
1098 1303 78 55 Ari

377 1339 187 67 stoteles
518 1339 249 67 metaphysicam
720 1339 140 67 vocat
814 1339 218 67 theologiam
985 1339 94 67 i.
1032 1339 109 67 et.
1079 1339 78 67 vi.

376 1382 125 59 meta.
460 1382 153 59 Secundo
571 1382 153 59 capitur
682 1382 167 59 proprie.
807 1382 83 59 Et
849 1382 97 59 sic
905 1382 97 59 est
960 1382 167 59 scientia
1072 1382 83 59 quae

377 1421 268 68 principaliter
598 1421 95 68 de
645 1421 110 68 deo
708 1421 126 68 solo
787 1421 236 68 considerat.
976 1421 79 68 ¶
1007 1421 95 68 Si
1039 1421 126 68 dicas.

381 1466 116 65 None
454 1466 189 65 theologia
599 1466 203 65 considerat
759 1466 131 65 etiam
846 1466 87 65 de
890 1466 189 65 creaturis
1021 1466 145 65 scilicet

378 1506 163 62 angelis
497 1506 89 62 et
541 1506 193 62 hominibus
689 1506 89 62 vt
734 1506 148 62 patet.
837 1506 89 62 ii
882 1506 133 62 libro
956 1506 207 62 sententiarum

378 1549 130 60 Dicit
464 1549 130 60 Guil.
551 1549 116 60 quod
624 1549 116 60 bene
696 1549 87 60 ad
740 1549 203 60 theologiam
899 1549 174 60 pertinet
1015 1549 145 60 conside-

378 1589 99 60 rare
440 1589 74 60 de
477 1589 161 60 creaturis
601 1589 161 60 inquantum
725 1589 186 60 considratur
873 1589 74 60 vt
911 1589 161 60 rferuntur
1035 1589 74 60 in
1072 1589 87 60 deu
1109 1589 62 60 aut

380 1630 138 65 ratione
481 1630 151 65 vestigii
594 1630 88 65 vel
644 1630 126 65 imagis
732 1630 88 65 vel
783 1630 176 65 creationis
921 1630 88 65 vel
971 1630 101 65 alio
1022 1630 138 65 huiusmodi

387 1675 178 62 respectu.
524 1675 96 62 Sed
579 1675 82 62 si
620 1675 219 62 consideratur
798 1675 164 62 absolute
921 1675 110 62 puta
990 1675 110 62 homo
1045 1675 123 62 inquan-

395 1717 89 52 tum
446 1717 102 52 homo
510 1717 76 52 et
548 1717 89 52 sic
599 1717 76 52 de
637 1717 114 52 aliis
713 1717 89 52 sic
764 1717 153 52 partinet
879 1717 76 52 ad
917 1717 153 52 proprias
1031 1717 140 52 sceias.
1120 1717 51 52 De

379 1759 123 61 nique
461 1759 109 61 ista
529 1759 177 61 theologia
665 1759 163 61 secundum
788 1759 136 61 Scotum
883 1759 150 61 proprie
992 1759 123 61 dicta
1060 1759 109 61 distin

384 1801 132 59 guitur.
480 1801 84 59 Uel
528 1801 84 59 eni
576 1801 132 59 dicitur
671 1801 156 59 theologia
791 1801 72 59 in
827 1801 84 59 se.
875 1801 84 59 vel
923 1801 156 59 theologia
1042 1801 72 59 in
1066 1801 84 59 nobis

392 1844 92 52 ieu
445 1844 172 52 theologia
577 1844 145 52 nostra.
682 1844 79 52 vt
722 1844 119 52 patet
801 1844 92 52 ar.
854 1844 79 52 i.
893 1844 79 52 de
933 1844 158 52 subiecto
1051 1844 92 52 per
1091 1844 66 52 Sco

377 1880 103 61 tum.
442 1880 168 61 Theologia
571 1880 78 61 in
610 1880 78 61 se
649 1880 91 61 est
700 1880 116 61 talis
778 1880 155 61 cognitio
894 1880 142 61 quaelem
998 1880 129 61 facere
1075 1880 91 61 natum

390 1927 94 54 est
443 1927 161 54 obiectum
564 1927 201 54 theologicum
724 1927 80 54 in
764 1927 187 54 intellectu
912 1927 107 54 sibi
965 1927 201 54 proportionato

390 1977 117 48 sicut
468 1977 91 48 est
520 1977 196 48 intellectus
677 1977 157 48 diuinus.
795 1977 104 48 Unde
860 1977 170 48 theologia
990 1977 78 48 in
1029 1977 78 48 se
1069 1977 91 48 est
1108 1977 52 48 de

401 2009 85 61 pis
449 2009 97 61 quae
510 2009 97 61 soli
571 2009 182 61 intellectui
717 2009 121 61 diuino
802 2009 97 61 sunt
862 2009 182 61 naturaliter
1008 2009 97 61 nota
1069 2009 85 61 hoc
1105 2009 61 61 est

403 2054 73 52 de
439 2054 85 52 deo
488 2054 85 52 qui
537 2054 110 52 solus
610 2054 85 52 est
659 2054 98 52 sibi
720 2054 183 52 naturaliter
867 2054 122 52 notus.
952 2054 73 52 vt
989 2054 134 52 patuit.
1075 2054 85 52 supra

389 2091 80 69 §.
429 2091 133 69 xiiii.
522 2091 93 69 Sed
575 2091 173 69 theologia
708 2091 80 69 in
748 2091 120 69 nobis
828 2091 93 69 est
881 2091 120 69 talis
961 2091 160 69 cognitio
1067 2091 93 69 quali

394 2143 170 49 itellectus
527 2143 109 49 nostr
600 2143 109 49 natus
672 2143 85 49 est
721 2143 121 49 habere
806 2143 85 49 vel
854 2143 145 49 recipere
963 2143 73 49 de
1000 2143 97 49 illo
1048 2143 109 49 obiecto

396 2178 170 52 theologico
529 2178 73 52 id
565 2178 85 52 est
614 2178 73 52 de
650 2178 97 52 deo.
711 2178 97 52 Unde
771 2178 145 52 secundum
880 2178 121 52 mentem
965 2178 133 52 Alexan.
1062 2178 73 52 de
1086 2178 73 52 ales

386 2220 120 65 prima
466 2220 120 65 parte
546 2220 80 65 de
586 2220 147 65 docter.
692 2220 147 65 theoli.
799 2220 80 65 q.
839 2220 107 65 iii.
906 2220 173 65 Theologia
1039 2220 80 65 in
1066 2220 93 65 nobis

388 2253 80 64 est
433 2253 115 64 secaia
514 2253 69 64 de
548 2253 80 64 deo
594 2253 69 64 et
629 2253 92 64 eius
686 2253 138 64 essentia
789 2253 80 64 per
835 2253 138 64 christum
938 2253 115 64 nostre
1019 2253 103 64 menti
1076 2253 92 64 trans-

395 2300 128 56 missa
480 2300 85 56 et
523 2300 85 56 in
565 2300 114 56 deum
636 2300 185 56 terminata
778 2300 156 56 Exempli
892 2300 142 56 gratia
992 2300 85 56 si
1034 2300 114 56 quis
1091 2300 71 56 non

392 2340 147 66 posset
495 2340 220 66 intelligere
671 2340 132 66 motus
759 2340 176 66 astrorum
891 2340 103 66 sed
950 2340 191 66 crederet.
1082 2340 88 66 ali-

385 2384 103 58 cui
444 2384 176 58 Magistro
576 2384 205 58 astronomie
737 2384 88 58 de
781 2384 161 58 talibus
898 2384 117 58 ista
972 2384 161 58 notitia
1074 2384 103 58 esset

392 2436 104 46 sibi
457 2436 117 46 fides
536 2436 91 46 non
588 2436 131 46 scita.
679 2436 117 46 tamen
757 2436 196 46 astronomica
914 2436 144 46 noticia
1018 2436 78 46 in
1058 2436 78 46 se
1084 2436 91 46 esset

392 2471 123 61 scatia
478 2471 74 61 in
514 2471 172 61 intellectu
649 2471 123 61 illius
735 2471 159 61 magistri.
858 2471 86 61 sic
907 2471 74 61 de
943 2471 159 61 theologia
1066 2471 74 61 in
1090 2471 74 61 nobi

400 2515 101 52 est.
463 2515 88 52 Cum
514 2515 101 52 enim
577 2515 88 52 per
627 2515 151 52 christum
741 2515 139 52 nostrum
842 2515 164 52 magistrum
968 2515 88 52 cui
1018 2515 151 52 credimus
1119 2515 63 52 ha-

399 2560 121 53 bemus
479 2560 148 53 scatiam
587 2560 81 53 de
628 2560 135 53 diuins
722 2560 121 53 fides
803 2560 108 53 est.
870 2560 94 53 sed
924 2560 81 53 in
964 2560 189 53 intellectu
1099 2560 81 53 diui

402 2598 73 52 no
438 2598 134 52 christi
536 2598 122 52 sancia
621 2598 219 52 perfectissima.
803 2598 134 52 habinta
900 2598 73 52 de
937 2598 85 52 deo
985 2598 73 52 et
1022 2598 158 52 articulis
1131 2598 61 52 fi-

398 2634 108 75 dei
459 2634 108 75 est
521 2634 201 75 theologia
676 2634 93 75 in
722 2634 108 75 se.
784 2634 124 75 Item
861 2634 201 75 theologia
1016 2634 93 75 in
1062 2634 93 75 se
1093 2634 108 75 adhuc

1204 239 193 66 distinguitur
1361 239 145 66 scilicet
1469 239 72 66 in
1506 239 169 66 theologiam
1638 239 205 66 necessariorum
1807 239 109 66 sicut
1879 239 97 66 sunt
1928 239 48 66 ve

1194 296 142 56 ritates
1297 296 78 56 ad
1336 296 116 56 intra
1414 296 155 56 scilicet
1530 296 103 56 quod
1595 296 103 56 deus
1659 296 142 56 generat
1762 296 78 56 et
1801 296 142 56 spirat.
1905 296 78 56 et
1930 296 52 56 de

1192 339 236 61 proprietatibus
1389 339 118 61 diuis
1468 339 197 61 intrinsecis
1625 339 79 61 et
1665 339 171 61 huiusmodi
1796 339 105 61 etc.
1862 339 79 61 Ac
1901 339 79 61 in
1927 339 66 61 the

1205 378 144 57 ologiam
1310 378 223 57 contingentium
1493 378 118 57 sicut
1572 378 105 57 sunt
1638 378 171 57 veritates
1769 378 79 57 ad
1808 378 118 57 extra
1874 378 131 57 scilicet

1204 423 107 47 quod
1270 423 107 47 deus
1337 423 134 47 creat.
1431 423 147 47 saluat.
1538 423 187 47 incarnatur
1684 423 107 47 etc.
1751 423 67 47 ¶
1778 423 134 47 Tertio
1871 423 107 47 ergo
1925 423 80 47 theo

1205 462 114 54 logia
1282 462 165 54 accipitur
1409 462 216 54 propriissime.
1587 462 76 54 et
1625 462 89 54 sic
1676 462 89 54 est
1726 462 102 54 illa
1790 462 140 54 nonicia
1892 462 102 54 quae
1942 462 64 54 est

1209 502 96 59 in
1257 502 143 59 mente
1353 502 159 59 diuina
1464 502 96 59 de
1512 502 175 59 deitate
1639 502 96 59 vt
1687 502 175 59 obiecto
1815 502 143 59 primo
1894 502 96 59 Isto

1207 551 114 48 modo
1278 551 128 48 solus
1363 551 114 48 deus
1434 551 156 48 dicitur
1548 551 185 48 theologus
1690 551 85 48 et
1732 551 99 48 nos
1789 551 156 48 dicimur
1888 551 114 48 tantum

1206 591 179 52 theologie
1344 591 234 52 discipstolis.
1537 591 83 52 vt
1579 591 165 52 loquitur
1703 591 110 52 Aug.
1772 591 110 52 lib.
1841 591 83 52 de
1868 591 138 52 doctrina

1189 634 230 58 christiana.

1255 671 97 83 ¶
1293 671 155 83 Unde
1390 671 116 83 ad
1448 671 251 83 quaesitum
1641 671 135 83 hoc
1719 671 290 83 respondendo
1931 671 97 83 po-

1215 724 145 71 nuntur
1317 724 247 71 conclusiones.
1520 724 116 71 Pria
1593 724 116 71 quod
1665 724 189 71 subiectum
1810 724 189 71 theologie
1941 724 58 71 ne

1205 767 200 60 cessariorum
1364 767 80 60 in
1404 767 93 60 se:
1457 767 93 60 est
1511 767 106 60 deus
1577 767 93 60 sub
1630 767 146 60 ratione
1737 767 160 60 deitatis
1857 767 120 60 Ratio
1923 767 80 60 quia

1213 814 127 58 ipsa
1293 814 207 58 theologia
1452 814 127 58 sola
1531 814 175 58 proprie
1659 814 143 58 dicta
1754 814 159 58 tradit
1850 814 143 58 distin-

1208 861 101 52 ctam
1271 861 189 52 cognitionem
1423 861 215 52 necessariorum
1600 861 177 52 huiusmodi.
1739 861 63 52 ¶
1764 861 139 52 Secunda
1852 861 139 52 conclusio

1222 893 112 62 quod
1292 893 181 62 subiectum
1431 893 181 62 theologie
1571 893 237 62 contingentium
1766 893 84 62 in
1808 893 84 62 se
1850 893 98 62 est
1891 893 112 62 diuina

1220 937 182 52 essentia.
1360 937 112 52 quia
1430 937 84 52 ad
1472 937 126 52 ipsam
1556 937 84 52 vt
1598 937 84 52 ad
1641 937 182 52 primarium
1781 937 182 52 subiectum
1907 937 84 52 theo

1212 978 118 55 logie
1290 978 118 55 omnes
1369 978 170 55 veritates
1500 978 209 55 contingentes
1670 978 131 55 habent
1761 978 222 55 attributionem
1932 978 65 55 vl-

1219 1026 123 50 timam
1301 1026 109 50 quia
1369 1026 177 50 euidentia
1506 1026 232 50 contingentium
1696 1026 95 50 non
1751 1026 95 50 est
1805 1026 82 50 ex
1846 1026 136 50 natura
1928 1026 68 50 rei

1204 1067 91 53 cum
1256 1067 104 53 sint
1321 1067 78 53 ad
1360 1067 182 53 vtrumlibet
1503 1067 208 53 opposicorum.
1673 1067 91 53 sed
1725 1067 91 53 est
1777 1067 78 53 ex
1816 1067 182 53 praesentia
1946 1067 52 53 in

1222 1109 173 49 tuitiua.
1351 1109 144 49 Primum
1452 1109 130 49 autem
1539 1109 187 49 intuibile
1683 1109 173 49 obiectum
1813 1109 101 49 est
1856 1109 144 49 essentia

1212 1143 154 62 diuina
1319 1143 108 62 sub
1381 1143 169 62 ratione
1504 1143 185 62 deitatis
1642 1143 123 62 ergo
1719 1143 123 62 etc.
1796 1143 77 62 ¶
1827 1143 154 62 Tertia
1919 1143 77 62 con

1212 1191 129 53 clusio
1303 1191 103 53 quod
1367 1191 129 53 primum
1458 1191 168 53 subiectum
1587 1191 129 53 totius
1677 1191 168 53 theologie
1806 1191 90 53 tam
1858 1191 78 53 in
1897 1191 78 53 se
1923 1191 78 53 quam

1216 1230 83 52 in
1258 1230 125 52 nobis
1341 1230 97 52 est
1396 1230 111 52 deus
1465 1230 180 52 inquantum
1604 1230 111 52 deus
1673 1230 83 52 Et
1714 1230 97 52 per
1770 1230 194 52 consequens
1908 1230 97 52 sncia

1214 1282 208 44 theologica
1377 1282 104 44 est
1437 1282 104 44 sad
1496 1282 148 44 vnicum
1600 1282 193 44 subiectum
1748 1282 222 44 reducibils.
1911 1282 89 44 Rtem

1223 1321 141 46 secundum
1329 1321 106 46 Rich.
1400 1321 71 46 in
1435 1321 141 46 proemio.
1541 1321 71 46 q.
1576 1321 82 46 vi.
1624 1321 94 46 quia
1682 1321 94 46 tota
1741 1321 118 46 sancia
1824 1321 177 46 virtualiter
1953 1321 59 46 est

1218 1360 90 52 in
1263 1360 224 52 principiis.
1442 1360 104 52 Sed
1502 1360 194 52 principia
1651 1360 194 52 theologie
1800 1360 119 52 sunt
1860 1360 134 52 articum

1215 1402 74 49 li
1252 1402 111 49 fidei
1326 1402 123 49 quorum
1412 1402 123 49 omnium
1498 1402 160 49 subrectum
1622 1402 86 49 est
1671 1402 99 49 deus
1733 1402 99 49 Quod
1794 1402 111 49 patet
1868 1402 99 49 quia
1930 1402 74 49 si
1955 1402 49 49 de

1218 1441 177 50 singulis
1351 1441 192 50 formentur
1499 1441 266 50 enunciationes:
1720 1441 118 50 deus
1794 1441 118 50 erit
1853 1441 148 50 subiecum

1209 1486 228 47 singulorum.
1391 1486 122 47 puta
1467 1486 182 47 dicendo.
1604 1486 137 47 Credo
1695 1486 91 47 in
1741 1486 122 47 deum
1817 1486 182 47 paterem.
1938 1486 76 47 ere

1227 1521 74 50 do
1264 1521 74 50 in
1301 1521 112 50 Iesum
1375 1521 124 50 filium
1462 1521 99 50 eius
1524 1521 161 50 Formetur.
1648 1521 99 50 ergo
1710 1521 99 50 Deus
1772 1521 87 50 est
1822 1521 112 50 pater
1896 1521 99 50 deus
1946 1521 62 50 est

1226 1567 121 54 Iesus
1306 1567 107 54 etc.
1373 1567 107 54 Unde
1440 1567 80 54 ad
1480 1567 94 54 hoc
1534 1567 174 54 subiectum
1668 1567 161 54 scilicet
1789 1567 121 54 Deus.
1869 1567 121 54 omnia
1936 1567 67 54 tam

1215 1613 181 51 necessaria
1357 1613 104 51 quam
1422 1613 207 51 contingentia
1590 1613 181 51 reducuntur
1733 1613 104 51 ergo
1784 1613 65 51 etc

1367 1655 318 119 Ttaua
1579 1655 388 119 questio
1826 1655 141 119 di

1347 1745 186 73 salutari
1486 1745 93 73 et
1532 1745 139 73 vtili
1625 1745 201 73 qualitate
1780 1745 201 73 theologie
1920 1745 77 73 que

1216 1772 151 78 ritur.
1322 1772 136 78 Utrum
1412 1772 151 78 scieia
1518 1772 211 78 theologica
1684 1772 106 78 sit
1744 1772 181 78 practica
1880 1772 91 78 an
1910 1772 91 78 spe-

1209 1837 182 54 culatiua.
1349 1837 70 54 ¶
1377 1837 112 54 Nota
1446 1837 140 54 primum
1544 1837 209 54 praeambulum
1712 1837 168 54 secundum
1837 1837 126 54 Rich.
1907 1837 98 54 super

1215 1881 106 56 iiii.
1286 1881 82 56 di.
1333 1881 106 56 xlix.
1403 1881 82 56 ar.
1450 1881 71 56 i.
1486 1881 94 56 Quod
1544 1881 106 56 primo
1615 1881 176 56 intellectus
1756 1881 153 56 quandoque
1862 1881 141 56 considerat

1210 1923 168 50 materiam
1336 1923 112 50 pure
1406 1923 182 50 practicam
1545 1923 84 50 id
1587 1923 98 50 est
1643 1923 154 50 aliquid
1755 1923 98 50 per
1811 1923 98 50 nos
1852 1923 154 50 operabile

1216 1966 84 49 non
1264 1966 132 49 propter
1360 1966 108 49 scire
1432 1966 84 49 sed
1480 1966 132 49 propter
1576 1966 132 49 operari
1673 1966 120 49 tantum
1757 1966 72 49 vt
1793 1966 84 49 est
1841 1966 72 49 in
1865 1966 132 49 mechanici

1216 2006 203 54 artificialibus
1385 2006 68 54 et
1418 2006 90 54 tunt
1475 2006 169 54 simpliciter
1610 2006 124 54 dicitur
1700 2006 158 54 practicus.
1824 2006 124 54 Secundo
1902 2006 113 54 aliquand

1223 2047 166 54 considerat
1354 2047 107 54 verum
1425 2047 83 54 non
1473 2047 155 54 operabile
1592 2047 83 54 per
1639 2047 83 54 nos
1687 2047 71 54 Et
1723 2047 83 54 hoc
1770 2047 131 54 propter
1865 2047 107 54 scire
1925 2047 83 54 sicut

1215 2094 128 52 propter
1308 2094 116 52 finem.
1390 2094 70 52 Et
1424 2094 93 52 tunc
1482 2094 174 52 simpliciter
1622 2094 128 52 dicitur
1715 2094 197 52 speculatiuus.
1877 2094 116 52 Tertio
1947 2094 58 52 ali

1221 2129 120 46 quando
1305 2129 168 46 considerat
1437 2129 144 46 materiam
1545 2129 156 46 praectica
1666 2129 132 46 propter
1762 2129 108 46 scire
1834 2129 132 46 tantum.
1918 2129 84 46 Sicut

1223 2173 187 50 Astronomus
1370 2173 174 50 theoricam
1504 2173 187 50 planetarum
1651 2173 80 50 et
1691 2173 94 50 sic
1745 2173 120 50 parti
1825 2173 94 50 est
1865 2173 134 50 praecti-

1221 2211 89 50 cus
1272 2211 140 50 partiem
1374 2211 216 50 speculatiuus.
1552 2211 89 50 sed
1602 2211 114 50 magis
1679 2211 140 50 dicitur
1780 2211 203 50 speculatiuus
1933 2211 76 50 quam

1226 2260 185 48 pecticus.
1368 2260 142 48 Quarto
1468 2260 185 48 aliquando
1610 2260 199 48 considerat
1767 2260 171 48 materiam
1881 2260 128 48 specula

1224 2298 109 56 tiuam
1297 2298 134 56 propter
1394 2298 134 56 operari
1491 2298 73 56 vt
1528 2298 85 56 cum
1576 2298 134 56 medicus
1674 2298 170 56 considerat
1807 2298 134 56 aliquam
1893 2298 109 56 constel

1227 2339 155 55 lationem
1343 2339 142 55 propter
1446 2339 90 55 hoc
1498 2339 77 55 vt
1536 2339 129 55 melius
1626 2339 129 55 possit
1717 2339 219 55 proportionare
1884 2339 116 55 aliquam

1217 2379 170 50 medicinam
1347 2379 144 50 infirmo
1452 2379 78 50 et
1491 2379 104 50 tunc
1556 2379 117 50 etiam
1635 2379 131 50 partim
1726 2379 91 50 est
1778 2379 209 50 speculatiuus
1935 2379 78 50 per-

1228 2426 76 48 tim
1272 2426 175 48 praeccticus.
1414 2426 76 48 sed
1457 2426 98 48 magis
1523 2426 120 48 dicitur
1610 2426 153 48 praecticus
1730 2426 87 48 quam
1785 2426 186 48 speculatiuus.
1927 2426 76 48 Ratio

1220 2466 119 52 horum
1299 2466 132 52 duorum
1391 2466 105 52 quia
1457 2466 92 52 ex.
1510 2466 92 52 ii.
1563 2466 145 52 metaph.
1668 2466 198 52 specuulatia
1826 2466 119 52 scaia
1892 2466 119 52 distin-

1220 2510 153 51 guitur
1327 2510 76 51 a
1357 2510 183 51 practica
1494 2510 153 51 maxime
1601 2510 137 51 penes
1693 2510 153 51 finem.
1800 2510 92 51 Eo
1845 2510 122 51 quod
1906 2510 92 51 theo

1216 2556 123 52 rice
1292 2556 138 52 finis
1384 2556 107 52 est
1445 2556 168 52 veritas
1568 2556 92 52 et
1614 2556 184 52 practice
1752 2556 107 52 est
1813 2556 123 52 opus
1874 2556 138 52 Ideoque

1221 2591 95 53 ad
1269 2591 221 53 iudicandum
1442 2591 95 53 si
1490 2591 237 53 intellectus
1679 2591 111 53 est
1742 2591 253 53 speculatiuus
1932 2591 79 53 vel

1231 2632 194 67 practicus
1380 2632 134 67 magis
1470 2632 253 67 considerandus
1678 2632 104 67 est
1738 2632 134 67 finis
1827 2632 119 67 quam
1887 2632 134 67 materia
