2242 3292
369 280 64 66 ¶
395 280 102 66 Quod
458 280 114 66 autem
535 280 127 66 dicunt
624 280 153 66 doctores
738 280 178 66 communiter
878 280 102 66 quod
942 280 216 66 quantumcunque
1107 280 51 66 fi

379 344 89 46 at
424 344 208 46 abstractio
587 344 89 46 in
632 344 163 46 diuinis
750 344 178 46 essentia
884 344 208 46 predicatur
1047 344 89 46 de
1077 344 89 46 rela

375 379 132 54 tione
463 379 220 54 eteconuerso
640 379 235 54 predicatione
831 379 191 54 identica.
978 379 103 54 hoc
1022 379 132 54 intelli

374 421 153 56 gendum
481 421 107 56 est
542 421 168 56 dummodo
664 421 138 56 talis
756 421 214 56 abstractio
925 421 153 56 semper
1032 421 122 56 stat
1093 421 61 56 in

373 470 216 43 nominibus
539 470 199 43 primarum
689 470 249 43 intentionum
888 470 100 43 vt
938 470 199 43 dicendo.
1071 470 83 43 hec

378 503 176 51 essentia
510 503 146 51 diuina
613 503 102 51 est
671 503 205 51 paternitas
832 503 161 51 diuina.
949 503 102 51 Sed
1008 503 146 51 quando
1095 503 59 51 ab

367 551 182 47 stractio
503 551 197 47 denotatur
654 551 106 47 sub
715 551 182 47 nomnibus
851 551 212 47 secundarum
1003 551 151 47 intentio

382 594 100 44 num
439 594 186 44 cuiusmodi
582 594 114 44 sunt
653 594 186 44 quiditas:
796 594 215 44 diffinitio:
968 594 129 44 ratio
1040 594 114 44 forma-

379 635 98 47 lis
435 635 112 47 siue
505 635 196 47 formalitas
659 635 112 47 tunc
729 635 112 47 illa
799 635 98 47 non
855 635 210 47 predicantur
1023 635 84 47 de
1065 635 84 47 se
1093 635 70 47 in-

385 676 127 47 uicem
470 676 113 47 quia
540 676 99 47 hec
597 676 170 47 quiditas
724 676 99 47 non
781 676 99 47 est
838 676 127 47 illa.
922 676 99 47 nec
979 676 99 47 hec
1022 676 141 47 diffini-

376 722 101 44 tio
433 722 101 44 est
491 722 115 44 illa
562 722 86 44 et
605 722 101 44 hec
663 722 201 44 formalitas
821 722 101 44 non
878 722 101 44 est
936 722 129 44 illa.
1022 722 115 44 Unde
1079 722 72 44 Sco

377 759 92 53 tus
429 759 118 53 dicit
508 759 105 53 quod
574 759 118 53 licet
653 759 131 53 albedo
745 759 92 53 sit
797 759 118 53 color
876 759 118 53 tamen
955 759 184 53 diffinitio
1086 759 79 53 albe

373 797 123 54 dinis
455 797 96 54 non
510 797 96 54 est
565 797 191 54 diffinitio
715 797 164 54 coloris.
838 797 82 54 Si
879 797 109 54 ergo
947 797 150 54 dicatur
1057 797 96 54 cum
1098 797 68 54 re-

371 844 218 49 duplicatione
549 844 164 49 scilicet
672 844 191 49 paternitas
822 844 136 49 diuina
917 844 177 49 inquantum
1040 844 123 49 paterni

377 889 92 48 tas
429 889 92 48 est
482 889 158 48 essentia
600 889 92 48 non
653 889 197 48 conceditur.
810 889 105 48 quia
876 889 92 48 ibi
929 889 171 48 denotatur
1060 889 92 48 sub
1099 889 66 48 no-

382 925 102 54 mine
446 925 141 54 secunde
549 925 192 54 intentionis
702 925 154 54 scilicet
817 925 90 54 sub
869 925 141 54 ratione
971 925 141 54 formali
1061 925 102 54 pater-

375 967 167 55 nitatis
497 967 213 55 abstractio
664 967 107 55 per
725 967 289 55 reduplieationem
968 967 107 55 etc
1029 967 107 55 Cum
1075 967 91 55 enim

379 1008 157 49 dicente
493 1008 114 49 Aug.
564 1008 114 49 Alio
635 1008 100 49 est
692 1008 143 49 pater.
792 1008 114 49 alio
864 1008 100 49 est
921 1008 114 49 deus
992 1008 86 49 id
1035 1008 100 49 est
1077 1008 86 49 alia

378 1053 160 52 ratione
495 1053 174 52 formali.
625 1053 116 52 ergo
698 1053 203 52 paternitas
858 1053 189 52 inquantum
989 1053 174 52 paternitas

379 1096 97 56 non
435 1096 97 56 est
490 1096 167 56 essentia
615 1096 139 56 diuina
699 1096 83 56 etc.

499 1161 422 114 INago
781 1161 375 114 Quot
968 1161 188 114 mo

542 1252 96 58 dis
597 1252 151 58 dicitur
707 1252 137 58 imago:
803 1252 110 58 Nota
871 1252 164 58 secundum
995 1252 123 58 Guil.
1077 1252 82 58 in
1104 1252 55 58 p.

543 1304 78 43 mo
582 1304 105 43 dis.
647 1304 105 43 iii.
713 1304 78 43 q.
752 1304 105 43 iii.
817 1304 118 43 Imago
896 1304 144 43 dicitur
987 1304 170 43 tripliciter

374 1338 115 52 Uno
439 1338 131 52 modo
521 1338 148 52 imago
620 1338 181 52 dicitur
751 1338 99 52 id
801 1338 99 52 ad
850 1338 148 52 cuius
948 1338 197 52 exemplar
1080 1338 82 52 fit

372 1389 148 44 aliud
470 1389 99 44 Et
519 1389 131 44 isto
602 1389 131 44 modo
684 1389 148 44 beata
782 1389 197 44 trinitas
930 1389 115 44 est
996 1389 148 44 imago
1078 1389 82 44 no-

377 1415 115 65 stra
449 1415 86 65 ad
492 1415 115 65 quam
564 1415 129 65 facti
650 1415 129 65 sumus
736 1415 115 65 Gen.
808 1415 86 65 i.
851 1415 187 65 Secundous
995 1415 129 65 imago
1067 1415 86 65 diei

373 1472 216 51 productum
539 1472 133 51 modo
622 1472 166 51 nature
738 1472 116 51 per
805 1472 149 51 omnia
904 1472 166 51 equale
1020 1472 116 51 suo
1070 1472 83 51 pro

374 1505 170 53 ducenti.
501 1505 85 53 et
544 1505 99 53 sic
601 1505 142 53 filius
700 1505 99 53 dei
757 1505 99 53 est
814 1505 128 53 solus
899 1505 128 53 imago
984 1505 142 53 patris
1069 1505 85 53 quod

385 1543 159 55 equalis
500 1543 130 55 patri
586 1543 101 55 Sic
644 1543 173 55 loquitur
774 1543 173 55 Hylarius
904 1543 144 55 libro.
1004 1543 86 55 de
1033 1543 130 55 synodis

389 1584 143 65 Imago
484 1584 111 65 est
548 1584 111 65 rei
612 1584 95 65 ad
659 1584 111 65 rem
723 1584 223 65 coequandam
898 1584 207 65 imaginata
1057 1584 95 65 et
1089 1584 79 65 de-

379 1628 194 58 terminata
528 1628 208 58 similitudo
692 1628 89 58 Et
736 1628 119 58 dixi
811 1628 119 58 quod
885 1628 194 58 productum
1034 1628 104 58 sit
1079 1628 89 58 per-

376 1676 116 50 modum
454 1676 142 50 nature.
557 1676 103 50 Unde
622 1676 155 50 spiritus
738 1676 142 50 sanctus
841 1676 90 50 non
893 1676 142 50 dicitur
996 1676 142 50 proprie
1087 1676 78 50 ima-

382 1722 101 51 go.
439 1722 129 51 licet
525 1722 101 51 sit
583 1722 158 51 equalis
698 1722 129 51 patri
784 1722 115 51 quia
855 1722 101 51 non
913 1722 101 51 est
970 1722 187 51 productus
1100 1722 57 51 mo

384 1753 87 62 do
428 1753 145 62 nature
530 1753 87 62 id
573 1753 102 62 est
631 1753 102 62 per
689 1753 232 62 generationem
878 1753 102 62 sed
936 1753 102 62 per
994 1753 131 62 modum
1067 1753 87 62 voli

380 1797 143 50 tatis
475 1797 95 50 et
523 1797 174 50 amoris.
649 1797 222 50 Damascenus
824 1797 158 50 tantum
934 1797 127 50 more
998 1797 158 50 Grecorim

381 1843 145 56 vtitur
483 1843 174 56 imaginis
614 1843 145 56 nomine
715 1843 87 56 in
759 1843 160 56 spiritu
875 1843 160 56 sancto.
991 1843 102 56 Sed
1049 1843 102 56 hoc
1093 1843 58 56 no

383 1877 92 57 est
435 1877 157 57 proprie.
553 1877 131 57 Tertio
645 1877 105 57 modo
710 1877 118 57 imago
789 1877 144 57 dicitur
893 1877 183 57 imitatiuum
1037 1877 92 57 sui
1076 1877 92 57 arti-

377 1925 118 54 ficis
455 1925 92 54 seu
508 1925 170 54 imaginati
639 1925 79 54 in
678 1925 131 54 quadam
769 1925 196 54 proprietate
926 1925 157 54 scilicet
1031 1925 131 54 similitu

372 1963 135 66 dinis
462 1963 135 66 licet
552 1963 180 66 differat
688 1963 105 66 per
748 1963 196 66 essentiam
898 1963 135 66 sicut
989 1963 135 66 imago
1064 1963 105 66 Cesa-

372 2008 100 50 ris
429 2008 158 50 cesarem
544 2008 215 50 representat
701 2008 86 50 etc.

375 2039 116 86 ¶
421 2039 162 86 Que
514 2039 348 86 requiruntur
792 2039 139 86 ad
862 2039 278 86 rationem
1047 2039 116 86 ima

386 2105 125 65 ginis:
473 2105 75 65 Ad
510 2105 87 65 hoc
560 2105 100 65 nota
623 2105 150 65 secundum
735 2105 100 65 doc.
797 2105 125 65 subti.
885 2105 87 65 ea.
935 2105 87 65 di.
985 2105 100 65 iii.
1047 2105 75 65 q.
1085 2105 87 65 ix.
1122 2105 50 65 et

382 2152 110 59 post
451 2152 96 59 eum
506 2152 124 59 Guil.
589 2152 110 59 quod
657 2152 83 59 ad
699 2152 165 59 rationem
822 2152 138 59 imagis
919 2152 151 59 proprie
1029 2152 110 59 tria
1084 2152 83 59 exi-

376 2195 152 57 guntur.
487 2195 138 57 Primum
583 2195 97 57 est
638 2195 110 57 quod
707 2195 124 57 totum
790 2195 221 57 representet.
970 2195 83 57 et
1011 2195 83 57 in
1053 2195 97 57 hoc
1094 2195 69 57 dis

373 2243 114 46 fert
444 2243 71 46 a
472 2243 171 46 vestigio
600 2243 85 46 vt
643 2243 156 46 patebit
757 2243 85 46 in
799 2243 100 46 se.
856 2243 185 46 Uestigium
998 2243 114 46 enim
1055 2243 114 46 plante

382 2285 85 44 non
430 2285 134 44 dicitur
528 2285 134 44 proprie
625 2285 109 44 imago
698 2285 97 44 quia
759 2285 182 44 representat
905 2285 134 44 hominem
1002 2285 146 44 secundum
1099 2285 61 44 pas

381 2322 103 50 tem
440 2322 177 50 scilicet
573 2322 148 50 pedem.
677 2322 177 50 Secundum
810 2322 103 50 est
869 2322 177 50 imitatio
1002 2322 118 50 Unde
1061 2322 103 50 imago

377 2361 148 50 dicitur
484 2361 121 50 quasi
565 2361 148 50 imitago
673 2361 81 50 id
713 2361 94 50 est
767 2361 202 50 imitationem
928 2361 108 50 ago.
996 2361 94 50 non
1036 2361 121 50 dicitur

386 2399 124 58 ergo
463 2399 139 58 imago
556 2399 124 58 nisi
633 2399 108 58 sit
695 2399 186 58 imitatio
835 2399 232 58 posterioris
1021 2399 93 58 ad
1052 2399 108 58 prius

380 2446 79 50 id
419 2446 92 50 est
472 2446 79 50 ad
511 2446 92 50 eum
564 2446 118 50 cuius
642 2446 92 50 est
695 2446 131 50 imago.
787 2446 144 50 quamuis
892 2446 92 50 sit
944 2446 184 50 similitudo
1075 2446 79 50 hui-

390 2486 80 57 ad
430 2486 120 57 illum
510 2486 160 57 Exemplum
629 2486 160 57 secundum
749 2486 107 57 Aug.
816 2486 93 57 li.
869 2486 160 57 lxxxiii.
989 2486 80 57 q.
1029 2486 80 57 Si
1055 2486 107 57 essen-

389 2530 101 53 duo
446 2530 101 53 oua
504 2530 145 53 omnino
605 2530 159 53 similia
721 2530 87 53 in
764 2530 145 53 figura
865 2530 202 53 quantitate
1024 2530 87 53 et
1053 2530 116 53 colore

390 2570 68 52 et
424 2570 102 52 tamen
492 2570 91 52 vnum
549 2570 80 52 non
594 2570 102 52 esset
662 2570 102 52 imago
730 2570 136 52 alterius
833 2570 91 52 quia
889 2570 80 52 non
935 2570 136 52 imitatur
1037 2570 114 52 illud.
1105 2570 57 52 li.

373 2613 78 52 sit
418 2613 123 52 simile.
507 2613 78 52 non
552 2613 90 52 enim
608 2613 134 52 sequitur
708 2613 90 52 vnum
764 2613 101 52 eorum
832 2613 101 52 aliud
899 2613 101 52 sicut
966 2613 157 52 posterius.
1078 2613 78 52 facti

381 2654 88 53 ad
425 2654 175 53 imaginem
557 2654 146 53 poris.
659 2654 161 53 Tertium
776 2654 102 53 est
834 2654 117 53 quod
908 2654 132 53 imago
995 2654 88 53 ad
1024 2654 132 53 imaginm

381 2696 81 61 tum
428 2696 163 61 referatur.
556 2696 93 61 vnde
614 2696 105 61 imago
683 2696 128 61 cesaris
776 2696 128 61 proprie
869 2696 128 61 dicitur
962 2696 151 61 inquantum
1067 2696 116 61 cesarenm

1218 283 204 70 representat.
1384 283 76 70 et
1422 283 89 70 non
1473 283 166 70 inquantum
1600 283 89 70 est
1651 283 140 70 pictura
1753 283 140 70 tamteun
1843 283 76 70 etc.

1208 344 120 87 ¶
1256 344 264 87 Quomodo
1448 344 312 87 differunt
1689 344 192 87 ista
1809 344 216 87 inter
1929 344 96 87 se

1210 422 169 53 Imago:
1328 422 220 53 vestigium
1498 422 101 53 et
1548 422 169 53 vmbra:
1667 422 101 53 Ad
1717 422 118 53 hoc
1785 422 186 53 notanda
1904 422 101 53 sunt

1224 464 128 49 aliqua.
1317 464 104 49 Primo
1387 464 93 49 quod
1445 464 139 49 secundum
1549 464 93 49 viam
1607 464 93 49 Tho.
1665 464 116 49 parte.
1746 464 70 49 i.
1781 464 70 49 q.
1816 464 70 49 xl
1851 464 70 49 v.
1886 464 81 49 ar.
1920 464 70 49 vii.

1213 507 138 46 Opinio
1310 507 97 46 est
1365 507 110 46 quod
1434 507 124 46 imago
1517 507 221 46 repraesentat
1696 507 179 46 distincte
1834 507 97 46 sub
1876 507 124 46 ratione

1224 548 186 49 indiuidui.
1370 548 93 49 Sed
1423 548 172 49 vestigium
1555 548 212 49 repraesentat
1728 548 186 49 indisticte
1874 548 106 49 quia
1927 548 66 49 sub

1217 587 159 52 ratione
1332 587 174 52 speciei.
1463 587 217 52 Quemadmodum
1636 587 87 52 si
1680 587 188 52 transiret
1824 587 130 52 equus
1897 587 101 52 super

1211 631 198 52 pulueres:
1363 631 198 52 impressio
1515 631 198 52 derelicta
1668 631 91 52 ex
1714 631 168 52 pedibus
1835 631 122 52 equi
1896 631 107 52 esset

1225 669 83 58 in
1267 669 179 58 vestigium
1404 669 83 58 et
1446 669 234 58 cognosceretur
1639 669 110 58 quod
1708 669 179 58 transiens
1845 669 110 58 fuit
1901 669 96 58 equus

1227 712 78 55 et
1266 712 91 55 non
1318 712 117 55 homo.
1396 712 117 55 Imago
1474 712 117 55 autem
1552 712 208 55 repraesentat
1720 712 91 55 sub
1772 712 143 55 ratione
1863 712 143 55 indiuidui

1216 764 132 44 Quia
1299 764 149 44 imago
1398 764 182 44 cesaris
1531 764 116 44 non
1597 764 149 44 solum
1696 764 99 44 in
1746 764 248 44 cognitionem
1928 764 66 44 ho

1216 806 139 53 minis
1308 806 139 53 ducit
1401 806 108 53 sed
1463 806 139 53 etiam
1555 806 170 53 cesaris
1679 806 170 53 ipsius.
1802 806 77 53 ¶
1833 806 108 53 Sed
1879 806 124 53 contra

1228 840 97 53 hoc
1284 840 139 53 arguit
1381 840 208 53 Scotorelis.
1547 840 111 53 Quia
1617 840 83 53 si
1658 840 125 53 esset
1741 840 139 53 tantum
1839 840 111 53 vnum
1894 840 111 53 animal

1222 882 108 50 ibi
1283 882 108 50 vel
1345 882 92 50 in
1391 882 200 50 vniuerso.
1545 882 123 50 puta
1622 882 123 50 vnus
1699 882 154 50 equus.
1807 882 92 50 et
1838 882 169 50 transiret

1222 922 111 59 per
1285 922 205 59 pulueres:
1443 922 142 59 adhuc
1538 922 205 59 vestigium
1696 922 126 59 eius
1775 922 111 59 non
1838 922 142 59 esset
1917 922 79 59 ima

1220 967 91 51 go.
1272 967 78 51 Et
1311 967 130 51 tantum
1402 967 117 51 illud
1481 967 169 51 vestigium
1611 967 222 51 representaret
1793 967 169 51 distincte
1911 967 91 51 equum

1222 1007 104 53 sub
1282 1007 163 53 ratione
1400 1007 208 53 indiuidui.
1564 1007 163 53 Ideoque
1682 1007 104 53 hec
1742 1007 148 53 opinio
1831 1007 178 53 improbatur

1220 1058 68 45 a
1248 1058 177 45 scotistis
1384 1058 68 45 ¶
1411 1058 109 45 Unde
1479 1058 109 45 alit
1547 1058 204 45 respondendo
1710 1058 150 45 secundo
1819 1058 150 45 notadum
1914 1058 95 45 iuxta

1225 1092 126 58 Guil.
1309 1092 84 58 in
1351 1092 140 58 primo.
1449 1092 98 58 di.
1505 1092 112 58 iii.
1575 1092 84 58 q.
1617 1092 84 58 ii
1659 1092 196 58 colligendo
1813 1092 84 58 et
1841 1092 168 58 Scotorels.

1221 1132 100 55 quod
1283 1132 100 55 ista
1346 1132 100 55 tria
1408 1132 163 55 praedicta
1533 1132 75 55 se
1571 1132 125 55 habent
1658 1132 88 55 per
1708 1132 138 55 ordinem
1808 1132 75 55 et
1846 1132 163 55 differunt
1958 1132 50 55 in

1222 1182 197 51 pluribus.
1373 1182 182 51 Precipue
1509 1182 136 51 autem
1600 1182 182 51 dimissis
1737 1182 136 51 aliis
1827 1182 91 51 in
1873 1182 106 51 hoc
1918 1182 91 51 quia

1228 1225 138 50 vmbra
1320 1225 107 50 est
1381 1225 169 50 obscura
1503 1225 92 50 et
1549 1225 199 50 consistit
1703 1225 92 50 in
1749 1225 153 50 quadam
1840 1225 169 50 elongatio

1223 1263 94 52 ne
1270 1263 204 52 confusiue
1428 1263 189 52 respectu
1569 1263 110 52 rei
1632 1263 141 52 cuius
1726 1263 110 52 est
1789 1263 157 52 vmbra.
1883 1263 126 52 Uesti-

1222 1301 115 54 gium
1294 1301 115 54 vero
1366 1301 86 54 in
1409 1301 144 54 quadam
1510 1301 216 54 elongatione
1683 1301 86 54 et
1726 1301 231 54 distinctione
1899 1301 101 54 repur

1220 1352 170 43 sentando
1347 1352 142 43 partem
1447 1352 99 43 vel
1503 1352 170 43 secundum
1631 1352 156 43 partem:
1744 1352 128 43 sicut
1829 1352 128 43 patet
1914 1352 85 43 in
1942 1352 57 43 ve

1228 1388 145 51 stigio
1329 1388 145 51 plante
1430 1388 101 51 quo
1488 1388 101 51 non
1546 1388 246 51 representatur
1749 1388 130 51 totus
1835 1388 145 51 cesar.
1922 1388 87 51 Etsi

1222 1429 87 57 ex
1265 1429 174 57 vestigio
1395 1429 145 57 plante
1497 1429 159 57 cesaris
1613 1429 174 57 impresso
1743 1429 87 57 in
1786 1429 130 57 terra
1859 1429 159 57 represen-

1214 1471 134 55 tatur
1303 1471 134 55 totus
1393 1471 149 55 cesar.
1497 1471 104 55 Hoc
1556 1471 104 55 fit
1616 1471 134 55 solum
1705 1471 208 55 arguitiue.
1869 1471 89 55 no
1899 1471 104 55 prin-

1229 1504 136 60 cipali
1325 1504 286 60 repraestentatione
1570 1504 164 60 vestigii
1693 1504 136 60 illius
1788 1504 95 60 Sed
1843 1504 123 60 imago
1911 1504 95 60 reptu

1229 1555 131 49 sentat
1321 1555 92 49 per
1373 1555 118 49 modum
1452 1555 131 49 totius
1544 1555 79 49 et
1584 1555 171 49 consistit
1715 1555 79 49 in
1754 1555 131 49 quadam
1833 1555 171 49 propinquita

1220 1599 87 51 te
1263 1599 87 51 et
1306 1599 245 51 distinctione.
1508 1599 101 51 Nam
1566 1599 130 51 imago
1653 1599 159 51 cesaris
1768 1599 231 51 repraesentat
1941 1599 58 51 ce

1218 1637 121 55 sarem
1298 1637 161 55 secundum
1419 1637 80 55 se
1459 1637 121 55 totum
1540 1637 188 55 distincte.
1687 1637 67 55 ¶
1714 1637 80 55 Ad
1754 1637 188 55 propositum
1902 1637 80 55 ad
1929 1637 80 55 diui

1215 1680 94 57 na
1262 1680 219 57 applicando
1434 1680 141 57 iuxta
1528 1680 172 57 aliorum
1653 1680 156 57 dicta.
1762 1680 141 57 Omnis
1840 1680 156 57 creatura

1228 1719 210 57 considerata
1396 1719 238 57 indeterminate
1592 1719 84 57 in
1634 1719 168 57 confuso.
1760 1719 126 57 prout
1844 1719 126 57 habet
1914 1719 98 57 esse.

1218 1760 167 50 tanquam
1340 1760 137 50 vmbra
1431 1760 107 50 est
1492 1760 183 50 respectu
1629 1760 107 50 dei
1689 1760 107 50 qui
1750 1760 137 50 habet
1842 1760 122 50 esse
1902 1760 107 50 verum

1227 1805 90 54 per
1279 1805 181 54 essentiam.
1421 1805 90 54 Sed
1472 1805 77 54 si
1511 1805 207 54 consideratur
1679 1805 155 54 respectu
1795 1805 90 54 dei
1847 1805 90 54 sub
1886 1805 116 54 ratione

1220 1848 170 49 triplicis
1351 1848 118 49 cause
1430 1848 157 49 scilicet
1547 1848 197 49 efficientis
1705 1848 157 49 formalis
1823 1848 92 49 hoc
1875 1848 92 49 est
1914 1848 92 49 exen-

1232 1892 129 47 plaris
1322 1892 77 47 et
1361 1892 155 47 finalis:
1477 1892 168 47 vestigium
1606 1892 142 47 dicitur
1709 1892 116 47 Imago
1787 1892 103 47 vero
1851 1892 90 47 dei
1890 1892 116 47 dicitur

1220 1935 88 58 ipa
1271 1935 113 58 anima
1346 1935 138 58 hummana
1446 1935 138 58 quantum
1546 1935 75 58 ad
1583 1935 100 58 tria
1646 1935 100 58 quae
1708 1935 100 58 sunt
1771 1935 75 58 in
1808 1935 75 58 ea
1846 1935 150 58 scilicet
1946 1935 50 58 Mi

1227 1974 150 53 moria:
1332 1974 225 53 intellectus
1512 1974 90 53 et
1557 1974 180 53 voluntas
1691 1974 75 53 ¶
1721 1974 150 53 Tertio
1826 1974 120 53 quam
1886 1974 120 53 notan-

1229 2011 100 62 dum
1286 2011 100 62 est
1343 2011 172 62 secundum
1472 2011 143 62 eundem
1573 2011 143 62 Guill.
1673 2011 158 62 ibidem.
1788 2011 115 62 quod
1845 2011 158 62 vestigium

1223 2059 98 57 dei
1279 2059 84 57 in
1321 2059 127 57 sacra
1406 2059 183 57 scriptura
1546 2059 211 57 tripliciter
1715 2059 197 57 accipitur.
1855 2059 141 57 Aliquand

1227 2101 131 46 enim
1309 2101 213 46 accipitur
1472 2101 115 46 pro
1538 2101 246 46 prouidentia
1735 2101 180 46 occulta
1866 2101 131 46 dei:
1931 2101 66 46 si

1218 2141 107 52 cut
1279 2141 107 52 cum
1340 2141 168 52 dicitur
1462 2141 122 52 Iob.
1538 2141 107 52 xi.
1599 2141 183 52 Forsitan
1737 2141 183 52 vestigia
1874 2141 107 52 dei
1920 2141 76 52 com

1222 2176 215 62 prehendes
1388 2176 99 62 id
1437 2176 116 62 est
1503 2176 182 62 occulta
1636 2176 116 62 dei
1702 2176 182 62 iudicia
1834 2176 116 62 non
1883 2176 116 62 pote-

1216 2224 136 54 ris
1293 2224 329 54 comprehendere
1564 2224 116 54 tu
1622 2224 174 54 homo.
1738 2224 213 54 Secundo
1874 2224 116 54 modo

1224 2267 222 47 Uestigium
1395 2267 222 47 aliquando
1566 2267 222 47 accipitur
1737 2267 120 47 pro
1806 2267 154 47 opere
1891 2267 103 47 chri

1223 2313 114 47 sti
1288 2313 98 47 in
1337 2313 147 47 mundo
1435 2313 114 47 vel
1501 2313 114 47 pro
1566 2313 196 47 exemplis
1713 2313 131 47 eius
1795 2313 163 47 sancte
1893 2313 98 47 vite

1219 2348 151 58 iuxta
1320 2348 151 58 illud
1420 2348 134 58 Iob.
1504 2348 201 58 Uestigia
1654 2348 134 58 eius
1738 2348 184 58 secutus
1872 2348 117 58 est
1922 2348 84 58 pes

1211 2387 165 63 meus.
1320 2387 183 63 Tertio
1448 2387 146 63 modo
1540 2387 238 63 accipitur
1723 2387 128 63 pro
1796 2387 183 63 quodam
1906 2387 91 63 ra-

1222 2435 115 55 dio
1287 2435 197 55 creature
1435 2435 115 55 qui
1501 2435 115 55 nos
1567 2435 148 55 ducit
1666 2435 99 55 in
1715 2435 247 55 cognitionem
1896 2435 99 55 cre-

1223 2480 182 48 atoris.
1355 2480 149 48 Sicut
1454 2480 132 48 enim
1536 2480 215 48 vestigium
1701 2480 149 48 ducit
1800 2480 99 48 in
1833 2480 165 48 cognitio

1222 2523 103 47 nem
1281 2523 161 47 aliquam
1398 2523 147 47 illius
1501 2523 132 47 cuius
1589 2523 103 47 est
1647 2523 176 47 secundum
1779 2523 161 47 partem.
1896 2523 88 47 vt
1926 2523 73 47 pre

1213 2565 166 49 dictum
1330 2565 133 49 est.
1413 2565 100 49 et
1463 2565 100 49 in
1512 2565 166 49 quadam
1629 2565 249 49 elongatione
1828 2565 100 49 id
1878 2565 116 49 est
1928 2565 66 49 re

1208 2604 151 51 mota
1302 2604 283 51 cognitione.
1529 2604 151 51 Puta
1623 2604 151 51 quia
1717 2604 245 51 vestigium
1887 2604 113 51 equi

1216 2644 243 56 cognoscitur
1410 2644 130 56 quod
1491 2644 113 56 ibi
1556 2644 130 56 fuit
1637 2644 162 56 equus.
1750 2644 113 56 Ita
1815 2644 146 56 omnis
1896 2644 113 56 crea-

1220 2687 104 70 tura
1285 2687 144 70 dicitur
1390 2687 170 70 vestigium
1520 2687 104 70 quia
1585 2687 117 70 ducit
1664 2687 78 70 in
1703 2687 196 70 cognitionem
1859 2687 91 70 dei
1899 2687 104 70 ipsius
