2238 3289
363 284 154 57 amorem
470 284 92 57 et
516 284 246 57 cognitionem.
716 284 108 57 Sed
778 284 215 57 tantummodo
947 284 108 57 est
993 284 184 57 vestigium.

390 340 202 46 creatoris
546 340 109 46 etc
608 340 78 46 ¶
639 340 155 46 Tertia
747 340 233 46 differentia
933 340 93 46 ad
980 340 109 46 hoc
1026 340 140 46 declara

383 375 114 49 tiua
454 375 114 49 quod
526 375 129 49 queda
611 375 100 49 est
669 375 129 49 imago
754 375 214 49 naturaliter
926 375 143 49 genita
1026 375 129 49 sicut
1098 375 71 49 fi-

379 410 97 59 lii
434 410 124 59 Regis
517 410 83 59 ad
559 410 138 59 regem.
655 410 97 59 sic
710 410 97 59 est
766 410 166 59 christus
890 410 166 59 respectu
1014 410 97 59 dei
1056 410 110 59 patris

378 461 159 56 Queda
484 461 159 56 autem
590 461 123 56 est
660 461 159 56 imago
766 461 176 56 creata
889 461 106 56 vt
942 461 159 56 anima
1030 461 141 56 humana

394 498 85 52 et
436 498 171 52 angelus.
565 498 142 52 Quedam
664 498 114 52 vero
736 498 100 52 est
793 498 128 52 imago
878 498 128 52 facta
963 498 128 52 quasi
1035 498 142 52 artifici

380 548 128 46 alis
460 548 96 46 vt
508 548 112 46 est
572 548 96 46 in
620 548 128 46 numo
700 548 112 46 vel
764 548 176 46 denario
893 548 144 46 regis
989 548 112 46 vel
1037 548 128 46 statua

395 587 105 53 que
455 587 135 53 ipsum
545 587 135 53 regem
635 587 240 53 representat.
829 587 90 53 Et
874 587 105 53 hec
934 587 165 53 copetit
1039 587 135 53 creatu-

399 630 108 53 ris
460 630 124 53 etc.
538 630 108 53 Hec
600 630 108 53 vbi
646 630 124 53 supra.

583 679 163 81 a
649 679 457 81 xmmectiate
975 679 196 81 Ddei

589 755 180 53 immediatus
730 755 141 53 dicitur
833 755 77 53 ab
872 755 77 53 in
910 755 103 53 quod
974 755 90 53 est
1026 755 103 53 non.
1090 755 77 53 et
1116 755 64 53 me-

587 807 157 42 diatus.
701 807 71 42 a
729 807 143 42 medium
829 807 143 42 medii.
929 807 128 42 quasi
1014 807 100 42 non
1057 807 114 42 habens

600 839 146 52 medium
702 839 160 52 dicitur
819 839 204 52 immediate.
979 839 175 52 Uidendum
1096 839 73 52 est

391 860 117 71 ergo
464 860 132 71 quodt
552 860 132 71 modis
640 860 161 71 dicitur
757 860 146 71 medium
859 860 88 71 et
903 860 102 71 per
961 860 205 71 consequens
1108 860 58 71 im

392 922 181 56 mediatum.
531 922 70 56 ¶
559 922 167 56 Notandum
684 922 125 56 autem
768 922 167 56 secundum
893 922 125 56 Guil.
976 922 83 56 in
1018 922 125 56 primo
1088 922 83 56 dis-

383 965 110 53 xii.
452 965 110 53 quod
521 965 138 53 medium
617 965 151 53 dicitur
727 965 220 53 tripliciter.
906 965 69 53 ¶
934 965 96 53 Uno
989 965 110 53 modo
1044 965 124 53 dicitur

391 999 142 66 medium
490 999 100 66 per
547 999 228 66 abnegationem
733 999 199 66 vtriusquam
889 999 157 66 extremi
1003 999 85 66 et
1046 999 100 66 sic
1089 999 85 66 dici

387 1051 103 49 tur
446 1051 147 49 medium
549 1051 88 49 in
593 1051 191 49 moralibus
739 1051 132 49 verum
827 1051 103 49 est
886 1051 132 49 tamen
974 1051 117 49 quod
1047 1051 88 49 in
1076 1051 103 49 tali-

381 1095 112 45 bus
445 1095 112 45 est
509 1095 160 45 aliqua
621 1095 192 45 analogia
765 1095 96 45 ad
812 1095 176 45 extrema
940 1095 144 45 sicut
1036 1095 112 45 est
1084 1095 96 45 libe

382 1136 155 54 ralitas
495 1136 127 54 inter
579 1136 254 54 prodigalitatem
791 1136 85 54 et
833 1136 198 54 auariciam.
989 1136 99 54 Nam
1031 1136 141 54 auaricia

390 1177 111 47 nec
453 1177 111 47 dat
517 1177 142 47 danda
611 1177 111 47 nec
675 1177 111 47 dat
738 1177 111 47 non
801 1177 158 47 danda.
911 1177 253 47 prodigalitas
1101 1177 79 47 dat

396 1213 121 52 danda
476 1213 80 52 et
516 1213 94 52 non
570 1213 134 52 danda.
664 1213 80 52 in
704 1213 121 52 medio
784 1213 94 52 est
838 1213 188 52 libalitas.
985 1213 94 52 dat
1039 1213 94 52 eim
1079 1213 94 52 danda

380 1256 135 56 sicut
470 1256 255 56 prodigalitas.
680 1256 165 56 sedinon
799 1256 105 56 dat
859 1256 105 56 non
919 1256 135 56 danda
1009 1256 135 56 sicut
1084 1256 90 56 aua-

398 1304 152 46 ricia.
504 1304 91 46 Et
550 1304 122 46 isto
626 1304 137 46 primo
718 1304 122 46 modo
794 1304 152 46 filius
901 1304 168 46 dicitur
1023 1304 137 46 media
1099 1304 76 46 per

397 1343 104 51 sona
462 1343 78 51 in
501 1343 142 51 diuinis
604 1343 155 51 scilicet
721 1343 91 51 per
773 1343 220 51 abnegationem.
954 1343 104 51 quia
1019 1343 91 51 nec
1070 1343 91 51 est
1109 1343 65 51 pa-

396 1382 95 51 ter.
456 1382 83 51 nec
503 1382 83 51 est
551 1382 143 51 spiritus
658 1382 131 51 sanctus
753 1382 71 51 et
789 1382 83 51 cum
836 1382 107 51 patre
907 1382 143 51 conuenit
1015 1382 95 51 quia
1074 1382 107 51 sicut
1133 1382 48 51 pa

386 1426 79 46 ter
431 1426 136 46 producit
533 1426 136 46 spiritum
635 1426 125 46 sanctum
725 1426 79 46 sic
771 1426 68 46 et
804 1426 125 46 filius.
895 1426 68 46 et
929 1426 102 46 etiam
997 1426 68 46 cu
1031 1426 125 46 spiritu
1110 1426 68 46 san-

398 1468 87 57 cto
447 1468 150 57 conuenit
560 1468 100 57 quia
622 1468 112 57 sicut
697 1468 150 57 spiritus
810 1468 137 57 sanctus
910 1468 175 57 producitur
1047 1468 87 57 sic
1097 1468 75 57 et
1122 1468 50 57 fi

393 1506 110 53 lius
462 1506 193 53 producitur
614 1506 151 53 quamuis
724 1506 110 53 alio
792 1506 124 53 modo.
875 1506 69 53 ¶
903 1506 151 53 Secundo
1013 1506 110 53 modo
1068 1506 110 53 medium

402 1554 127 47 icitur
491 1554 102 47 quod
555 1554 140 47 extrema
657 1554 153 47 continet
771 1554 191 47 virtualiter
924 1554 114 47 sicut
1000 1554 102 47 sunt
1064 1554 76 47 in
1089 1554 89 47 compo

394 1595 108 48 sito
462 1595 176 48 elementa:
598 1595 231 48 proportionata
788 1595 163 48 scilicet
910 1595 203 48 virtualiter
1059 1595 122 48 tantum-

396 1635 125 64 modo
474 1635 125 64 Isto
552 1635 125 64 modo
630 1635 140 64 pater
723 1635 140 64 sapit
817 1635 171 64 naturam
941 1635 140 64 medii
1035 1635 125 64 quia
1097 1635 78 64 est

395 1675 181 56 principium
537 1675 194 56 productiuum
693 1675 117 56 filii
771 1675 78 56 et
809 1675 155 56 spiritus
926 1675 129 56 sancti
1017 1675 104 56 etc.
1081 1675 65 56 ¶
1094 1675 78 56 Eer-

391 1712 103 55 tio
450 1712 118 55 modo
524 1712 162 55 dicitur
641 1712 147 55 medium
744 1712 103 55 per
803 1712 280 55 participationem
1024 1712 147 55 formalem

388 1758 181 52 vtriusque
527 1758 167 52 extremi.
653 1758 97 52 sic
708 1758 153 52 tepidum
820 1758 125 52 inter
903 1758 153 52 calidum
1015 1758 84 52 et
1043 1758 125 52 frigidi

400 1800 135 62 Isto
484 1800 135 62 modo
569 1800 118 62 est
636 1800 168 62 quedam
754 1800 152 62 quasi
855 1800 219 62 proportio
1023 1800 152 62 medii
1108 1800 67 62 ad

401 1836 138 59 spiritum
504 1836 126 59 sanctum
596 1836 149 59 inquantum
710 1836 57 59 a
733 1836 103 59 patre
802 1836 69 59 et
837 1836 103 59 filio
906 1836 161 59 communiter
1032 1836 138 59 spiratur
1124 1836 57 59 Hic

406 1884 151 56 Bonauen.
520 1884 113 56 dicit
595 1884 101 56 quod
658 1884 75 56 in
695 1884 138 56 spiritu
796 1884 126 56 sancto
884 1884 151 56 vniuntur
997 1884 113 56 pater
1072 1884 75 56 et
1098 1884 75 56 fili

395 1922 96 56 us
443 1922 144 56 sicut
539 1922 112 56 due
604 1922 176 56 candele
732 1922 96 56 in
780 1922 160 56 lumine
892 1922 96 56 ab
940 1922 112 56 eis
989 1922 193 56 procedente

398 1968 106 53 Hec
459 1968 91 53 ex
504 1968 137 53 Guil.
595 1968 76 53 ¶
626 1968 182 53 Preterea
763 1968 152 53 quarto
869 1968 122 53 modo
945 1968 167 53 dicitur
1051 1968 122 53 medium

390 2020 108 46 per
451 2020 123 46 quod
528 2020 108 46 vel
590 2020 169 46 mediate
713 2020 108 46 quo
774 2020 169 46 aliquid
897 2020 231 46 producitur.
1066 2020 108 46 Sicut

396 2052 137 59 prima
487 2052 137 59 causa
578 2052 122 59 agit
655 2052 183 59 mediante
792 2052 167 59 secunda
913 2052 91 59 vt
959 2052 107 59 cum
1020 2052 122 59 homo
1081 2052 91 59 gene

400 2099 97 51 rat
456 2099 152 51 hominem
566 2099 83 51 et
608 2099 111 51 sol.
677 2099 83 51 ii
719 2099 139 51 physi.
816 2099 97 51 Sed
871 2099 97 51 cum
927 2099 111 51 deus
996 2099 125 51 creat
1065 2099 111 51 animam

391 2138 86 49 de
434 2138 144 49 nihilo
534 2138 129 49 facit
621 2138 101 49 hoc
678 2138 187 49 immediate
822 2138 101 49 per
879 2138 172 49 seipsum.
1009 2138 129 49 secus
1095 2138 86 49 in
1124 2138 57 49 ge

399 2181 188 74 neratione
543 2181 173 74 corporis
658 2181 87 74 etc.

572 2237 608 83 bcmmensitas
1017 2237 162 83 De

579 2308 102 59 hoc
638 2308 174 59 notandum
768 2308 174 59 secundum
899 2308 145 59 Aureo.
1001 2308 87 59 in
1030 2308 145 59 compend.

596 2355 127 55 Quod
675 2355 222 55 immensitas
850 2355 95 55 in
898 2355 111 55 deo
961 2355 191 55 quattuor
1089 2355 79 55 con

389 2396 136 56 plectu
484 2396 149 56 propter
593 2396 109 56 quae
661 2396 109 56 deus
729 2396 163 56 immensus
851 2396 149 56 dicitur
960 2396 177 56 videlicet
1082 2396 95 56 infi-

388 2437 164 52 nitatem:
511 2437 369 52 incomprehensibilitatem:
825 2437 355 52 incircumscriptibilitatem

386 2475 85 56 et
428 2475 227 56 eternitatem.
613 2475 99 56 Nam
669 2475 128 56 primo
755 2475 142 56 potest
854 2475 113 56 deus
925 2475 213 56 considerari
1095 2475 85 56 in
1123 2475 57 56 se

389 2518 81 51 et
429 2518 94 51 sic
483 2518 94 51 est
537 2518 175 51 infinitus
671 2518 162 51 psalmos.
793 2518 135 51 Magnus
887 2518 148 51 dominus
994 2518 81 51 et
1021 2518 162 51 laudabilis

388 2559 129 55 nimis
474 2559 86 55 et
517 2559 201 55 magnitudis
675 2559 115 55 eius
747 2559 101 55 non
804 2559 101 55 est
862 2559 144 55 finis.
962 2559 158 55 Secundo
1063 2559 115 55 potest

407 2600 185 60 onsiderari
552 2600 79 60 in
592 2600 185 60 operatione
737 2600 79 60 ad
777 2600 211 60 intellectum.
948 2600 79 60 Et
988 2600 92 60 sic
1041 2600 92 60 est
1080 2600 106 60 incon-

397 2645 249 62 prehensibilis.
605 2645 111 62 Unde
674 2645 194 62 apostolus.
826 2645 69 62 O
854 2645 166 62 altitudo
978 2645 194 62 diuitiarum
1117 2645 69 62 sa-

388 2687 147 77 pientie
495 2687 80 77 et
535 2687 161 77 scientie
656 2687 94 77 dei
709 2687 349 77 quamincomprehensibilia
1018 2687 107 77 sunt
1071 2687 121 77 iudicia

1224 281 131 58 eius.
1312 281 189 58 propterea
1457 281 116 58 deus
1530 281 160 58 dicitur
1646 281 145 58 sedere
1747 281 131 58 super
1835 281 174 58 cherubin
1951 281 58 58 id

1232 334 90 49 est
1284 334 116 49 super
1361 334 206 49 plenitudinem
1529 334 103 49 scie
1593 334 77 49 et
1632 334 116 49 super
1709 334 116 49 omnem
1787 334 193 49 intellectum
1929 334 77 49 cre-

1229 369 113 46 atum.
1305 369 125 46 Tertio
1392 369 125 46 potest
1480 369 100 46 deus
1542 369 188 46 considerari
1692 369 75 46 in
1730 369 200 46 comperatione
1892 369 75 46 ad
1917 369 88 46 locum

1226 409 99 58 sic
1282 409 99 58 est
1339 409 311 58 incircuscriptibil.
1608 409 113 58 Unde
1679 409 113 58 Amb.
1749 409 127 58 Nihil
1820 409 198 58 praescriptum

1222 461 127 46 nihil
1306 461 268 46 circumscriptum:
1532 461 127 46 nihil
1616 461 155 46 diuisum
1729 461 127 46 habet
1814 461 183 46 trinitas.
1941 461 70 46 Non

1226 494 106 50 enim
1292 494 106 50 loco
1358 494 172 50 clauditur
1491 494 93 50 non
1544 494 199 50 extimatione
1703 494 212 50 concluditur.
1875 494 93 50 Non
1915 494 93 50 etate

1227 532 163 47 variatur
1349 532 108 47 etc.
1417 532 136 47 Quarto
1512 532 136 47 potest
1607 532 108 47 deus
1675 532 203 47 considerari
1838 532 81 47 in
1865 532 149 47 comperati

1230 577 104 53 one
1290 577 90 53 ad
1335 577 209 53 durationem
1499 577 90 53 et
1543 577 104 53 sic
1603 577 104 53 est
1663 577 164 53 eternus
1782 577 90 53 et
1827 577 90 53 de
1857 577 149 53 singulis

1229 619 222 70 predictis.
1404 619 127 70 Uide
1483 619 95 70 in
1531 619 127 70 suis
1594 619 111 70 locis

1230 650 121 87 ¶
1278 650 170 87 Quo
1375 650 194 87 deus
1497 650 267 87 dicitur
1691 650 194 87 esse
1788 650 218 87 immense

1225 725 207 51 magnitudis:
1391 725 207 51 Respondetur
1556 725 110 51 quod
1626 725 124 51 sicut
1708 725 124 51 docet
1791 725 193 51 Augustinus
1929 725 83 51 Deus

1227 769 105 50 non
1287 769 120 50 mole
1362 769 210 50 magnitudis
1527 769 105 50 nec
1587 769 210 50 quantitate
1751 769 240 50 distenditur:
1931 769 75 50 sed

1229 806 81 47 eo
1269 806 148 47 dicitur
1377 806 108 47 deus
1444 806 135 47 magnus
1539 806 94 47 quo
1593 806 108 47 deus
1660 806 162 47 scilicet
1782 806 148 47 immense
1876 806 135 47 virtutis

1241 849 102 50 Unde
1305 849 153 50 secundum
1420 849 140 50 Aureol.
1521 849 127 50 supra.
1611 849 76 50 In
1649 849 89 50 deo
1700 849 89 50 non
1751 849 89 50 est
1802 849 166 50 quantitas
1929 849 89 50 vel
1967 849 51 50 ma

1228 900 156 44 gnitudo
1341 900 213 44 dimensionis
1512 900 99 44 sed
1568 900 99 44 est
1625 900 142 44 diuine
1724 900 170 44 virtutis
1838 900 170 44 immensitas

1241 936 112 50 Nec
1305 936 225 50 mensuratur
1482 936 160 50 ipsius
1594 936 144 50 mundi
1690 936 144 50 huius
1786 936 225 50 corporalis
1947 936 80 50 ca-

1245 974 174 55 pacitate
1375 974 130 55 sicut
1462 974 145 55 corpus
1563 974 188 55 extensum.
1708 974 87 55 vt
1751 974 116 55 pote
1824 974 130 55 vinum
1911 974 87 55 in
1940 974 72 55 do-

1241 1018 94 51 lio
1294 1018 120 51 magno
1374 1018 94 51 qua
1428 1018 201 51 continetur:
1589 1018 94 51 imo
1642 1018 134 51 potius
1736 1018 107 51 deus
1803 1018 161 51 continet
1910 1018 107 51 mundum

1242 1060 112 53 totum
1316 1060 150 53 existens
1428 1060 125 53 vbique
1516 1060 87 53 sue
1565 1060 174 53 maiestatis
1703 1060 187 53 praesentia.
1852 1060 75 53 Si
1889 1060 87 53 eim
1927 1060 87 53 dimen

1230 1098 119 54 sionis
1314 1098 167 54 extensione
1445 1098 84 54 eet
1493 1098 72 54 in
1529 1098 96 54 modo
1588 1098 84 54 non
1636 1098 107 54 posse
1708 1098 84 54 sic
1755 1098 96 54 esse
1815 1098 107 54 totus
1887 1098 119 54 vbique
1958 1098 60 54 sed

1236 1140 99 75 per
1292 1140 155 75 partes.
1405 1140 113 75 Unde
1475 1140 127 75 patet
1560 1140 113 75 quod
1631 1140 99 75 non
1687 1140 183 75 magnitudo
1828 1140 211 75 quantitatis

1233 1184 176 63 continue
1365 1184 102 63 sed
1424 1184 176 63 virtutis
1541 1184 146 63 infinite

1273 1212 121 93 ¶
1321 1212 169 93 Sed
1418 1212 193 93 quid
1538 1212 169 93 est
1635 1212 338 93 immensitas
1876 1212 145 93 vir-

1237 1290 112 42 tutis
1311 1290 162 42 Respondet
1436 1290 112 42 Rich.
1511 1290 87 42 di.
1561 1290 100 42 xix.
1624 1290 100 42 lib.
1686 1290 75 42 i.
1724 1290 112 42 arti.
1799 1290 87 42 ii.
1849 1290 75 42 q.
1886 1290 75 42 ii
1911 1290 100 42 concor

1235 1323 100 53 Tho.
1298 1323 100 53 Quod
1361 1323 125 53 virtus
1448 1323 113 53 iuxta
1523 1323 200 53 philosophum.
1686 1323 100 53 vii.
1749 1323 100 53 phlh
1811 1323 138 53 ycorum.
1911 1323 88 53 est
1949 1323 75 53 vlti

1244 1376 89 53 mum
1295 1376 76 53 in
1333 1376 102 53 quod
1397 1376 89 53 res
1448 1376 140 53 potest.
1550 1376 102 53 Unde
1614 1376 191 53 aduertendum
1766 1376 102 53 quod
1830 1376 140 53 aliquid
1919 1376 102 53 potest

1228 1406 256 68 peartingere
1432 1406 102 68 ad
1484 1406 187 68 vltimum
1620 1406 205 68 virtutis
1773 1406 119 68 sue
1842 1406 85 68 ¶
1876 1406 153 68 Primo
1961 1406 68 68 re

1234 1455 144 48 spectu
1335 1455 115 48 esse
1407 1455 173 48 suiipius
1537 1455 130 48 iuxta
1623 1455 130 48 illud
1710 1455 87 48 i.
1753 1455 130 48 celi.
1840 1455 159 48 Aliquid
1941 1455 72 48 ha-

1239 1497 90 43 bet
1291 1497 155 43 virtutem
1407 1497 77 43 vt
1445 1497 129 43 semper
1535 1497 103 43 sit.
1600 1497 77 43 et
1638 1497 155 43 secundum
1754 1497 90 43 hoc
1806 1497 129 43 diuine
1883 1497 129 43 essentie

1227 1539 165 44 maximum
1347 1539 120 44 quod
1422 1539 150 44 potest
1527 1539 90 44 in
1572 1539 180 44 respectu
1706 1539 90 44 ad
1751 1539 105 44 sui
1811 1539 120 44 esse
1871 1539 150 44 duratio-

1243 1579 96 50 nem:
1303 1579 84 50 est
1351 1579 84 50 hoc
1398 1579 96 50 quod
1458 1579 96 50 tota
1518 1579 131 50 similis
1614 1579 96 50 sine
1673 1579 120 50 initio
1757 1579 72 50 et
1793 1579 96 50 fine
1853 1579 143 50 existit.
1948 1579 72 50 Unde

1238 1616 155 60 secundum
1355 1616 91 60 hoc
1406 1616 168 60 quantitas
1536 1616 155 60 virtutis
1652 1616 78 60 in
1691 1616 91 60 deo
1743 1616 91 60 est
1795 1616 181 60 eternitas.
1937 1616 65 60 ¶
1950 1616 65 60 Se-

1229 1661 123 55 cundo
1311 1661 150 55 vltimum
1420 1661 163 55 virtutis
1543 1661 177 55 partingit
1679 1661 150 55 aliquid
1788 1661 163 55 respectu
1896 1661 123 55 operati

1242 1708 92 51 nis
1295 1708 198 51 exterioris.
1453 1708 79 51 Et
1493 1708 92 51 sic
1546 1708 172 51 quantitas
1678 1708 158 51 virtutis
1796 1708 79 51 in
1836 1708 92 51 deo
1889 1708 92 51 est
1929 1708 92 51 omni-

1227 1742 194 51 potentia
1372 1742 81 51 ¶
1404 1742 161 51 Tertio
1517 1742 194 51 respectu
1663 1742 258 51 completionis
1873 1742 113 51 sue
1921 1742 97 51 natu

1238 1789 99 44 ture.
1304 1789 88 44 Unde
1359 1789 132 44 secundum
1459 1789 165 44 philosophum
1591 1789 110 44 virtus
1668 1789 121 44 circuli
1756 1789 121 44 dicitur
1845 1789 110 44 quando
1911 1789 110 44 attingit

1235 1831 155 51 complete
1351 1831 219 51 diffinitionem
1532 1831 103 51 suam
1596 1831 194 51 circularem.
1751 1831 77 51 Et
1790 1831 90 51 sic
1841 1831 77 51 si
1867 1831 155 51 comporetur

1242 1874 100 53 deus
1304 1874 75 53 ad
1341 1874 200 53 perfectionem
1504 1874 100 53 suam
1566 1874 200 53 intrinsecam:
1728 1874 137 53 maximum
1828 1874 75 53 in
1865 1874 100 53 quod
1915 1874 100 53 potest

1233 1908 91 61 est
1285 1908 208 61 perfectionis
1454 1908 182 61 infinitas.
1597 1908 104 61 Unde
1661 1908 169 61 quantitas
1791 1908 143 61 immensa
1882 1908 130 61 virtutis

1235 1952 78 50 in
1274 1952 91 50 deo
1326 1952 91 50 sub
1378 1952 143 50 ratione
1483 1952 91 50 qua
1535 1952 91 50 est
1587 1952 169 50 essentia:
1717 1952 91 50 est
1769 1952 169 50 infinitas
1887 1952 130 50 essentie

1248 1995 88 62 Nam
1299 1995 88 62 sic
1349 1995 100 62 Aug.
1411 1995 88 62 vi.
1461 1995 75 62 de
1499 1995 113 62 trin.
1574 1995 113 62 dicit
1649 1995 75 62 c.
1687 1995 113 62 viii.
1762 1995 100 62 quod
1824 1995 75 62 in
1862 1995 88 62 his
1912 1995 88 62 qua
1949 1995 63 62 non

1229 2032 104 66 mole
1294 2032 117 66 magna
1372 2032 117 66 sunt:
1449 2032 91 66 hoc
1501 2032 91 66 est
1553 2032 117 66 maius
1631 2032 104 66 esse
1696 2032 104 66 quod
1761 2032 65 66 e
1787 2032 130 66 melius
1877 2032 117 66 esse.
1942 2032 78 66 Unde

1237 2077 89 63 in
1282 2077 103 63 deo
1341 2077 192 63 magnitudo
1488 2077 103 63 est
1547 2077 118 63 eius
1621 2077 177 63 bonitas:
1754 2077 118 63 quia
1827 2077 177 63 qualibet
1945 2077 74 63 res

1232 2127 124 47 tantum
1318 2127 111 47 habet
1393 2127 74 47 de
1430 2127 149 47 bonitate
1541 2127 136 47 quantum
1640 2127 111 47 habet
1715 2127 74 47 de
1752 2127 198 47 perfectione.
1913 2127 87 47 Hic
1950 2127 62 47 ali

1241 2165 90 58 quem
1297 2165 90 58 quai
1353 2165 78 58 est
1398 2165 146 58 perfectus
1510 2165 67 58 in
1543 2165 123 58 virtute
1633 2165 123 58 sciaque
1723 2165 67 58 et
1756 2165 135 58 bonitate
1857 2165 123 58 dicimus
1936 2165 67 58 quod

1233 2206 87 49 est
1282 2206 100 49 homo
1345 2206 125 49 magnus
1432 2206 62 49 ¶
1457 2206 125 49 Itaque
1544 2206 100 49 deus
1606 2206 137 49 dicitur
1706 2206 112 49 summe
1781 2206 112 49 bonus
1855 2206 100 49 quia
1905 2206 100 49 omnimo

1232 2247 61 61 de
1262 2247 162 61 perfectionis
1394 2247 71 61 qua
1434 2247 91 61 omnia
1495 2247 111 61 implet.
1575 2247 111 61 dicitur
1656 2247 91 61 etiam
1717 2247 121 61 infinite
1808 2247 121 61 virtutis
1899 2247 81 61 quia
1939 2247 71 61 omnia

1243 2289 108 49 otet.
1315 2289 72 49 Et
1351 2289 133 49 dicitur
1448 2289 133 49 immense
1544 2289 169 49 magnitudis
1677 2289 96 49 quia
1737 2289 72 49 si
1773 2289 108 49 etiam
1845 2289 157 49 infinitum
1954 2289 60 49 spa

1229 2338 105 58 cium
1294 2338 118 58 esset
1373 2338 144 58 similis
1478 2338 197 58 attingeret:
1635 2338 105 58 tota
1701 2338 157 58 virtutis
1818 2338 131 58 diuine
1897 2338 118 58 magnitu

1236 2373 116 61 do.
1302 2373 116 61 Hec
1368 2373 99 61 ex
1417 2373 149 61 Rich.
1516 2373 99 61 et
1549 2373 99 61 Tho.

1365 2432 640 87 bcammutabiutas
1863 2432 142 87 di

1391 2501 125 63 uina.
1474 2501 69 63 ¶
1502 2501 125 63 Circa
1585 2501 97 63 hoc
1641 2501 166 63 quaritur
1765 2501 139 63 primo.
1863 2501 125 63 Utrum
1932 2501 83 63 deus

1382 2549 90 60 sit
1434 2549 206 60 immuutabilis
1601 2549 77 60 in
1640 2549 77 60 se
1678 2549 167 60 omnimode:
1807 2549 193 60 Respondetur
1949 2549 51 60 pe

1225 2567 216 84 conclusionem
1401 2567 108 84 quod
1469 2567 108 84 sic.
1536 2567 81 84 Ad
1577 2567 108 84 quod
1644 2567 122 84 clara
1725 2567 95 84 est
1779 2567 176 84 scripture
1901 2567 108 84 autori

1230 2645 107 45 tas.
1297 2645 107 45 quod
1364 2645 107 45 sic.
1431 2645 94 45 Nam
1485 2645 188 45 scribitur.
1632 2645 94 45 Ego
1686 2645 107 45 deus
1753 2645 81 45 et
1793 2645 94 45 non
1847 2645 134 45 mutor.
1927 2645 81 45 Item

1230 2680 156 64 Boecius
1343 2680 85 64 de
1386 2680 156 64 consol.
1499 2680 85 64 de
1542 2680 99 64 deo
1598 2680 142 64 dicit.
1697 2680 170 64 Stabilis
1825 2680 85 64 in
1867 2680 85 64 se
1896 2680 113 64 manens
