2226 3308
243 296 135 73 extra
333 296 90 73 se
378 296 90 73 de
423 296 224 73 necessitate
602 296 150 73 nature
707 296 105 73 sed
767 296 224 73 voluntarie.
931 296 90 73 ideo

241 365 107 54 non
302 365 138 54 valet
394 365 169 54 arguere
516 365 77 54 a
547 365 153 54 simili
654 365 92 54 in
700 365 107 54 his
762 365 107 54 que
823 365 138 54 agunt
915 365 92 54 de
945 365 77 54 ne-

245 408 189 46 cessitate
390 408 160 46 nature.
506 408 87 46 vt
549 408 87 46 de
593 408 116 46 sole
665 408 116 46 etc.
738 408 116 46 Deus
810 408 116 46 emim
883 408 116 46 vult
941 408 73 46 per

230 447 184 50 mittere
364 447 151 50 malum
465 447 101 50 in
515 447 201 50 vniuerso
666 447 101 50 vt
716 447 134 50 inde
800 447 184 50 eliciat
917 447 101 50 bona

228 486 139 78 sicut
320 486 124 78 Auc.
398 486 139 78 dicit
490 486 93 78 in
537 486 247 78 Enchiridion.
738 486 93 78 et
784 486 170 78 patebit
892 486 124 78 infra.

232 528 126 68 vbi
304 528 108 68 de
358 528 144 68 Malo
429 528 108 68 etc.

228 584 124 90 ¶
278 584 148 90 De
352 584 297 90 infinito
575 584 223 90 plura
723 584 198 90 vide
847 584 173 90 vbi
921 584 99 90 de

234 639 203 74 Potentie
386 639 118 74 dei
437 639 219 74 Infinitate.

389 716 585 126 RNinfinitum
818 716 195 126 pro

417 809 168 74 cessus.
539 809 138 74 Circa
631 809 122 74 hoc:
707 809 199 74 questione
845 809 168 74 contingit

430 862 123 55 sepre
512 862 164 55 versari.
635 862 123 55 Utrum
717 862 68 55 i
744 862 164 55 causarum
853 862 150 55 generibus

204 882 87 86 us
247 882 202 86 procedatur
406 882 87 86 in
449 882 202 86 infinitum:
608 882 87 86 Ad
652 882 101 86 hoc
709 882 173 86 summatim
825 882 188 86 respondetur

231 951 149 56 secundum
342 951 198 56 Philosophum.
503 951 74 56 ii
540 951 111 56 Meta.
614 951 161 56 dicentem.
738 951 99 56 quod
800 951 74 56 in
837 951 111 56 nullo
899 951 99 56 genere

232 987 163 61 causarum
355 987 177 61 contingit
491 987 95 61 ire
545 987 82 61 in
586 987 190 61 infinitum:
735 987 95 61 sed
790 987 95 61 est
844 987 136 61 semper
925 987 82 61 deue

226 1034 117 51 nire
300 1034 88 51 ad
343 1034 161 51 aliquod
461 1034 117 51 quod
534 1034 102 51 est
592 1034 146 51 primum
695 1034 88 51 in
739 1034 117 51 illo
812 1034 146 51 genere
900 1034 102 51 cause

226 1075 124 45 vnde
303 1075 201 45 contingit
457 1075 185 45 deuenire
596 1075 93 45 ad
643 1075 154 45 primum
751 1075 201 45 efficiens
905 1075 93 45 et
936 1075 62 45 ad

236 1115 143 62 primum
336 1115 143 62 finem.
436 1115 86 62 ad
479 1115 143 62 primam
579 1115 157 62 formam.
693 1115 86 62 et
736 1115 86 62 ad
778 1115 143 62 primam
864 1115 143 62 materiam

220 1161 103 57 Hec
279 1161 118 57 ille
353 1161 74 57 ¶
383 1161 207 57 Declaratur
545 1161 177 57 secundum
678 1161 236 57 Metaphysicos
869 1161 103 57 per
914 1161 89 57 sin-

215 1210 137 45 gula
301 1210 172 45 genera
421 1210 206 45 quattuor
575 1210 223 45 causarum.
747 1210 86 45 ¶
781 1210 154 45 Primo
884 1210 103 45 in
918 1210 86 45 cau

225 1233 102 57 sis
284 1233 248 57 efficientibus
488 1233 102 57 vbi
546 1233 102 57 est
605 1233 146 57 status
707 1233 88 57 in
750 1233 146 57 sursum
853 1233 88 57 et
882 1233 131 57 deorsum

234 1281 114 51 Nam
299 1281 98 51 in
348 1281 179 51 deorsum
478 1281 146 51 patet
576 1281 212 51 manifeste
738 1281 130 51 quod
820 1281 130 51 sunt
885 1281 130 51 aliqui

225 1326 150 46 vltimi
330 1326 180 46 effectus
466 1326 105 46 qui
526 1326 105 46 non
586 1326 120 46 sunt
661 1326 135 46 cause
751 1326 180 46 aliorum.
887 1326 120 46 puta
947 1326 60 46 in

223 1362 129 62 filio
308 1362 143 62 vltimo
408 1362 100 62 non
465 1362 200 62 generante:
623 1362 100 62 vel
680 1362 86 62 in
722 1362 257 62 artificialibus
922 1362 86 62 etc.

221 1407 106 58 ergo
287 1407 93 58 ibi
340 1407 93 58 est
393 1407 133 58 status
486 1407 199 58 procedendi.
646 1407 106 58 Item
712 1407 80 58 in
752 1407 133 58 sursum
845 1407 119 58 etiam
911 1407 93 58 patet

223 1461 129 48 quia
303 1461 145 48 omnes
400 1461 145 48 cause
496 1461 129 48 siue
577 1461 113 48 per
641 1461 177 48 naturam
770 1461 129 48 siue
850 1461 113 48 per
898 1461 113 48 artem

220 1496 108 52 que
281 1496 139 52 etiam
374 1496 201 52 producunt
529 1496 186 52 effectus
668 1496 186 52 diuersos
807 1496 93 52 et
838 1496 170 52 contrari-

224 1535 95 58 os
272 1535 222 58 reducuntur
446 1535 95 58 ad
494 1535 159 58 primam
605 1535 159 58 causam
716 1535 111 58 que
763 1535 238 58 vniuersaliter

212 1584 199 51 continet
361 1584 149 51 omnes
461 1584 199 51 virtutes
610 1584 116 51 que
676 1584 298 51 particulariter
908 1584 99 51 repe

225 1619 173 48 riuntur
351 1619 94 48 in
398 1619 157 48 causis
508 1619 267 48 posterioribus
728 1619 110 48 que
790 1619 204 48 cessabunt
932 1619 78 48 non

220 1663 163 58 mouente
339 1663 134 58 prima
428 1663 148 58 causa.
532 1663 89 58 Et
576 1663 104 58 sic
636 1663 104 58 ibi
695 1663 104 58 est
755 1663 148 58 status
858 1663 119 58 ergo
918 1663 74 58 etc

227 1703 85 50 ¶
261 1703 169 50 Secudo
379 1703 102 50 in
430 1703 169 50 causis
549 1703 271 50 materialibus
769 1703 119 50 vbi
837 1703 152 50 notum
921 1703 85 50 est

220 1750 124 42 quod
297 1750 170 42 aliquid
420 1750 108 42 est
482 1750 201 42 subiectum
636 1750 154 42 primum
745 1750 124 42 quod
822 1750 93 42 se
868 1750 139 42 habet
945 1750 62 42 vt

212 1786 142 57 basis
307 1786 95 57 et
354 1786 237 57 fundamentum
544 1786 174 57 aliorum
670 1786 158 57 vtpote
780 1786 174 57 materia
891 1786 110 57 prius

221 1827 101 54 ma.
278 1827 87 54 Et
322 1827 101 54 sic
380 1827 101 54 ibi
438 1827 101 54 est
495 1827 159 54 status:
611 1827 116 54 quia
684 1827 101 54 est
742 1827 174 54 deuenire
872 1827 87 54 in
901 1827 101 54 illam

224 1870 170 48 primam
343 1870 203 48 materiam
495 1870 119 48 que
563 1870 119 48 est
631 1870 136 48 pura
716 1870 220 48 potentia.
885 1870 102 48 ex
919 1870 85 48 qua

227 1910 125 59 nunt
306 1910 203 59 elementa.
462 1910 94 59 Ex
509 1910 203 59 elementis
666 1910 141 59 autem
760 1910 141 59 fiunt
853 1910 141 59 mixta
932 1910 78 59 in-

229 1954 153 51 animata
340 1954 84 51 et
382 1954 97 51 sic
438 1954 223 51 consequenter
619 1954 111 51 Quod
689 1954 84 51 si
730 1954 111 51 fiat
800 1954 195 51 circulatio
939 1954 70 51 que

224 1995 116 50 dam
291 1995 83 50 a
324 1995 182 50 materia
457 1995 149 50 prima
556 1995 100 50 in
606 1995 182 50 reditum
739 1995 100 50 ad
788 1995 182 50 priorem
904 1995 100 50 for-

230 2039 133 40 mam:
313 2039 166 40 nihilo
429 2039 149 40 minus
529 2039 100 40 in
579 2039 149 40 prima
678 2039 182 40 materia
811 2039 116 40 est
861 2039 149 40 status.

225 2077 76 55 ¶
255 2077 152 55 Tertio
362 2077 213 55 declaratur
530 2077 91 55 in
575 2077 152 55 causis
682 2077 213 55 formalibus
850 2077 107 55 vbi
895 2077 107 55 inter

224 2123 156 48 tormas
334 2123 203 48 ordinatas
490 2123 94 48 ad
537 2123 172 48 inuicem
662 2123 109 48 vna
725 2123 234 48 praesuponit
897 2123 109 48 aliam

222 2161 135 47 sicut
312 2161 135 47 forma
402 2161 165 47 hominis
521 2161 224 47 praesuponit
701 2161 150 47 formam
806 2161 194 47 animalis:
940 2161 60 47 et

216 2205 106 46 ista
282 2205 133 46 formam
375 2205 173 46 corporis.
508 2205 93 46 hec
561 2205 120 46 autem
641 2205 133 46 formam
734 2205 199 46 substantie.
894 2205 93 46 Ibi
934 2205 66 46 est

211 2247 166 48 status
327 2247 99 48 ad
377 2247 166 48 sursum
493 2247 99 48 in
543 2247 166 48 genere
658 2247 298 48 generalissimo.
907 2247 99 48 Et
940 2247 66 48 ad

223 2291 119 42 deo:
298 2291 104 42 sum
357 2291 89 42 in
402 2291 149 42 specie
506 2291 268 42 specialissima.
729 2291 89 42 Et
774 2291 104 42 sic
833 2291 104 42 non
893 2291 104 42 est
937 2291 60 42 pa

222 2334 151 41 cessus
328 2334 91 41 in
373 2334 212 41 infinitum.
540 2334 106 41 Nam
600 2334 167 41 species
721 2334 91 41 et
767 2334 151 41 genera
873 2334 106 41 non
918 2334 91 41 sunt

219 2372 168 47 infinita:
348 2372 103 47 quia
413 2372 78 47 si
452 2372 129 47 essent
542 2372 155 47 infinita
658 2372 90 47 non
710 2372 142 47 possent
813 2372 129 47 sciri:
891 2372 116 47 quoniam

228 2414 175 55 infinitum
362 2414 81 55 vt
402 2414 175 55 infinitum
537 2414 94 55 non
591 2414 94 55 est
645 2414 148 55 scibile
752 2414 94 55 ii.
806 2414 121 55 Meta.
887 2414 94 55 Sed
927 2414 81 55 quia

218 2455 174 49 sciuntur
348 2455 87 49 et
391 2455 116 49 tunc
464 2455 217 49 vnumquodque
638 2455 130 49 scire
725 2455 203 49 arbitramur
884 2455 101 49 cum
928 2455 72 49 cau

218 2498 95 44 sas
273 2498 109 44 eius
341 2498 204 44 cognoscimus
503 2498 81 44 i.
544 2498 271 44 philosophycorum.
775 2498 81 44 et
816 2498 81 44 i.
843 2498 149 44 posterior

228 2537 107 50 ergo
294 2537 93 50 non
348 2537 93 50 est
401 2537 93 50 ibi
454 2537 173 50 processus
588 2537 80 50 in
628 2537 187 50 infinitum.
774 2537 67 50 ¶
801 2537 133 50 Quarto
894 2537 80 50 in
921 2537 80 50 cau-

216 2581 87 50 sis
265 2581 162 50 finalibus
390 2581 112 50 patet
465 2581 100 50 quia
527 2581 87 50 est
577 2581 125 50 status
664 2581 75 50 in
702 2581 125 50 vltimo
789 2581 100 50 fine
851 2581 125 50 omnium
926 2581 75 50 etc.

215 2620 65 53 ¶
241 2620 92 53 Sed
293 2620 79 53 d.
333 2620 144 53 Uidetur
437 2620 105 53 quod
503 2620 92 53 sit
555 2620 183 53 preocessus
699 2620 79 53 in
738 2620 170 53 infinitum
869 2620 79 53 in
895 2620 105 53 praedi

220 2673 111 45 ctis
289 2673 138 45 causis
386 2673 180 45 singulis.
524 2673 97 45 Tum
580 2673 111 45 quia
649 2673 124 45 cause
732 2673 207 45 efficientes
884 2673 124 45 possunt

224 2709 111 65 esse
294 2709 167 65 infinite
419 2709 97 65 per
474 2709 181 65 accidens.
614 2709 111 65 puta
683 2709 111 65 quod
753 2709 209 65 domificator
920 2709 97 65 sit
961 2709 56 65 al

1085 303 110 81 bus
1148 303 110 81 vel
1211 303 141 81 niger
1305 303 126 81 etc.
1384 303 110 81 Tum
1447 303 126 81 quia
1525 303 173 81 materia
1651 303 110 81 est
1714 303 94 81 in
1745 303 126 81 poten-

1081 377 117 55 tia
1148 377 100 55 ad
1198 377 217 55 infinitas
1365 377 167 55 formas
1483 377 284 55 suscipiendas.
1717 377 117 55 Tum
1767 377 100 55 quia

1077 412 141 55 forma
1171 412 203 55 specifica
1327 412 156 55 potest
1437 412 250 55 multiplicari
1640 412 109 55 per
1687 412 172 55 indiuidua

1082 461 195 43 successiue
1235 461 181 43 infinita:
1375 461 195 43 praesertim
1528 461 84 43 si
1570 461 153 43 ponatur
1681 461 125 43 mundi
1751 461 111 43 eterni

1083 497 94 59 tas
1136 497 160 59 secundum
1256 497 214 59 philosophum.
1430 497 94 59 Tum
1484 497 107 59 quia
1550 497 174 59 innumeris
1684 497 147 59 actibus
1777 497 94 59 huma-

1071 544 89 43 nis
1122 544 114 43 fines
1198 544 114 43 varii
1274 544 215 43 prestituuntur
1451 544 101 43 ergo
1514 544 101 43 etc.
1577 544 63 43 ¶
1602 544 190 43 Respondetur
1742 544 126 43 secundum

1080 584 149 53 eosdem
1185 584 254 53 metaphysicos.
1394 584 90 53 ii
1439 584 134 53 meta.
1528 584 120 53 Quod
1603 584 120 53 iste
1663 584 194 53 obiectiones

1074 626 204 50 procedunt
1231 626 94 50 de
1278 626 157 50 causis
1388 626 110 50 per
1450 626 188 50 accidens
1592 626 110 50 que
1654 626 172 50 possunt
1764 626 94 50 esse

1072 669 188 47 infinite:
1216 669 115 47 quia
1288 669 173 47 infinita
1418 669 101 47 vni
1476 669 188 47 accidunt.
1620 669 101 47 Sed
1677 669 188 47 praemissa
1807 669 58 47 di

1086 707 83 48 cta
1134 707 178 48 philosophi.
1276 707 142 48 scilicet
1382 707 95 48 quod
1442 707 71 48 in
1477 707 107 48 nullo
1548 707 118 48 genere
1631 707 107 48 cause
1702 707 154 48 contingit
1809 707 59 48 ire

1066 756 83 52 in
1108 756 179 52 infinitu:
1245 756 220 52 intelligenda
1424 756 110 52 sunt
1493 756 83 52 de
1534 756 138 52 causis
1630 756 96 52 per
1685 756 83 52 se
1726 756 83 52 et
1754 756 110 52 essen-

1066 795 172 50 tialiter
1194 795 229 50 subordinatis
1380 795 143 50 quarum
1480 795 100 50 vna
1537 795 186 50 praecedit
1680 795 100 50 vel
1723 795 129 50 praesup

1065 835 141 49 ponit
1159 835 157 49 aliam.
1269 835 110 49 Nam
1332 835 94 49 in
1379 835 141 49 aliis
1473 835 157 49 causis
1582 835 188 49 scilicet
1723 835 110 49 que
1770 835 94 49 sunt

1070 880 292 43 accidentaliter
1313 880 243 43 subordinate
1508 880 97 43 et
1557 880 162 43 quarum
1670 880 114 43 vna
1735 880 114 43 non
1784 880 81 43 pre

1075 915 186 56 suponit
1210 915 169 56 aliam.
1328 915 135 56 puta
1413 915 152 56 forma
1514 915 135 56 equi
1599 915 101 56 et
1649 915 152 56 forma
1734 915 118 56 asini

1076 949 206 65 Similiter
1251 949 174 65 materia
1377 949 127 65 equi
1457 949 95 65 et
1504 949 174 65 materia
1631 949 143 65 asini
1726 949 127 65 etc.
1790 949 63 65 Eo

1070 1002 119 51 dem
1138 1002 135 51 modo
1222 1002 152 51 forma
1324 1002 119 51 vel
1392 1002 186 51 materia
1527 1002 169 51 sortis
1646 1002 102 51 et
1680 1002 169 51 platonis

1071 1042 81 60 ac
1111 1042 148 60 aliorum
1219 1042 215 60 indiuiduorum
1393 1042 81 60 In
1434 1042 148 60 talibus
1542 1042 94 60 nil
1595 1042 161 60 prohibet
1716 1042 121 60 fieri
1784 1042 67 60 pro

1073 1088 131 47 cessum
1165 1088 79 47 in
1204 1088 170 47 infinitum
1335 1088 131 47 saltem
1427 1088 79 47 in
1466 1088 157 47 potentia
1584 1088 79 47 et
1623 1088 157 47 secundum
1728 1088 131 47 successi

1071 1130 131 51 onem:
1159 1130 116 51 quia
1231 1130 160 51 species
1347 1130 247 51 specialissima
1550 1130 145 51 potest
1652 1130 145 51 quidem
1739 1130 116 51 diuidi

1065 1168 105 59 per
1125 1168 196 59 indiuidua
1276 1168 181 59 infinita
1411 1168 226 59 successiue:
1592 1168 105 59 sed
1652 1168 136 59 talis
1727 1168 136 59 diuisio

1066 1218 101 39 non
1123 1218 101 39 est
1181 1218 101 39 per
1238 1218 231 39 differentias
1426 1218 216 39 essentiales
1599 1218 130 39 sicut
1685 1218 101 39 est
1728 1218 130 39 diuisio

1080 1256 151 57 generis.
1194 1256 88 57 sed
1244 1256 88 57 est
1295 1256 88 57 per
1345 1256 202 57 differentias
1509 1256 214 57 accidentales.
1686 1256 151 57 scilicet
1786 1256 76 57 indi

1062 1300 217 42 uiduales
1225 1300 308 42 proprietates.
1478 1300 235 42 Propterea
1641 1300 217 42 Porphirius

1074 1337 89 60 de
1119 1337 252 60 vniuersalibus
1326 1337 133 60 dicit
1415 1337 118 60 quod
1489 1337 222 60 descendente
1667 1337 74 60 a
1681 1337 178 60 generalis-

1061 1378 147 55 simis
1159 1378 98 55 ad
1208 1378 278 55 specialissima
1436 1378 147 55 iubet
1534 1378 147 55 plato
1632 1378 229 55 quiescere.
1796 1378 65 55 Er

1065 1424 90 54 go
1110 1424 90 54 in
1155 1424 149 54 specie
1259 1424 254 54 specialissima
1468 1424 104 54 est
1528 1424 149 54 status
1632 1424 90 54 vt
1677 1424 149 54 patuit
1766 1424 90 54 etc.

1265 1484 396 123 Ngenitu
1553 1484 216 123 et
1625 1484 216 123 ina-

1269 1590 183 62 scibilitas
1413 1590 157 62 qualiter
1530 1590 170 62 dicuntur.
1661 1590 105 62 Nota
1713 1590 131 62 secundum

1259 1637 145 49 Guill.
1360 1637 131 49 super
1447 1637 131 49 primo
1534 1637 131 49 dist.
1621 1637 160 49 xxviii.
1723 1637 131 49 concor.

1066 1645 192 83 Scotorelis
1217 1645 151 83 ibidem.
1327 1645 82 83 q.
1368 1645 82 83 i.
1409 1645 110 83 Quod
1477 1645 178 83 ingenitum
1614 1645 82 83 et
1655 1645 192 83 inascibile
1792 1645 55 83 di

1061 1723 139 45 cuntur
1159 1723 251 45 multipliciter.
1368 1723 126 45 Ratio
1452 1723 98 45 est
1507 1723 112 45 quia
1577 1723 251 45 quotienscumque
1772 1723 84 45 ali-

1061 1761 112 58 qua
1125 1761 160 58 dictio
1237 1761 112 58 est
1302 1761 209 58 composita
1462 1761 96 58 ex
1510 1761 160 58 aliquo
1622 1761 176 58 termino
1735 1761 112 58 multi

1066 1808 145 49 plici:
1167 1808 87 49 et
1210 1808 87 49 ex
1254 1808 145 49 aliqua
1355 1808 188 49 negatione
1500 1808 101 49 vel
1558 1808 188 49 particula
1689 1808 159 49 priuatiua

1071 1842 107 59 talis
1143 1842 119 59 dictio
1226 1842 83 59 est
1274 1842 202 59 multipliciter
1440 1842 155 59 multiplex
1559 1842 71 59 et
1595 1842 83 59 per
1643 1842 167 59 consequens
1762 1842 95 59 distin

1065 1884 157 62 guenda
1175 1884 110 62 tam
1238 1884 172 62 ratione
1363 1884 297 62 multiplicitatis
1613 1884 141 62 ipius
1707 1884 125 62 aff.
1770 1884 78 62 rma

1061 1928 114 58 tiue
1132 1928 185 58 dictionis
1274 1928 114 58 quam
1345 1928 156 58 ratione
1459 1928 199 58 negationis
1615 1928 100 58 vel
1658 1928 199 58 priuationis.

1067 1964 121 59 Sicut
1147 1964 121 59 facit
1228 1964 215 59 philosophus.
1403 1964 81 59 v.
1443 1964 121 59 Meta.
1524 1964 81 59 et
1564 1964 94 59 ix.
1618 1964 94 59 vbi
1672 1964 108 59 hanc
1726 1964 121 59 dictio-

1058 2014 108 51 nem
1119 2014 216 51 impotentia
1289 2014 216 51 distinguit
1460 2014 139 51 penes
1552 2014 294 51 multiplicitatem
1784 2014 62 51 po

1070 2059 159 40 tentie
1181 2059 95 40 et
1229 2059 143 40 penes
1324 2059 302 40 multiplicitatem
1579 2059 143 40 huius
1658 2059 191 40 negationis

1075 2088 99 61 In.
1131 2088 99 61 Sed
1188 2088 113 61 quia
1259 2088 170 61 ingenitu
1386 2088 85 61 et
1429 2088 212 61 innascibile
1598 2088 113 61 sunt
1669 2088 184 61 huiusmodi
1796 2088 57 61 di

1068 2139 143 57 ctiones
1172 2139 169 57 composite
1302 2139 156 57 scilicet
1419 2139 78 57 ex
1458 2139 182 57 priuatione
1601 2139 91 57 in.
1653 2139 78 57 et
1692 2139 156 57 genitum.
1796 2139 52 57 ad

1066 2172 146 70 nascibile
1178 2172 90 70 quae
1234 2172 191 70 miltipliciter
1392 2172 146 70 dicuntur.
1504 2172 90 70 ergo
1561 2172 67 70 ex
1594 2172 101 70 parte
1662 2172 135 70 ammborum
1752 2172 101 70 possunt

1069 2215 210 65 distingui
1230 2215 113 65 etc
1295 2215 81 65 ¶
1327 2215 129 65 Unde
1408 2215 113 65 quo
1472 2215 97 65 ad
1520 2215 226 65 propositum
1682 2215 177 65 ingenitum

1076 2255 146 63 dicitur
1182 2255 213 63 tripliciter.
1355 2255 80 63 Et
1395 2255 173 63 similiter
1528 2255 93 63 est
1581 2255 80 63 de
1608 2255 239 63 innascibilitate.

1088 2296 127 61 Primo
1172 2296 113 61 modo
1243 2296 85 61 vt
1285 2296 155 61 proprie
1398 2296 155 61 negetur
1511 2296 113 61 esse
1581 2296 155 61 genitum
1694 2296 99 61 seu
1736 2296 113 61 produ-

1076 2347 107 57 ctum
1142 2347 93 57 per
1196 2347 213 57 generationem
1369 2347 80 57 et
1409 2347 107 57 isto
1476 2347 107 57 modo
1542 2347 93 57 tam
1595 2347 120 57 pater
1675 2347 107 57 quam
1729 2347 133 57 spiritus

1060 2386 155 59 sanctus
1172 2386 113 59 sunt
1243 2386 169 59 ingeniti
1369 2386 113 59 quia
1440 2386 99 59 non
1496 2386 113 59 sunt
1567 2386 169 59 producti
1693 2386 99 59 per
1735 2386 127 59 genera-

1068 2425 134 61 tionem.
1165 2425 134 61 Secundo
1263 2425 97 61 modo
1323 2425 134 61 dicitur
1421 2425 158 61 ingenitum
1543 2425 97 61 quod
1603 2425 85 61 non
1652 2425 85 61 est
1689 2425 170 61 communicatum

1060 2473 244 55 generatione.
1258 2473 137 55 sicut
1350 2473 107 55 est
1411 2473 183 55 essentia
1549 2473 153 55 diuina
1655 2473 92 55 et
1686 2473 168 55 sapientia

1071 2516 74 46 et
1108 2516 123 46 cetera
1194 2516 148 46 communia
1304 2516 86 46 que
1354 2516 209 46 communicantur
1526 2516 111 46 filio
1600 2516 86 46 per
1649 2516 209 46 generationem.
1809 2516 49 46 Et

1067 2548 109 57 isto
1136 2548 109 57 modo
1204 2548 123 57 etiam
1285 2548 95 57 tam
1340 2548 123 57 pater
1422 2548 109 57 quam
1490 2548 164 57 spiritus
1612 2548 150 57 sanctus
1708 2548 136 57 dicuntur

1059 2593 153 64 ingeniti
1174 2593 102 64 quia
1237 2593 89 64 non
1288 2593 89 64 sic
1339 2593 229 64 communicantur.
1530 2593 127 64 Tertio
1619 2593 102 64 modo
1683 2593 140 64 dicitur
1772 2593 89 64 inge-

1054 2634 137 60 nitum
1145 2634 122 60 quod
1221 2634 167 60 penitus
1342 2634 137 60 negat
1434 2634 137 60 omnem
1525 2634 182 60 passiuam
1646 2634 213 60 productionem

1052 2677 133 61 siue
1135 2677 100 61 vt
1185 2677 116 61 quo
1252 2677 133 61 siue
1335 2677 100 61 vt
1385 2677 133 61 quod
1468 2677 100 61 et
1518 2677 133 61 isto
1601 2677 133 61 modo
1684 2677 150 61 solus
1767 2677 83 61 pa-

1056 2723 104 61 ter
1116 2723 89 61 in
1160 2723 163 61 diuinis
1279 2723 163 61 dicitur
1398 2723 208 61 ingenitus.
1561 2723 119 61 quia
1635 2723 104 61 nec
1695 2723 89 61 vt
1739 2723 104 61 quo
1784 2723 74 61 hoc
