2231 3311
189 294 166 81 aliquid
310 294 91 81 in
355 294 106 81 sua
415 294 136 81 solam
506 294 166 81 ratione
627 294 166 81 formali
748 294 181 81 funditus
868 294 106 81 cogi-

193 356 152 51 tatur.
299 356 137 51 Sicut
390 356 167 51 Auicem.
512 356 91 51 v.
557 356 137 51 meta.
648 356 152 51 dicit.
754 356 197 51 Equinitas
891 356 76 51 est

193 399 125 55 tatum
277 399 181 55 equinitas
416 399 111 55 etc.
486 399 111 55 Unde
555 399 111 55 isti
625 399 97 55 qui
680 399 167 55 rationes
792 399 167 55 quiditati-

199 441 104 50 uas
259 441 119 50 pure
333 441 134 50 nudas
422 441 104 50 sic
481 441 163 50 possunt
600 441 223 50 contemplari
778 441 178 50 secundum
897 441 59 50 Au

192 480 175 58 gustinum.
326 480 94 58 ix.
380 480 81 58 de
421 480 189 58 trinitate.
569 480 81 58 c.
609 480 108 58 vii.
677 480 216 58 assimilantur
839 480 121 58 homini-

191 524 112 59 bus
255 524 96 59 in
303 524 191 59 montibus
446 524 191 59 eleuatis
590 524 144 59 purum
686 524 144 59 aerem
766 524 191 59 inspicien-

195 566 150 61 tibus.
300 566 105 61 Qui
360 566 120 61 vero
434 566 105 61 non
494 566 165 61 possunt
614 566 165 61 propter
734 566 194 61 ruditatem
868 566 90 61 inge

189 602 88 71 nii
240 602 200 71 assimilantur
402 602 163 71 stantibus
527 602 75 71 in
565 602 113 71 valle
640 602 88 71 cum
690 602 100 71 aere
753 602 175 71 calignioso
878 602 75 71 etc.

199 649 131 76 ¶
251 649 235 76 Circa
408 649 183 76 hec
513 649 157 76 vt
591 649 366 76 applicemus
852 649 105 76 ad

192 712 190 54 ppositum
335 712 95 54 in
383 712 222 54 theologica
557 712 190 54 materia.
700 712 175 54 Questio
827 712 111 54 est
875 712 79 54 vel

196 754 176 54 occurrit.
332 754 149 54 Quomodo
440 754 149 54 dicitur
548 754 176 54 abstracta
683 754 162 54 vltimate
805 754 108 54 ipsa
859 754 95 54 diui-

199 795 69 51 na
233 795 149 51 essentia.
347 795 171 51 Respondetur
484 795 137 51 secundum
587 795 137 51 Scotist.
690 795 69 51 ex
724 795 160 51 praedictis
850 795 91 51 quod
896 795 57 51 di-

187 833 102 59 uina
251 833 152 59 essentia
365 833 140 59 dicitur
467 833 152 59 vltimate
581 833 165 59 abstracta
708 833 127 59 quando
784 833 178 59 consideratur

193 873 86 68 in
236 873 129 68 tanta
322 873 172 68 puritate
451 873 115 68 quod
523 873 86 68 ad
566 873 101 68 nil
624 873 187 68 posterius
767 873 172 68 respicit
882 873 72 68 nec

187 922 163 59 gratiare
310 922 95 59 nec
364 922 163 59 generari
487 922 95 59 nec
541 922 191 59 procedere.
691 922 95 59 sed
746 922 109 59 mere
800 922 150 59 cogitatur

181 967 125 70 prout
265 967 97 70 est
320 967 139 70 deitas
418 967 84 70 in
460 967 97 70 se.
515 967 111 70 Tunc
585 967 111 70 enim
655 967 125 70 nihil
738 967 209 70 praedicatur
891 967 56 70 de

192 1005 89 64 eo
237 1005 89 64 vt
281 1005 104 64 sic
341 1005 119 64 nisi
415 1005 208 64 diuinitas.
578 1005 119 64 Unde
653 1005 89 64 e.
697 1005 134 64 dist.
786 1005 89 64 v.
816 1005 104 64 primi

186 1040 133 75 ¶
240 1040 186 75 Pro
346 1040 266 75 regula
532 1040 239 75 ponit
691 1040 266 75 Scotus
851 1040 106 75 di

188 1110 114 57 cens
259 1110 114 57 quod
330 1110 200 57 quancumque
487 1110 100 57 est
544 1110 157 57 aliquid
659 1110 200 57 abstractum
801 1110 143 57 vltimata

173 1152 264 57 abstractione:
391 1152 140 57 Nihil
484 1152 93 57 de
531 1152 93 57 eo
578 1152 171 57 penitus
702 1152 218 57 predicatur
858 1152 93 57 nisi

190 1187 97 64 sit
246 1187 209 64 praedicatio
413 1187 84 64 in
455 1187 125 64 primo
538 1187 111 64 modo
608 1187 153 64 dicendi
719 1187 97 64 per
775 1187 97 64 se:
831 1187 97 64 Aut
872 1187 70 64 per

192 1232 214 57 identitatem.
365 1232 94 57 Ita
419 1232 107 57 quod
486 1232 120 57 nulla
566 1232 94 57 sit
619 1232 187 57 distinctio
766 1232 120 57 inter
833 1232 107 57 subie-

174 1277 119 51 ctum
248 1277 89 51 et
293 1277 208 51 predicatum
456 1277 133 51 talis
545 1277 267 51 propositionis.
767 1277 104 51 Nec
812 1277 133 51 aliquid

186 1318 235 61 denominatiue
377 1318 147 61 potest
480 1318 117 61 vere
553 1318 191 61 predicari
700 1318 88 61 de
744 1318 132 61 tali.
833 1318 88 61 Et
862 1318 88 61 hanc

185 1362 172 56 regulam
311 1362 125 56 nota
389 1362 125 56 bene
467 1362 125 56 quia
545 1362 188 56 placebit
686 1362 94 56 ad
733 1362 203 56 sequentia
874 1362 78 56 in-

175 1399 197 61 telligenda
329 1399 168 61 clarius.
456 1399 70 61 ¶
484 1399 98 61 Hec
540 1399 126 61 autem
624 1399 140 61 regula
722 1399 84 61 vt
765 1399 126 61 dicit
835 1399 112 61 Guill.

173 1442 140 48 supra:
271 1442 182 48 Intelligi
410 1442 126 48 debet
494 1442 84 48 in
536 1442 140 48 primis
634 1442 98 48 non
690 1442 84 48 in
732 1442 168 48 secundis
843 1442 98 48 inten

175 1486 145 46 tionibus
283 1486 96 46 quia
344 1486 72 46 ea
380 1486 96 46 quae
440 1486 120 46 notant
524 1486 145 46 secundas
633 1486 181 46 intentiones
777 1486 96 46 bene
826 1486 108 46 praedi-

176 1529 142 44 cantur
275 1529 85 44 de
318 1529 171 44 vltimate
446 1529 199 44 abstractis
603 1529 171 44 dicendo.
731 1529 142 44 Deitas
830 1529 100 44 est
873 1529 71 44 in-

175 1564 181 53 tellecta.
314 1564 223 53 considerata.
495 1564 97 53 vel
551 1564 195 53 abstracta.
704 1564 84 53 Et
746 1564 181 53 humanitas
871 1564 70 53 est

173 1604 182 59 intellecta
316 1604 104 59 etc.
381 1604 78 59 Et
420 1604 117 59 tamen
498 1604 117 59 talis
575 1604 182 59 predicatio
718 1604 91 59 non
770 1604 91 59 est
822 1604 78 59 in
848 1604 91 59 primo

177 1652 107 52 modo
244 1652 148 52 dicendi
351 1652 94 52 per
405 1652 80 52 se
445 1652 94 52 nec
498 1652 94 52 per
552 1652 201 52 identitatem
713 1652 94 52 sed
753 1652 188 52 denominatiue

171 1695 97 64 quia
231 1695 206 64 lyintellecta:
401 1695 170 64 abstracta:
534 1695 73 64 et
571 1695 157 64 huiusmodi
692 1695 121 64 notant
777 1695 73 64 in
801 1695 133 64 proposito

176 1735 190 56 secundas
319 1735 253 56 intentiones.
524 1735 111 56 non
572 1735 142 56 primas.

237 1767 151 74 Sed
323 1767 323 74 difficultas
582 1767 151 74 est
668 1767 172 74 quia
776 1767 129 74 de
819 1767 129 74 ipsa

176 1806 139 89 diuina
273 1806 166 89 essentia
398 1806 97 89 sic
453 1806 180 89 abstracta
592 1806 111 89 vere
661 1806 194 89 predicatur
813 1806 111 89 quod
869 1806 69 89 est

171 1884 86 49 res
220 1884 123 49 summa.
306 1884 111 49 bona.
379 1884 160 49 infinita.
502 1884 135 49 eterna.
600 1884 74 49 et
637 1884 160 49 huiusmodi
760 1884 111 49 extra
834 1884 74 49 de
858 1884 74 49 sum-

178 1926 140 48 trini.
276 1926 84 48 et
318 1926 98 48 fi.
374 1926 140 48 catho.
472 1926 84 48 c.
514 1926 182 48 Damnamus.
655 1926 182 48 Respondet
795 1926 126 48 Fran.
865 1926 70 48 ma-

179 1963 110 53 quod
248 1963 166 53 essentia
372 1963 138 53 diuina
469 1963 166 53 vltimate
593 1963 179 53 abstracta
731 1963 97 53 non
786 1963 179 53 abstrahit

178 2008 81 53 ab
219 2008 122 53 istis
301 2008 109 53 quae
368 2008 95 53 non
423 2008 176 53 differunt
558 2008 81 53 ab
599 2008 81 53 ea
640 2008 203 53 formaliter.
789 2008 149 53 cuiusmodi

177 2042 119 63 sunt
251 2042 148 63 inquit
355 2042 193 63 respectus
504 2042 252 63 fundamentales
711 2042 134 63 sicut
786 2042 148 63 summitas

170 2088 174 56 realitas:
303 2088 161 56 bonitas:
424 2088 161 56 veritas.
544 2088 80 56 et
584 2088 120 56 etiam
665 2088 187 56 negationes
812 2088 107 56 quae
865 2088 67 56 ne-

170 2132 116 53 gant
242 2132 202 53 diuisionem
401 2132 87 53 vt
444 2132 159 53 vnitas.
560 2132 202 53 identitas.
704 2132 231 53 idiuisibilitas

179 2177 106 54 etc.
245 2177 80 54 Ac
285 2177 120 54 etiam
365 2177 106 54 modi
431 2177 186 54 intrinseci
578 2177 120 54 sicut
657 2177 93 54 est
711 2177 186 54 infinitas:
844 2177 106 54 neces-

180 2212 117 61 sitas.
262 2212 164 61 eternitas.
391 2212 70 61 et
426 2212 164 61 huiusmodi.
555 2212 94 61 Unde
614 2212 105 61 talia
684 2212 94 61 bene
743 2212 187 61 praedicantur
883 2212 47 61 de

168 2260 185 48 essentia
306 2260 108 48 Sed
368 2260 123 48 iste
445 2260 138 48 modus
537 2260 231 48 respondendi
722 2260 138 48 salua
799 2260 138 48 reueren

179 2301 94 56 tia
232 2301 121 56 tanti
313 2301 108 56 doc.
380 2301 94 56 non
434 2301 121 56 valet
515 2301 81 56 vt
555 2301 121 56 dicit
636 2301 135 56 Guill.
730 2301 94 56 Tum
784 2301 108 56 quia
838 2301 94 56 omnia

169 2340 108 58 ista
237 2340 135 58 quadam
332 2340 135 58 nature
427 2340 122 58 signo
508 2340 95 58 ste
562 2340 190 58 posteriora
711 2340 108 58 quam
779 2340 108 58 ipsa
833 2340 95 58 diui-

179 2387 84 54 na
221 2387 84 54 si
263 2387 98 54 sit
318 2387 167 54 vltimate
444 2387 195 54 abstracta.
597 2387 112 54 ergo
667 2387 125 54 etiam
751 2387 84 54 ab
793 2387 125 54 istis
862 2387 70 54 abi

174 2427 163 61 trahit.
292 2427 103 61 Tum
352 2427 118 61 quia
425 2427 163 61 bonitas
544 2427 89 61 et
588 2427 163 61 veritas
706 2427 118 61 sunt
765 2427 163 61 passiones

179 2473 107 58 vel
240 2473 138 58 quasi
332 2473 199 58 passiones
485 2473 153 58 diuine
592 2473 199 58 essentie.
745 2473 122 58 ergo
806 2473 122 58 forma-

173 2505 132 63 liter
261 2505 191 63 differunt
408 2505 73 63 a
438 2505 103 63 suo
496 2505 176 63 subiecto
628 2505 88 63 vt
672 2505 132 63 dicit
761 2505 132 63 etiam
834 2505 88 63 Fran

179 2552 122 57 dist.
261 2552 81 57 ii
301 2552 135 57 primi.
396 2552 81 57 q.
437 2552 81 57 ii
477 2552 217 57 conclusione.
654 2552 81 57 ii
694 2552 135 57 Aliter
789 2552 108 57 ergo
843 2552 95 57 dicen

179 2592 93 54 dum
232 2592 93 54 est
285 2592 106 54 quod
351 2592 159 54 scilicet
470 2592 119 54 omnia
549 2592 106 54 ista
615 2592 198 54 predicantur
773 2592 79 54 de
800 2592 132 54 essentia

187 2638 142 51 diuina
286 2638 100 51 per
343 2638 213 51 identitatem
514 2638 85 51 et
556 2638 100 51 hoc
613 2638 171 51 sufficit
741 2638 85 51 ad
770 2638 156 51 saluandum

181 2680 139 51 regulam
282 2680 126 51 dictam
371 2680 101 51 quia
434 2680 114 51 ponit
510 2680 189 51 exceptionem
661 2680 126 51 dicens
750 2680 101 51 nisi
813 2680 88 51 sit
851 2680 88 51 prae-

179 2714 157 75 dicatio
293 2714 86 75 in
336 2714 128 75 primo
421 2714 100 75 per
478 2714 100 75 se.
535 2714 100 75 Aut
593 2714 114 75 nisi
664 2714 100 75 sit
721 2714 100 75 per
764 2714 171 75 identitate

1024 307 261 81 predicatio.
1232 307 122 81 Hec
1284 307 122 81 Guil.

1023 367 134 89 ¶
1077 367 215 89 Item
1211 367 403 89 difficultas
1534 367 215 89 alia
1642 367 188 89 Quare

1016 428 89 69 de
1061 428 177 69 essentia
1194 428 148 69 diuina
1297 428 192 69 abstracta
1445 428 103 69 non
1504 428 148 69 potest
1607 428 192 69 predicari
1740 428 74 69 ge-

1018 478 138 61 nerare
1115 478 97 61 vel
1170 478 166 61 generari
1294 478 235 61 praedicatione
1488 478 166 61 identica
1612 478 97 61 cum
1667 478 124 61 omnia
1736 478 69 61 que

1029 512 100 70 stet
1091 512 75 70 in
1128 512 87 70 deo
1178 512 100 70 sint
1240 512 100 70 idem
1303 512 162 70 Respondet
1428 512 100 70 idem
1490 512 112 70 Guil.
1565 512 100 70 quod
1627 512 87 70 non
1677 512 87 70 est
1714 512 100 70 simile

1021 557 82 64 de
1062 557 123 64 istis
1144 557 82 64 et
1185 557 136 64 illis.
1281 557 96 64 Nam
1335 557 164 64 generare
1458 557 82 64 et
1499 557 164 64 generari
1622 557 164 64 sfercant
1731 557 82 64 per-

1016 603 141 61 modum
1110 603 188 61 actionis
1251 603 109 61 vel
1314 603 141 61 motus
1407 603 94 61 et
1454 603 156 61 fluxus
1564 603 125 61 ideo
1642 603 141 61 solum
1720 603 94 61 deno

1027 646 141 64 minatiue
1133 646 152 64 dicuntur.
1250 646 82 64 nec
1297 646 82 64 per
1344 646 164 64 consequens
1473 646 164 64 conueniunt
1602 646 70 64 in
1625 646 188 64 praedicationis

1023 683 247 64 identitatem.
1223 683 108 64 Sed
1285 683 123 64 illa
1362 683 185 64 predicta
1501 683 231 64 significant
1686 683 108 64 per
1732 683 77 64 mo-

1021 728 99 63 dum
1077 728 155 63 habitus
1190 728 85 63 et
1232 728 155 63 quietis
1345 728 113 63 ideo
1415 728 197 63 conueniunt
1570 728 85 63 in
1599 728 211 63 predicationis

1026 768 229 66 identitatem.
1212 768 100 66 Nec
1269 768 129 66 valet
1355 768 157 66 inferre
1469 768 129 66 Omnia
1555 768 86 66 in
1598 768 100 66 deo
1656 768 115 66 sunt
1713 768 100 66 idem.

1028 806 91 61 rgo
1080 806 117 61 omnia
1158 806 78 61 de
1196 806 78 61 se
1235 806 142 61 inuicem
1339 806 207 61 praedicantur
1507 806 104 61 quia
1572 806 104 61 homo
1637 806 78 61 et
1663 806 142 61 humanitas

1010 856 111 57 sunt
1080 856 111 57 idem
1149 856 83 57 in
1191 856 97 57 re.
1247 856 83 57 et
1288 856 125 57 tamen
1372 856 97 57 hec
1427 856 97 57 est
1483 856 139 57 falsa:
1580 856 111 57 homo
1650 856 97 57 est
1692 856 125 57 humani-

1007 897 109 61 tas
1070 897 171 61 propter
1194 897 187 61 diuersum
1335 897 140 61 modum
1428 897 265 61 significandi.
1646 897 125 61 Item
1709 897 93 61 Sco-

1020 934 123 68 torlis.
1109 934 67 68 e.
1143 934 78 68 di.
1188 934 67 68 v.
1221 934 78 68 dat
1266 934 134 68 rationem
1367 934 112 68 aliam.
1445 934 89 68 quia
1501 934 134 68 essentia
1601 934 78 68 est
1646 934 67 68 ad
1680 934 67 68 se
1713 934 67 68 et
1747 934 89 68 quid

1015 986 192 59 absolutum
1163 986 104 59 sed
1222 986 178 59 generare
1355 986 104 59 vel
1415 986 178 59 generari
1548 986 104 59 est
1607 986 178 59 relatio.
1725 986 89 59 Quod

1017 1025 109 54 autem
1090 1025 85 54 est
1138 1025 73 54 ad
1175 1025 73 54 se
1211 1025 85 54 non
1260 1025 85 54 est
1309 1025 97 54 idem
1369 1025 73 54 in
1406 1025 109 54 primo
1479 1025 97 54 modo
1540 1025 85 54 per
1588 1025 73 54 se
1625 1025 85 54 cum
1661 1025 146 54 relatione.

1015 1062 112 68 ergo
1085 1062 168 68 generare
1211 1062 98 68 vel
1267 1062 168 68 generari
1393 1062 98 68 non
1449 1062 154 68 possunt
1561 1062 196 68 praedicari
1715 1062 84 68 de
1743 1062 70 68 es-

1009 1109 152 56 sentia
1115 1109 106 56 per
1176 1109 228 56 identitatem
1358 1109 106 56 Nam
1419 1109 182 56 essentia
1556 1109 106 56 nec
1617 1109 167 56 generat
1723 1109 76 56 nec

1010 1148 187 65 generatur.
1157 1148 107 65 Unde
1224 1148 134 65 claret
1317 1148 107 65 quod
1384 1148 174 65 praedicta
1518 1148 134 65 regula
1612 1148 94 65 est
1665 1148 107 65 velr
1719 1148 80 65 vera

1180 1202 387 97 Ecides
1451 1202 309 97 Quid
1606 1202 193 97 sit

1218 1286 204 54 Porphirius
1378 1286 87 54 in
1422 1286 145 54 isago.
1524 1286 189 54 diffinit.
1669 1286 87 54 d.
1698 1286 102 54 Acci-

1207 1333 109 46 dens
1275 1333 95 46 est
1330 1333 109 46 quod
1398 1333 82 46 ad
1439 1333 95 46 est
1493 1333 95 46 vel
1548 1333 123 46 abest
1630 1333 150 46 praeter
1725 1333 68 46 sub

1004 1337 101 93 lecti
1071 1337 213 93 corriipstionem.
1250 1337 67 93 Et
1284 1337 123 93 capitur
1373 1337 168 93 tripliciter
1508 1337 101 93 sicut
1575 1337 112 93 habet.
1653 1337 67 93 i.
1687 1337 67 93 in
1709 1337 90 93 capulo

1002 1402 146 65 Agere.
1105 1402 88 65 §.
1148 1402 102 65 vi.
1207 1402 88 65 Si
1250 1402 146 65 itaque
1353 1402 175 65 queratur
1484 1402 88 65 An
1528 1402 88 65 in
1572 1402 146 65 deosit
1659 1402 146 65 accisens

1012 1447 142 58 aliquod:
1119 1447 189 58 respondendum
1272 1447 83 58 est
1319 1447 177 58 distiguenus
1461 1447 71 58 de
1497 1447 130 58 accitte
1591 1447 71 58 vt
1627 1447 106 58 ibiud
1686 1447 106 58 ponitur

1061 1481 110 89 ¶
1105 1481 199 89 Utrum
1238 1481 177 89 omni
1348 1481 287 89 accidente
1569 1481 155 89 sit
1635 1481 155 89 meli-

1018 1550 60 65 or
1048 1550 60 65 et
1078 1550 110 65 dignior
1158 1550 150 65 substantia.
1278 1550 150 65 Respondetur
1398 1550 120 65 secundum
1487 1550 160 65 philosophum.
1617 1550 80 65 vii.
1667 1550 110 65 metaph.
1737 1550 60 65 quod

998 1592 97 61 sic
1053 1592 83 61 Et
1095 1592 235 61 intelligendum
1288 1592 97 61 est
1343 1592 166 61 secundum
1468 1592 207 61 expositorem
1633 1592 83 61 de
1661 1592 138 61 dignita-

1004 1629 76 59 te
1042 1629 191 59 essentiali.
1195 1629 89 59 non
1246 1629 76 59 de
1284 1629 203 59 accidentali.
1449 1629 114 59 alias
1525 1629 114 59 datur
1602 1629 178 59 instantia.
1729 1629 76 59 quia

998 1668 130 71 lapis
1084 1668 101 71 est
1142 1668 202 71 substantia
1300 1668 87 71 et
1344 1668 115 71 scia
1416 1668 101 71 est
1473 1668 173 71 accidens
1603 1668 101 71 que
1661 1668 130 71 tamen
1733 1668 72 71 la-

1000 1718 120 62 pide
1075 1718 105 62 est
1135 1718 165 62 dignior
1254 1718 105 62 sed
1314 1718 224 62 accidentali
1494 1718 195 62 dignitate
1643 1718 105 62 Sic
1688 1718 105 62 etiam

996 1762 199 57 quodlibet
1149 1762 199 57 subiectum
1302 1762 153 57 melius
1409 1762 107 57 est
1470 1762 107 57 suo
1531 1762 199 57 accidente
1684 1762 92 57 et
1715 1762 76 57 per

1001 1800 185 64 consequens
1146 1800 119 64 Anima
1225 1800 198 64 simpliciter
1384 1800 79 64 et
1423 1800 251 64 substantialiter
1635 1800 145 64 dignior
1727 1800 66 64 est

1001 1846 154 59 charitate.
1122 1846 99 59 Tamen
1188 1846 132 59 secundum
1288 1846 88 59 quid
1343 1846 132 59 scilicet
1442 1846 66 59 in
1475 1846 121 59 quantum
1563 1846 77 59 est
1608 1846 99 59 actus
1663 1846 132 59 perficiens

1015 1886 187 62 otentiam:
1158 1886 173 62 charitas
1288 1886 144 62 melior
1388 1886 101 62 est
1446 1886 115 62 quia
1518 1886 129 62 omnis
1604 1886 129 62 actus
1690 1886 101 62 est
1733 1886 58 62 me

990 1925 126 76 lior
1069 1925 189 76 potentia
1211 1925 110 76 ex.
1274 1925 110 76 xi.
1337 1925 173 76 metaph.
1463 1925 110 76 Hec
1526 1925 95 76 ex
1573 1925 126 76 Tho.
1652 1925 110 76 di.
1699 1925 95 76 xvii

1005 1962 129 55 primi
1091 1962 86 55 et
1134 1962 129 55 alibi
1205 1962 129 55 latius.

1318 1992 71 77 De
1354 1992 83 77 hac
1401 1992 71 77 et
1437 1992 71 77 de
1472 1992 131 77 actibus
1567 1992 119 77 primis
1651 1992 71 77 et
1674 1992 119 77 secundis

1267 2040 157 80 ¶Uide.
1377 2040 94 80 c.
1424 2040 141 80 Agere
1518 2040 94 80 et
1565 2040 110 80 vbi
1612 2040 125 80 Actus.

1177 2108 495 97 Ociscere
1507 2108 289 97 primo

1181 2187 208 59 videlicet
1341 2187 240 59 theologiam.
1533 2187 144 59 Circa
1629 2187 112 59 hoc
1677 2187 112 59 plura

1200 2229 225 58 queruntur.
1377 2229 80 58 ¶
1409 2229 128 58 Prio
1489 2229 96 58 de
1537 2229 225 58 addiscendi
1698 2229 80 58 mo-

984 2266 102 63 do.
1043 2266 189 63 videlicet
1188 2266 160 63 quomodo
1304 2266 116 63 quis
1377 2266 204 63 theologiam
1537 2266 145 63 debeat
1624 2266 160 63 addiscere

999 2319 82 54 vel
1046 2319 129 54 studere
1140 2319 70 54 Et
1175 2319 164 54 rsaotuitur
1303 2319 140 54 breviter
1409 2319 140 54 secundum
1514 2319 140 54 doctores
1619 2319 152 54 praeserti
1725 2319 58 54 An-

996 2353 85 63 to.
1044 2353 109 63 flor.
1117 2353 97 63 per.
1177 2353 97 63 iii.
1238 2353 109 63 summe
1310 2353 72 63 t.
1346 2353 72 63 v.
1382 2353 145 63 Aliosque
1491 2353 193 63 recolligendo
1648 2353 97 63 quod
1697 2353 72 63 exem

1003 2394 154 66 heologia
1119 2394 205 66 principalius
1285 2394 167 66 consistit
1413 2394 77 66 vt
1452 2394 103 66 homo
1516 2394 141 66 cogscat
1618 2394 77 66 et
1644 2394 128 66 diligati

1005 2440 98 64 peum
1066 2440 74 64 et
1103 2440 135 64 propter
1202 2440 98 64 hunc
1263 2440 111 64 finem
1337 2440 111 64 dicit
1411 2440 98 64 quis
1472 2440 160 64 addiscere
1595 2440 172 64 theologiam
1718 2440 62 64 Ion

992 2478 85 69 ad
1034 2478 99 69 hac
1091 2478 155 69 oportet
1203 2478 211 69 vnumquemque
1372 2478 183 69 studentem
1513 2478 85 69 in
1556 2478 183 69 theologia
1696 2478 85 69 vt
1725 2478 56 69 fa

986 2522 103 59 ciat
1050 2522 77 59 ea
1089 2522 103 59 quae
1153 2522 231 59 correquiruntur
1345 2522 77 59 ad
1384 2522 115 59 finem
1460 2522 128 59 illum.
1550 2522 128 59 Primum
1640 2522 90 59 aut
1691 2522 77 59 ad
1717 2522 51 59 id

991 2563 96 68 est
1046 2563 165 68 suiipius
1170 2563 193 68 recognitio
1322 2563 83 68 de
1363 2563 165 68 peccatis
1487 2563 179 68 penitendo
1625 2563 110 68 Unde
1680 2563 83 68 Bern

994 2605 102 62 cit
1053 2605 161 62 Initium
1170 2605 131 62 omnis
1257 2605 146 62 saluti
1359 2605 102 62 est
1418 2605 175 62 cognitio
1549 2605 190 62 suiipsius
1680 2605 88 62 sine

996 2655 105 61 qua
1056 2655 105 61 non
1116 2655 225 61 cognoscitur
1296 2655 135 61 deus.
1386 2655 180 61 Secundum
1522 2655 105 61 est
1582 2655 120 61 onoa
1657 2655 105 61 deo
1702 2655 75 61 pe-

983 2698 142 51 tendo
1078 2698 126 51 Iaco
1157 2698 95 51 i.
1204 2698 95 51 Si
1251 2698 174 51 indiget
1378 2698 205 51 sapientia
1535 2698 189 51 postulet
1677 2698 79 51 a
1693 2698 79 51 deo

984 2733 178 70 Tertium
1113 2733 113 70 est
1178 2733 210 70 humilitas
1340 2733 97 70 in
1388 2733 243 70 subiiciendo
1582 2733 97 70 se
1614 2733 162 70 magistro
