2231 3299
220 287 118 70 ature
299 287 118 70 etiam
378 287 158 70 probatur
496 287 158 70 secundum
614 287 118 70 Bona.
693 287 105 70 sic.
759 287 105 70 Quia
825 287 118 70 omnis
891 287 132 70 creatura

228 346 98 52 tum
284 346 98 52 sit
340 346 70 52 a
367 346 98 52 deo
423 346 167 52 producta
548 346 84 52 ex
590 346 153 52 nihilo:
702 346 139 52 semper
799 346 84 52 in
841 346 153 52 nihilum
938 346 84 52 ten-

210 389 141 51 deret:
309 389 113 51 nisi
379 389 226 51 manutenentia
563 389 99 51 dei
619 389 212 51 conseruaret
788 389 99 51 per
845 389 99 51 sui
887 389 141 51 praesen-

225 431 117 46 tiam.
303 431 117 46 Sicut
381 431 143 46 exempli
485 431 143 46 gratia.
589 431 78 46 Si
628 431 104 46 fiat
692 431 169 46 impressio
822 431 143 46 sigilli
926 431 78 46 in
952 431 78 46 aqua

228 474 132 48 remoto
320 474 145 48 sigillo
425 474 119 48 stati
504 474 184 48 destruitur
649 474 184 48 impressio.
794 474 105 48 Item
860 474 79 48 si
899 474 105 48 quis
952 474 66 48 pos

236 520 100 50 nat
293 520 143 50 corpus
393 520 200 50 ponderosum
551 520 86 50 in
594 520 129 50 aere:
679 520 100 50 non
737 520 215 50 sustentatur
894 520 129 50 tanquam

224 559 84 50 in
266 559 112 50 vano
336 559 154 50 positum
447 559 98 50 sed
503 559 126 50 stati
587 559 154 50 decidit
699 559 112 50 nisi
769 559 154 50 aliquid
866 559 154 50 prohibeat

236 599 87 66 Sic
285 599 74 66 in
322 599 173 66 proposito.
458 599 87 66 cum
508 599 111 66 omnia
582 599 99 66 sint
644 599 149 66 vanitas.
756 599 99 66 ergo
818 599 136 66 ncarium
917 599 87 66 est
954 599 74 66 quod

220 642 72 53 a
248 642 101 53 deo
306 642 101 53 qui
364 642 101 53 est
422 642 87 53 in
465 642 159 53 omnibus
581 642 231 53 conseruentur
754 642 87 53 etc.

249 672 73 65 ¶
279 672 88 65 Ex
323 672 147 65 dictis
425 672 132 65 patet
513 672 132 65 error
601 672 205 65 manifestus
762 672 234 65 Aristotelis.
938 672 88 65 quae

231 724 162 58 dectauo
349 724 207 58 physicorum
512 724 89 58 in
556 724 118 58 fine
630 724 148 58 posuit
733 724 133 58 deum:
821 724 133 58 solum
910 724 118 58 esse
969 724 59 58 in

219 769 169 50 medio
332 769 169 50 primi
445 769 207 50 mobilis
595 769 132 50 vbi
671 769 132 50 est
746 769 207 50 maximus
878 769 150 50 motus.

239 812 99 44 vel
295 812 85 44 ad
338 812 127 44 minus
422 812 85 44 in
465 812 113 44 illo
535 812 155 44 circulo
648 812 113 44 deum
719 812 113 44 esse
790 812 141 44 posuit
874 812 85 44 etc.

235 853 114 53 Item
306 853 86 53 ex
349 853 128 53 eodem
434 853 171 53 eliditur
563 853 100 53 eti
620 853 86 53 am
663 853 128 53 error
748 853 214 53 impiissimus
905 853 114 53 sarace

222 905 133 43 norum
311 905 192 43 dicentium
458 905 118 43 deum
532 905 118 43 esse
605 905 88 43 in
650 905 133 43 celis
738 905 88 43 in
782 905 147 43 quadam
871 905 147 43 cathedra

222 938 290 44 excellentissima
466 938 122 44 quam
542 938 122 44 octo
619 938 153 44 maximi
726 938 183 44 spiritus
848 938 183 44 sustentant

227 978 96 54 vt
275 978 192 54 declarat
419 978 207 54 Hermannus
578 978 176 54 solanus
706 978 96 54 in
754 978 192 54 chronica
881 978 144 54 sarace-

227 1031 130 44 norum
313 1031 87 44 ad
357 1031 174 44 Robertum
487 1031 159 44 abbatem
603 1031 202 44 cluniacen.
762 1031 145 44 Errant
863 1031 116 44 enim
921 1031 101 44 dicit

220 1068 104 50 deu
280 1068 194 50 corporeum
429 1068 89 50 et
473 1068 89 50 in
518 1068 134 50 celis
608 1068 209 50 tantummodo
771 1068 104 50 non
831 1068 89 50 in
861 1068 134 50 terris.

250 1105 122 58 ¶Item
332 1105 136 58 tertio
427 1105 163 58 eliditur
549 1105 122 58 error
631 1105 177 58 quorumdam
767 1105 163 58 iudeorum
876 1105 149 58 dicentium

219 1154 119 48 deum
293 1154 119 48 esse
368 1154 89 48 in
412 1154 134 48 celis
501 1154 104 48 quo
561 1154 89 48 ad
605 1154 163 48 capunt.
724 1154 89 48 et
769 1154 89 48 in
813 1154 148 48 terris
917 1154 104 48 quo
962 1154 59 48 ad

220 1199 144 48 pedes.
321 1199 87 48 ex
364 1199 115 48 illa
436 1199 202 48 scriptura.
594 1199 115 48 Celu
667 1199 115 48 mihi
739 1199 130 48 sedes
825 1199 115 48 est:
897 1199 87 48 et
926 1199 101 48 terra

225 1236 169 53 scabellum
355 1236 117 53 pedum
433 1236 143 53 meorum.
537 1236 91 53 cum
589 1236 130 53 tantum
681 1236 91 53 ibi
733 1236 91 53 per
785 1236 130 53 capunt
863 1236 156 53 designatur

216 1282 171 63 deitas:
341 1282 93 63 et
388 1282 109 63 per
450 1282 140 63 pedes
543 1282 218 63 humanitas.
714 1282 109 63 hec
776 1282 93 63 ex
808 1282 124 63 Guill.

221 1333 104 58 ¶
263 1333 125 58 An
325 1333 166 58 deus
429 1333 146 58 sit
513 1333 125 58 in
575 1333 271 58 infinitis
783 1333 208 58 locis.
908 1333 104 58 No-

226 1381 66 58 ta
259 1381 66 58 ad
292 1381 77 58 hoc
336 1381 132 58 secundum
435 1381 99 58 Fran.
501 1381 88 58 mar.
556 1381 66 58 e.
589 1381 77 58 di.
634 1381 121 58 xxxvii.
722 1381 66 58 et
755 1381 88 58 doc.
810 1381 88 58 quod
865 1381 88 58 sic.
920 1381 88 58 quia
964 1381 55 58 sic

225 1426 83 54 est
273 1426 130 54 alicubi
367 1426 95 54 quod
427 1426 130 54 similis
521 1426 71 54 st
557 1426 130 54 vbique.
652 1426 71 54 Et
687 1426 83 54 non
735 1426 71 54 in
770 1426 83 54 tot
818 1426 95 54 quin
877 1426 71 54 in
901 1426 118 54 pluribus

220 1468 86 64 in
263 1468 186 64 infinitum
405 1468 143 64 semper
505 1468 128 64 etiam
591 1468 128 64 vltra
676 1468 128 64 totum
762 1468 186 64 vniuersum
905 1468 86 64 si
933 1468 86 64 fie-

220 1505 109 64 rent
288 1505 163 64 infiniti
410 1505 136 64 mundi.
505 1505 109 64 ergo
573 1505 95 64 etc
628 1505 68 64 ¶
655 1505 95 64 Sed
709 1505 149 64 quomodo
817 1505 109 64 hec.
885 1505 136 64 Aliqui
967 1505 54 64 de

217 1565 156 41 clarant
330 1565 85 41 vt
373 1565 113 41 idem
443 1565 127 41 Fran.
528 1565 99 41 ait
585 1565 113 41 deum
656 1565 198 41 coexistere
812 1565 184 41 infinitis
939 1565 71 41 loc

228 1595 102 55 sic.
292 1595 102 55 Quia
356 1595 179 55 substantia
496 1595 191 55 spiritualis
649 1595 128 55 quanto
738 1595 89 55 est
789 1595 191 55 perfectior:
930 1595 89 55 tanto

229 1648 142 38 potest
328 1648 142 38 maiori
428 1648 114 38 loco
499 1648 214 38 coexistere:
670 1648 85 38 et
713 1648 128 38 plura
798 1648 85 38 et
841 1648 142 38 maiora
927 1648 85 38 loca

219 1691 102 43 sibi
283 1691 205 43 determinare.
450 1691 90 43 Sed
501 1691 102 43 deus
565 1691 90 43 est
616 1691 154 43 infinite
731 1691 218 43 perfectionis.
911 1691 102 43 ergo
962 1691 51 43 lo

222 1727 97 50 cis
277 1727 179 50 infinitis
415 1727 138 50 potest
512 1727 207 50 coexistere.
678 1727 97 50 Nam
733 1727 124 50 etiam
816 1727 166 50 secundum
926 1727 83 50 Bona

222 1770 181 54 Creature
358 1770 226 54 spirituales
539 1770 106 54 per
599 1770 256 54 abstractionem
810 1770 90 54 vt
840 1770 181 54 vniuersale

229 1804 84 58 et
271 1804 153 58 numerus
382 1804 153 58 possunt
494 1804 112 58 esse
564 1804 84 58 in
606 1804 167 58 pluribus
731 1804 139 58 semper
829 1804 84 58 in
857 1804 153 58 infinitum

223 1860 128 45 ppter
308 1860 227 45 communitatem
493 1860 85 45 ad
536 1860 142 45 plura:
635 1860 85 45 et
678 1860 227 45 separationem
863 1860 71 45 a
877 1860 142 45 materia.

215 1897 114 46 Sed
280 1897 98 46 vt
329 1897 131 46 idem
411 1897 147 46 Fran.
509 1897 163 46 dicit.
623 1897 147 46 talis
721 1897 147 46 modus
819 1897 180 46 dicendi
933 1897 82 46 non

221 1936 95 51 est
276 1936 190 51 tamefficax
425 1936 109 51 quia
493 1936 163 51 procedit
616 1936 82 51 ex
656 1936 95 51 hoc
711 1936 163 51 credito.
833 1936 109 51 quod
888 1936 122 51 angelus

209 1975 206 56 perfectior
371 1975 147 56 maiori
474 1975 118 56 loco
548 1975 147 56 potest
651 1975 206 56 coexistere
813 1975 118 56 quam
872 1975 147 56 imperfe-

211 2015 167 53 ctior.
328 2015 134 53 quod
412 2015 117 53 non
479 2015 184 53 videtur
612 2015 167 53 verum.
729 2015 84 53 ¶
762 2015 184 53 Ideoque
879 2015 134 53 aliter

214 2061 198 57 declarat
363 2061 198 57 arguendo
512 2061 132 57 sic.
594 2061 149 57 Omnis
693 2061 215 57 limitatio
858 2061 149 57 dicit
941 2061 66 57 im

222 2105 258 55 perfectionem
432 2105 145 55 sicut
528 2105 194 55 finitas.
673 2105 113 55 Sed
738 2105 97 55 si
786 2105 129 55 deus
867 2105 145 55 esset
948 2105 65 55 in

210 2147 133 52 locis
299 2147 178 52 finitis:
432 2147 133 52 esset
521 2147 193 52 limitatus
669 2147 193 52 localiter
817 2147 89 52 ad
847 2147 163 52 vniuersum

206 2191 177 53 saltem
330 2191 195 53 mundum.
472 2191 160 53 Sicut
579 2191 89 53 a
614 2191 195 53 simili.
756 2191 106 53 Si
809 2191 142 53 deus
880 2191 142 53 posset

221 2234 138 50 quandoque
327 2234 85 50 esse
380 2234 64 50 et
412 2234 138 50 quandoque
518 2234 85 50 non:
571 2234 85 50 tunc
624 2234 95 50 esset
688 2234 138 50 limitatus
794 2234 127 50 secundum
879 2234 127 50 durationem

205 2279 178 48 temporis.
343 2279 82 48 et
384 2279 96 48 per
439 2279 192 48 consequens
590 2279 82 48 in
631 2279 96 48 deo
686 2279 124 48 esset
768 2279 220 48 imperfectio.
933 2279 82 48 etc.

241 2318 71 50 ¶
269 2318 156 50 Secundo
382 2318 113 50 sic.
453 2318 113 50 Deus
524 2318 99 50 est
580 2318 99 50 quo
637 2318 127 50 maius
722 2318 99 50 nil
778 2318 170 50 cogitari
892 2318 127 50 potest.

211 2363 126 45 sicut
295 2363 126 45 dicit
378 2363 181 45 Anselmus.
518 2363 84 45 in
560 2363 167 45 monolis.
685 2363 84 45 Si
727 2363 98 45 aut
783 2363 126 45 esset
853 2363 153 45 determina

219 2404 102 47 tus
278 2404 88 47 in
322 2404 146 47 aliqua
424 2404 132 47 parte
512 2404 190 47 vniuersi:
658 2404 102 47 vel
717 2404 132 47 etiam
804 2404 88 47 ad
848 2404 132 47 totum
921 2404 88 47 vni-

219 2449 166 47 uersum.
340 2449 121 47 tunc
415 2449 181 47 possemus
551 2449 181 47 cogitare
687 2449 166 47 aliquid
808 2449 151 47 maius.
898 2449 106 47 vide-

220 2486 122 51 licet
302 2486 108 51 esse
370 2486 81 51 in
410 2486 136 51 maiori
505 2486 108 51 quam
573 2486 81 51 in
614 2486 176 51 vniuerso.
749 2486 108 51 puta
817 2486 81 51 si
844 2486 163 51 crearentur

224 2527 124 54 plures
310 2527 124 54 mundi.
397 2527 99 54 ergo
459 2527 124 54 ncario
545 2527 99 54 deus
607 2527 136 54 dicitur
706 2527 99 54 esse
768 2527 74 54 in
805 2527 161 54 infinitis
916 2527 99 54 locis.

236 2573 70 43 ¶
264 2573 97 43 Nec
320 2573 125 43 valet
403 2573 139 43 siquis
501 2573 167 43 inferat.
626 2573 111 43 ergo
696 2573 111 43 sunt
765 2573 167 43 infinita
891 2573 125 43 loca.
960 2573 56 43 et

220 2618 153 49 mnaiora
331 2618 181 49 vniuerso.
470 2618 111 49 quae
540 2618 167 49 videntur
665 2618 264 49 inconuenientia:
888 2618 111 49 quia
943 2618 70 49 li.

230 2657 88 49 cet
281 2657 100 49 deus
343 2657 125 49 habeat
431 2657 188 49 infinitatem
581 2657 175 49 intensiuam
718 2657 150 49 scilicet
831 2657 163 49 virtutis:
943 2657 63 49 non

225 2696 135 52 tamen
315 2696 135 52 habet
405 2696 226 52 infinitatem
586 2696 105 52 vel
646 2696 241 52 magnitudinem
827 2696 196 52 extensiuam.

1088 294 111 70 quam
1157 294 208 70 imaginantur
1323 294 180 70 huiusmodi
1462 294 180 70 rationes:
1600 294 111 70 ideo
1670 294 97 70 non
1711 294 180 70 concludunt.

1088 351 128 63 Unde
1168 351 160 63 melius
1280 351 112 63 est
1344 351 160 63 ponere
1456 351 128 63 deum
1535 351 128 63 esse
1615 351 160 63 vbique
1727 351 96 63 in
1759 351 128 63 infini

1088 399 85 48 tum
1137 399 146 48 secundum
1246 399 183 48 infinitatem
1392 399 158 48 virtutis.
1514 399 73 48 Et
1551 399 110 48 licet
1624 399 85 48 sit
1673 399 183 48 difficilius
1807 399 85 48 intel

1086 434 144 59 ligere:
1191 434 118 59 tamen
1270 434 118 59 bonum
1349 434 92 59 est
1401 434 171 59 acceptare
1532 434 79 59 vt
1572 434 105 59 sic:
1637 434 131 59 dictas
1729 434 158 59 rationes
1834 434 53 59 et

1083 478 180 66 consimiles
1225 478 129 66 quibus
1315 478 129 66 potest
1405 478 129 66 aliquo
1495 478 103 66 modo
1559 478 193 66 persuaderi.
1714 478 90 66 hec
1765 478 77 66 ex
1791 478 90 66 Fran.

1101 528 63 44 ¶
1127 528 127 44 Aliter
1215 528 76 44 ad
1253 528 114 44 idem.
1329 528 76 44 et
1367 528 114 44 forte
1443 528 127 44 melius
1532 528 101 44 dici
1595 528 127 44 potest
1684 528 152 44 secundum
1785 528 101 44 Guill.

1100 569 116 47 ocor.
1177 569 180 47 praedcons:
1319 569 206 47 distinguendo
1487 569 77 47 de
1525 569 103 47 esse
1590 569 155 47 vbiquem:
1706 569 155 47 secundum
1809 569 90 47 habi-

1089 611 95 47 tum.
1149 611 71 47 ex
1184 611 107 47 parte
1255 611 143 47 virtutis
1362 611 83 47 dei
1410 611 154 47 infinite:
1529 611 71 47 et
1564 611 143 47 secundum
1671 611 95 47 actu
1731 611 83 47 quo
1766 611 119 47 requiri-

1088 643 94 65 tur
1141 643 187 65 existentia
1288 643 120 65 rerum
1368 643 174 65 actualis.
1502 643 94 65 Sic
1556 643 107 65 enim
1622 643 160 65 secundum
1743 643 120 65 actum
1810 643 53 65 de

1086 695 100 61 non
1143 695 100 61 est
1200 695 86 61 in
1243 695 200 61 infinitis.
1400 695 129 61 sicut
1486 695 100 61 nee
1543 695 86 61 ab
1586 695 143 61 eterno
1686 695 114 61 deus
1757 695 100 61 est
1800 695 86 61 vbi-

1091 725 80 74 que
1136 725 137 74 secundum
1239 725 103 74 actum
1307 725 80 74 sed
1353 725 137 74 secundum
1455 725 137 74 habitum.
1558 725 68 74 vt
1592 725 114 74 patet.
1672 725 68 74 i.
1706 725 57 74 §
1717 725 46 74 xv

1067 762 105 92 ¶
1109 762 189 92 Utrum
1235 762 168 92 esse
1341 762 211 92 vbique
1488 762 147 92 sit
1572 762 253 92 proprium
1741 762 168 92 solius

1084 839 88 57 dei.
1139 839 175 57 Respondetur.
1281 839 132 57 secundum
1380 839 121 57 Scotis.
1468 839 66 57 et
1500 839 99 57 Bona.
1566 839 66 57 ac
1599 839 99 57 omnes
1665 839 88 57 doc.
1720 839 153 57 communitur
1829 839 55 57 per

1099 880 176 56 pclusionem
1238 880 101 56 quod
1301 880 101 56 sic.
1364 880 76 56 Et
1402 880 126 56 probat
1490 880 164 56 Magister.
1616 880 76 56 e.
1653 880 88 56 di.
1704 880 126 56 xxxvi.
1792 880 88 56 per
1830 880 50 56 Am

1085 904 102 72 bro.
1149 904 102 72 lib.
1213 904 76 72 de
1251 904 140 72 spiritu
1353 904 140 72 sancto.
1455 904 127 72 dicit.
1544 904 89 72 Cum
1595 904 115 72 omnis
1671 904 166 72 creatura:
1799 904 115 72 ertis

1081 955 96 66 sue
1136 955 137 66 nature
1232 955 233 66 circumscripta
1424 955 96 66 sit
1479 955 178 66 limitibus
1616 955 110 66 Esse
1684 955 123 66 tamen
1767 955 123 66 vbiam
1835 955 55 66 et

1092 1000 79 62 in
1131 1000 144 62 omnibus
1236 1000 118 62 rebus
1314 1000 157 62 deitatis
1432 1000 79 62 et
1471 1000 209 62 dominationis
1641 1000 92 62 est
1694 1000 157 62 proprium
1798 1000 79 62 etc.

1094 1040 138 64 Ratio:
1191 1040 111 64 quia
1260 1040 111 64 esse
1329 1040 138 64 vbique
1426 1040 166 64 conuenit
1550 1040 97 64 deo
1606 1040 97 64 per
1661 1040 166 64 rationem
1771 1040 111 64 infini

1086 1084 137 51 tatis
1177 1084 107 51 que
1238 1084 183 51 repugnat
1375 1084 198 51 creature.
1527 1084 122 51 ergo
1604 1084 107 51 etc
1665 1084 76 51 ¶
1695 1084 91 51 Si
1725 1084 168 51 obiicitur

1086 1130 98 56 Quia
1147 1130 184 56 philosophus
1294 1130 74 56 i.
1331 1130 184 56 posteriorum
1478 1130 110 56 dicit
1551 1130 98 56 quod
1613 1130 184 56 vniuersalia
1760 1130 98 56 sunt
1809 1130 74 56 sper

1084 1174 83 44 et
1126 1174 152 44 vbique.
1236 1174 97 44 Ite
1291 1174 152 44 materia
1402 1174 124 44 prima
1485 1174 97 44 est
1540 1174 83 44 in
1581 1174 110 44 omni
1650 1174 166 44 corpore:
1775 1174 83 44 et
1802 1174 83 44 nul-

1081 1214 96 58 lus
1136 1214 124 58 locus
1219 1214 96 58 est
1274 1214 110 58 sine
1342 1214 165 58 corpore.
1466 1214 110 58 ergo
1535 1214 96 58 est
1590 1214 151 58 vbique.
1699 1214 110 58 Item
1754 1214 124 58 numerus

1085 1256 102 56 est
1144 1256 87 56 in
1187 1256 160 56 omnibus
1304 1256 160 56 entibus
1420 1256 116 56 quia
1493 1256 131 56 omens
1580 1256 146 56 partes
1682 1256 175 56 vniuersi
1799 1256 87 56 sunt

1091 1305 165 47 numerate
1215 1305 69 47 a
1243 1305 110 47 deo.
1312 1305 110 47 ergo
1380 1305 110 47 etc.
1449 1305 110 47 Item
1518 1305 138 47 posito
1615 1305 110 47 casu
1683 1305 110 47 quod
1752 1305 96 47 vox
1794 1305 96 47 esset

1079 1344 105 52 ita
1139 1344 135 52 magna
1229 1344 120 52 quod
1303 1344 90 52 ab
1348 1344 165 52 omnibus
1468 1344 105 52 per
1528 1344 135 52 totum
1618 1344 150 52 mundum
1707 1344 180 52 audiretur:

1078 1385 109 56 tunc
1147 1385 123 56 esset
1229 1385 150 56 vbique.
1338 1385 109 56 Item
1406 1385 123 56 anima
1489 1385 96 56 est
1543 1385 109 56 tota
1612 1385 82 56 in
1653 1385 109 56 toto
1721 1385 150 56 corpore
1817 1385 68 56 hu-

1084 1432 100 44 mano
1146 1432 75 44 et
1183 1432 75 44 in
1220 1432 149 44 qualibet
1332 1432 100 44 eius
1395 1432 112 44 parte
1469 1432 112 44 tota.
1544 1432 100 44 Esto
1606 1432 100 44 ergo
1668 1432 100 44 quod
1731 1432 112 44 nulla
1793 1432 87 44 esset

1077 1472 108 56 alia
1144 1472 162 56 creatura
1265 1472 108 56 nisi
1333 1472 108 56 vnus
1400 1472 121 56 homor
1481 1472 108 56 tunc
1549 1472 121 56 anima
1630 1472 121 56 esset
1711 1472 148 56 vbique.
1805 1472 81 56 ergo

1082 1508 107 65 esse
1149 1508 134 65 vbique
1242 1508 174 65 conuenire
1377 1508 134 65 potest
1470 1508 121 65 etiam
1551 1508 174 65 creature.
1685 1508 67 65 ¶
1712 1508 80 65 Ad
1752 1508 94 65 hec
1792 1508 94 65 omnia

1082 1551 170 53 respondetur
1218 1551 136 53 secundum
1320 1551 102 53 Rich.
1388 1551 91 53 dis.
1445 1551 80 53 ea.
1491 1551 125 53 xxxvii.
1581 1551 102 53 arti.
1650 1551 68 53 i.
1684 1551 68 53 q.
1718 1551 91 53 iii.
1763 1551 125 53 concordat

1081 1591 108 57 Tho.
1149 1591 81 57 et
1190 1591 122 57 Bona.
1271 1591 108 57 quod
1339 1591 108 57 esse
1406 1591 135 57 vbique
1501 1591 81 57 si
1542 1591 149 57 sumatur
1650 1591 95 57 per
1704 1591 81 57 se
1745 1591 81 57 et
1772 1591 108 57 primor

1078 1639 95 51 est
1133 1639 135 51 solius
1227 1639 95 51 dei
1281 1639 176 51 proprium.
1416 1639 95 51 Nam
1470 1639 122 51 illud
1551 1639 149 51 dicitur
1659 1639 95 51 per
1713 1639 81 51 se
1754 1639 108 51 esse
1808 1639 81 51 vbi-

1084 1687 98 47 que:
1145 1687 98 47 quod
1206 1687 146 47 secundum
1316 1687 73 47 se
1352 1687 110 47 totum
1425 1687 73 47 in
1462 1687 98 47 omni
1523 1687 98 47 loco
1584 1687 98 47 est:
1645 1687 159 47 quacunque
1767 1687 98 47 data
1816 1687 61 47 mul

1076 1718 160 61 titudine
1196 1718 160 61 locorum.
1316 1718 120 61 Primo
1396 1718 120 61 autem
1476 1718 133 61 vbique
1569 1718 107 61 esse
1636 1718 160 61 dicitur.
1756 1718 107 61 quod
1809 1718 67 61 non

1084 1765 154 52 ratione
1196 1765 140 52 partis
1294 1765 98 52 vel
1350 1765 224 52 suppositorum
1532 1765 98 52 aut
1588 1765 98 52 per
1644 1765 154 52 aliquod
1742 1765 140 52 accidens

1080 1808 84 51 sed
1128 1808 143 51 secundum
1235 1808 131 51 seipsum
1331 1808 72 51 se
1367 1808 119 51 totum:
1450 1808 84 51 est
1498 1808 131 51 vbique.
1593 1808 72 51 Et
1629 1808 107 51 istis
1701 1808 119 51 modis.
1773 1808 107 51 scilice

1073 1853 98 46 per
1129 1853 84 46 se
1171 1853 84 46 et
1213 1853 140 46 primo:
1311 1853 112 46 soli
1381 1853 98 46 deo
1437 1853 168 46 conuenit
1562 1853 112 46 etc.
1632 1853 98 46 Sed
1688 1853 98 46 per
1730 1853 140 46 accidens

1078 1896 125 50 potest
1165 1896 125 50 alicui
1252 1896 150 50 creature
1364 1896 112 50 etiam
1439 1896 162 50 conuenire
1563 1896 100 50 esse
1626 1896 137 50 vbique.
1725 1896 112 50 sicut
1788 1896 87 50 patet

1078 1942 108 50 per
1139 1942 216 50 argumenta.
1309 1942 108 50 Nam
1370 1942 231 50 vniuersali.
1555 1942 92 50 et
1602 1942 123 50 enti
1679 1942 154 50 creato
1771 1942 108 50 gene-

1072 1981 128 48 raliter
1165 1981 139 48 conuenit
1270 1981 81 48 per
1316 1981 151 48 accidens.
1432 1981 116 48 ration
1513 1981 139 48 scilicet
1618 1981 174 48 singularium
1757 1981 81 48 vel
1792 1981 81 48 super

1077 2023 177 45 positorum.
1216 2023 89 45 Nam
1267 2023 89 45 nil
1318 2023 89 45 est
1368 2023 101 45 quod
1431 2023 152 45 rationem
1545 2023 114 45 entis
1621 2023 164 45 effugiat:
1748 2023 76 45 vt
1773 2023 101 45 dicitu

1078 2067 150 46 Auicen.
1188 2067 82 46 Et
1229 2067 150 46 materie
1338 2067 123 46 prime
1420 2067 164 46 conuenit
1543 2067 150 46 ratione
1652 2067 150 46 pertium
1762 2067 96 46 vel
1803 2067 68 46 per

1070 2107 129 50 partes
1160 2107 168 50 diuersas.
1289 2107 103 50 Item
1354 2107 129 50 numero
1444 2107 155 50 conuenit
1560 2107 155 50 secundum
1676 2107 129 50 partes
1754 2107 116 50 ratione

1074 2154 198 41 numeratorum:
1235 2154 99 41 quia
1296 2154 136 41 numerus
1396 2154 87 41 per
1445 2154 74 41 se
1482 2154 87 41 non
1532 2154 87 41 est
1581 2154 74 41 in
1618 2154 99 41 loco
1680 2154 87 41 sed
1730 2154 136 41 ratione
1816 2154 50 41 nu

1069 2192 196 45 meratorum.
1223 2192 112 45 Item
1292 2192 98 45 vox
1348 2192 237 45 multiplicatur
1544 2192 98 45 per
1600 2192 140 45 medium
1697 2192 140 45 aerem:
1781 2192 98 45 sicut

1072 2231 100 47 tux
1129 2231 86 47 in
1172 2231 114 47 aere
1243 2231 171 47 diffusa.
1371 2231 100 47 nec
1429 2231 114 47 tota
1500 2231 100 47 est
1557 2231 128 47 eadem
1643 2231 86 47 in
1685 2231 171 47 diuersis
1800 2231 71 47 au-

1080 2277 152 48 dientibus
1197 2277 82 48 sed
1244 2277 82 48 per
1291 2277 141 48 acciseus
1397 2277 129 48 ratione
1490 2277 129 48 partium
1584 2277 70 48 et
1619 2277 211 48 suscipientium:
1783 2277 94 48 numero

1073 2317 109 45 sunt
1142 2317 218 45 differentes.
1319 2317 150 45 Denique
1428 2317 136 45 anima:
1523 2317 150 45 etiamsi
1633 2317 150 45 ponatur
1742 2317 109 45 vnum
1796 2317 82 45 con-

1071 2361 97 53 pus:
1132 2361 85 53 per
1180 2361 146 53 accisens
1289 2361 109 53 esset
1362 2361 133 53 vbique:
1459 2361 158 53 videlicet
1580 2361 97 53 quia
1641 2361 73 53 in
1677 2361 97 53 tali
1738 2361 97 53 casu
1786 2361 73 53 noem

1072 2401 125 51 essent
1159 2401 112 51 plura
1234 2401 100 51 loca
1296 2401 137 51 eiusdem
1396 2401 112 51 anime
1471 2401 75 51 in
1508 2401 112 51 eodem
1583 2401 150 51 corpore.
1695 2401 87 51 Nam
1745 2401 75 51 si
1770 2401 100 51 essent

1078 2443 116 52 pilula
1159 2443 93 52 loca
1217 2443 116 52 essent
1298 2443 69 52 in
1333 2443 104 52 illis
1402 2443 104 52 plura
1472 2443 127 52 corpora
1564 2443 127 52 integra
1657 2443 69 52 et
1691 2443 81 52 per
1726 2443 139 52 consequens

1075 2487 78 48 non
1120 2487 101 48 esset
1187 2487 67 48 in
1220 2487 78 48 eis
1265 2487 101 48 anima
1332 2487 112 48 eadem:
1410 2487 78 48 cum
1455 2487 134 48 secundum
1555 2487 168 48 philosophum
1689 2487 168 48 impossibile
1812 2487 56 48 est

1080 2527 104 47 esse
1145 2527 130 47 eandem
1236 2527 130 47 animam
1328 2527 78 47 in
1367 2527 156 47 diuersus
1484 2527 196 47 corporibus.
1640 2527 104 47 Unde
1706 2527 78 47 in
1745 2527 104 47 tali
1797 2527 65 47 ca-

1073 2565 96 74 su
1121 2565 161 74 posito
1234 2565 145 74 esset
1330 2565 145 74 eadem
1426 2565 145 74 vnica
1523 2565 145 74 anima
1619 2565 96 74 in
1667 2565 193 74 pluribus
1796 2565 80 74 men

1079 2612 116 60 pris
1152 2612 160 60 tanquam
1268 2612 87 60 in
1312 2612 102 60 vno
1355 2612 102 60 loco-

1051 2647 110 85 ¶
1095 2647 154 85 Sed
1183 2647 176 85 quid
1293 2647 132 85 si
1359 2647 198 85 omnia
1491 2647 396 85 conuerterentur
1820 2647 132 85 in

1071 2713 129 63 corpus
1162 2713 129 63 xprit.
1252 2713 142 63 Nunquid
1356 2713 116 63 illud
1433 2713 129 63 corpus
1524 2713 142 63 christi
1627 2713 116 63 esset
1705 2713 142 63 vbique:
1795 2713 91 63 sicut
