2278 3309
229 324 107 83 int
290 324 76 83 ¶
320 324 168 83 Meritum
442 324 91 83 de
488 324 137 83 digno
579 324 107 83 seu
640 324 137 83 digni
732 324 107 83 est
793 324 152 83 quando
884 324 122 83 iustus

224 397 104 51 orat
289 397 91 51 pro
341 397 183 51 peccatore.
485 397 104 51 Etem
550 397 157 51 peccator
668 397 78 51 de
707 397 78 51 se
746 397 157 51 indignus
863 397 104 51 est.
916 397 91 51 etiam

228 444 97 49 pane
289 444 85 49 qua
337 444 158 49 vescitur.
459 444 146 49 secundum
568 444 97 49 Aug.
629 444 134 49 Rursus:
726 444 97 49 quia
787 444 109 49 orans
860 444 85 49 pro
909 444 97 49 illo
957 444 49 49 er

225 481 128 53 iustus.
319 481 82 53 non
365 481 105 53 splum
435 481 93 53 ergo
494 481 105 53 habet
564 481 128 53 meritum
657 481 70 53 de
692 481 140 53 congruo.
797 481 105 53 sicut
867 481 70 53 du
890 481 117 53 peccator

231 522 101 55 orat
294 522 88 55 pro
345 522 126 55 seipso
433 522 88 55 sed
483 522 101 55 hect
546 522 138 55 meritum
647 522 126 55 digni:
735 522 101 55 quia
798 522 76 55 ex
836 522 113 55 parte
899 522 113 55 orantis

232 564 86 53 est
281 564 159 53 dignitus.
403 564 110 53 licet
477 564 74 53 ex
514 564 110 53 parte
587 564 86 53 eus
636 564 86 53 pro
685 564 86 53 qua
734 564 123 53 oratur
820 564 86 53 sit
857 564 147 53 indignitas

253 613 64 55 ¶
279 613 140 55 Meritum
380 613 102 55 vero
444 613 76 55 de
482 613 153 55 condigno
597 613 89 55 est
647 613 127 55 quando
736 613 127 55 iustus
825 613 89 55 pro
876 613 114 55 seipo
940 613 76 55 orat

243 656 84 47 Nam
291 656 156 47 condignum
411 656 84 47 est
460 656 144 47 exaudiri
568 656 72 47 ad
604 656 132 47 salutem
700 656 156 47 Similiter
820 656 120 47 quando
905 656 72 47 ex
929 656 84 47 tanta

232 691 182 63 charitate
372 691 154 63 meretur
485 691 112 63 quis
555 691 140 63 tantam
653 691 140 63 gloram
751 691 154 63 quantam
864 691 140 63 iustum
948 691 70 63 est

238 737 122 60 sibi
314 737 122 60 dari
390 737 76 60 a
420 737 106 60 deo
466 737 91 60 etc.

224 773 124 68 ¶
274 773 149 68 De
348 773 248 68 merito
522 773 224 68 plura
671 773 224 68 habes
820 773 174 68 vbi
895 773 124 68 Eha

237 832 124 77 ritas.
324 832 75 77 §.
361 832 100 77 vii.
423 832 75 77 et
461 832 199 77 sequentibus.
622 832 100 77 Item
684 832 87 77 li.
722 832 62 77 ii.

379 888 562 92 Isericordia
790 888 225 92 dtru

375 940 95 81 Ist
430 940 81 81 in
470 940 95 81 deo
524 940 122 81 mina.
606 940 95 81 Cum
660 940 108 81 enim
727 940 108 81 mina
795 940 95 81 sit
849 940 176 81 tristicia
971 940 54 81 de

388 1009 151 53 alieno
494 1009 136 53 malo.
584 1009 196 53 Tristicia
735 1009 136 53 autem
826 1009 106 53 non
871 1009 151 53 competit

222 1049 102 50 deo.
286 1049 89 50 quo
337 1049 102 50 ergo
400 1049 127 50 potest
489 1049 102 50 esse
552 1049 76 50 in
590 1049 89 50 deo
641 1049 114 50 mina.
717 1049 76 50 Ad
755 1049 89 50 hoc
806 1049 190 50 respondetur
946 1049 63 50 bre

238 1093 97 53 uiter
303 1093 129 53 secundum
400 1093 75 53 Tho
443 1093 65 53 i.
475 1093 86 53 per.
529 1093 65 53 q.
561 1093 86 53 xxi.
615 1093 75 53 ar.
658 1093 86 53 iii.
712 1093 75 53 per
755 1093 183 53 conclusionem.
905 1093 86 53 quod
948 1093 65 53 mina

245 1141 80 45 est
290 1141 69 45 in
325 1141 91 45 deo:
382 1141 91 45 quia
439 1141 114 45 psalm.
519 1141 103 45 dicit
587 1141 114 45 psalm.
667 1141 80 45 Ro.
713 1141 137 45 Miserere
816 1141 80 45 mei
861 1141 91 45 deus
907 1141 103 45 secundu

242 1178 139 50 magnam
339 1178 125 50 minam
423 1178 111 50 tuam
492 1178 111 50 etc.
562 1178 139 50 Iterum
659 1178 194 50 mifericors
812 1178 83 50 et
839 1178 167 50 misesrato-

244 1220 130 46 dominus
339 1220 95 46 etc.
398 1220 71 46 Et
434 1220 119 46 Grego.
517 1220 95 46 Deus
576 1220 83 46 cui
624 1220 142 46 proprium
730 1220 83 46 est
778 1220 142 46 misereri
885 1220 130 46 semper.
968 1220 47 46 et

239 1263 74 50 sic
282 1263 63 50 de
313 1263 106 50 aliis.
387 1263 74 50 Sed
429 1263 95 50 tamen
493 1263 84 50 mina
546 1263 63 50 in
577 1263 74 50 deo
619 1263 74 50 est
662 1263 127 50 secundum
757 1263 127 50 effectum
852 1263 148 50 tantummodo
957 1263 53 50 non

243 1309 141 47 secundum
349 1309 165 47 passionem.
479 1309 94 47 quia
538 1309 71 47 vt
573 1309 153 47 arguitur.
691 1309 118 47 supra.
774 1309 82 47 Mia
821 1309 82 47 est
868 1309 153 47 tristicia
974 1309 47 47 de

236 1351 118 49 alieo
315 1351 118 49 malo.
394 1351 171 49 tristicia
525 1351 118 49 autem
604 1351 92 49 non
657 1351 158 49 competit
775 1351 105 49 deo.
841 1351 92 49 Ion
880 1351 145 49 conceden-

237 1388 83 56 dum
285 1388 83 56 est
332 1388 95 56 quod
392 1388 95 56 mina
452 1388 143 56 secundum
559 1388 155 56 passionem
678 1388 107 56 prout
750 1388 83 56 est
797 1388 155 56 tristicia
917 1388 83 56 non
952 1388 60 56 est

241 1432 84 66 in
283 1432 112 66 deo:
353 1432 98 66 sed
408 1432 195 66 tantummodo
562 1432 167 66 secundum
687 1432 181 66 effectum.
827 1432 98 66 Hec
882 1432 84 66 ex
910 1432 84 66 Tho.

241 1473 100 65 ¶
281 1473 180 65 Quare
401 1473 140 65 mia
480 1473 140 65 dei
560 1473 239 65 proprium
740 1473 160 65 esse
820 1473 199 65 dicitur:

242 1526 89 57 cum
293 1526 77 57 in
332 1526 89 57 deo
383 1526 141 57 equalia
485 1526 102 57 sint
549 1526 115 57 omnia
626 1526 179 57 attributa:
766 1526 77 57 vt
805 1526 89 57 ait
856 1526 102 57 Aug.
920 1526 89 57 li.
958 1526 51 57 de

242 1581 140 49 trini.
340 1581 112 49 Ideo
410 1581 112 49 deus
479 1581 112 49 eque
549 1581 98 49 est
605 1581 154 49 sapiens
717 1581 195 49 miericors:
870 1581 84 49 et
912 1581 112 49 eque
968 1581 56 49 iu

244 1617 116 51 stus
316 1617 87 51 et
359 1617 145 51 bonus.
460 1617 130 51 Quare
547 1617 116 51 ergo
619 1617 101 51 deo
677 1617 130 51 magis
764 1617 231 51 appropriatur
937 1617 87 51 mina

240 1663 92 50 quam
298 1663 138 50 iusticia
402 1663 92 50 etc.
459 1663 104 50 sicut
529 1663 127 50 canitur
621 1663 69 50 in
655 1663 150 50 collecta.
771 1663 92 50 Deus
828 1663 81 50 cui
874 1663 138 50 proprium
966 1663 58 50 est

244 1709 145 46 misereri
353 1709 121 46 semper
438 1709 97 46 etc:
498 1709 61 46 ¶
522 1709 182 46 Respondetur
668 1709 73 46 ex
704 1709 133 46 compen.
801 1709 170 46 praesertim
922 1709 85 46 Aureo

239 1744 71 52 li.
279 1744 61 52 et
310 1744 91 52 super
371 1744 61 52 i.
401 1744 71 52 di.
442 1744 101 52 xliii.
513 1744 61 52 et
543 1744 101 52 super.
614 1744 91 52 iiii.
675 1744 71 52 di.
716 1744 61 52 xl
746 1744 71 52 vi.
787 1744 122 52 secundum
878 1744 81 52 doc.
929 1744 81 52 quod
969 1744 41 52 ad

242 1791 81 51 hoc
289 1791 93 51 sunt
347 1791 116 51 plures
428 1791 151 51 rationes.
545 1791 58 51 ¶
568 1791 81 51 Una
615 1791 81 51 est
661 1791 105 51 ratio
731 1791 198 51 complacentie:
894 1791 93 51 quia
940 1791 70 51 plus

246 1829 124 59 placet
332 1829 87 59 deo
382 1829 111 59 agere
456 1829 148 59 secundum
567 1829 111 59 minam
641 1829 99 59 quam
703 1829 148 59 secundum
814 1829 111 59 meram
876 1829 136 59 iusticiam

248 1873 112 56 quia
318 1873 126 56 minia
402 1873 168 56 conuenit
528 1873 98 56 deo
584 1873 84 56 de
626 1873 98 56 per
682 1873 84 56 se
724 1873 84 56 ex
766 1873 168 56 bonitate
892 1873 112 56 sua.
948 1873 70 56 sed

254 1910 116 60 punire
336 1910 139 60 secundum
440 1910 151 60 iusticiam
556 1910 139 60 conuenit
661 1910 81 60 deo
707 1910 70 60 de
742 1910 81 60 per
788 1910 128 60 accieus
881 1910 128 60 propter
963 1910 46 60 ho

248 1958 120 52 minum
328 1958 174 52 maliciam.
462 1958 107 52 Unde
529 1958 107 52 Esa.
596 1958 147 52 xxviii.
703 1958 174 52 Irascetur
837 1958 147 52 dominus
944 1958 80 52 vt
970 1958 54 52 fa

249 2000 101 55 ciat
313 2000 101 55 opus
376 2000 114 55 suum.
452 2000 101 55 Lyra
515 2000 76 55 id
553 2000 89 55 est
604 2000 101 55 opus
667 2000 152 55 iusticie
781 2000 165 55 puniendo.
895 2000 127 55 sequitur

251 2043 152 55 Alienum
362 2043 97 55 est
417 2043 111 55 opus
487 2043 111 55 eius
556 2043 83 55 ab
598 2043 83 55 eo
639 2043 111 55 etc.
708 2043 111 55 Exm.
778 2043 111 55 Apis
847 2043 166 55 proprium
958 2043 69 55 est

246 2086 194 53 mellifitare.
403 2086 85 53 sed
452 2086 133 53 pumgere
549 2086 85 53 est
597 2086 145 53 alienum:
706 2086 97 53 quia
767 2086 85 53 non
815 2086 133 53 proprie
912 2086 85 53 sed
948 2086 61 53 per

235 2124 152 57 accisens
350 2124 152 57 conuenit
464 2124 102 57 sibi
528 2124 89 57 dum
578 2124 191 57 molestatur.
731 2124 102 57 Item
794 2124 102 57 soli
858 2124 152 57 proprium
959 2124 64 57 est

248 2175 184 46 illuinare:
392 2175 92 46 sed
445 2175 118 46 egros
523 2175 118 46 oclos
602 2175 131 46 ledere
694 2175 92 46 est
747 2175 144 46 alienum
852 2175 118 46 sibi.
930 2175 79 46 et
957 2175 52 46 in

244 2215 132 52 accisens
343 2215 132 52 conuenit
442 2215 66 52 ei
474 2215 121 52 propter
562 2215 121 52 oclorum
650 2215 132 52 scilicet
749 2215 143 52 defectum.
858 2215 77 52 sic
902 2215 66 52 in
924 2215 88 52 propos

256 2261 64 41 to
288 2261 54 41 ¶
310 2261 86 41 Alia
364 2261 97 41 ratio
428 2261 193 41 praefulgentie:
589 2261 86 41 quia
643 2261 97 41 licet
707 2261 64 41 in
740 2261 86 41 omni
793 2261 97 41 opere
858 2261 118 41 similis
933 2261 86 41 cocur-

259 2296 95 48 rat
314 2296 163 48 iusticia
436 2296 82 48 cu
477 2296 122 48 mina:
559 2296 122 48 tamen
640 2296 190 48 praefulget
790 2296 109 48 mia.
858 2296 122 48 Iuxta
926 2296 95 48 illud

259 2338 153 51 psalmus.
374 2338 127 51 Suauis
463 2338 140 51 dominus
565 2338 178 51 vniuersis:
705 2338 76 51 et
744 2338 204 51 miserationes
909 2338 102 51 eius
960 2338 64 51 su-

257 2385 89 48 per
308 2385 114 48 omnia
384 2385 114 48 opera
460 2385 114 48 eius.
536 2385 89 48 Nam
587 2385 76 48 in
625 2385 89 48 hoc
676 2385 101 48 modo
739 2385 114 48 pluit
815 2385 114 48 super
891 2385 127 48 iustos
967 2385 51 48 et

252 2425 191 46 iniustos.
399 2425 88 46 In
443 2425 117 46 celo
516 2425 191 46 remumerat
663 2425 132 46 vltra
751 2425 205 46 condignum:
912 2425 88 46 in
942 2425 73 46 in-

266 2464 114 48 ferno
342 2464 114 48 punit
419 2464 114 48 citra
495 2464 178 48 condignum.
634 2464 76 48 et
672 2464 89 48 dum
723 2464 114 48 punit
799 2464 76 48 in
837 2464 165 48 praesenti
952 2464 63 48 non

260 2503 175 54 continebit
398 2503 75 54 in
436 2503 88 54 ira
486 2503 88 54 sua
536 2503 100 54 mias
598 2503 113 54 suas:
674 2503 75 54 vt
711 2503 150 54 testatur
824 2503 125 54 psalm.
911 2503 100 54 ergo
961 2503 63 54 etc

309 2547 61 53 ¶
333 2547 122 53 Tertia
419 2547 110 53 ratio
492 2547 196 53 sufficientie
651 2547 183 53 voluntarie.
798 2547 98 53 quia
859 2547 73 53 ad
883 2547 147 53 complendum

276 2591 105 53 opus
342 2591 105 53 mine
407 2591 158 53 sufficit
526 2591 105 53 sola
591 2591 158 53 voluntas
710 2591 105 53 dei.
775 2591 131 53 Nilque
867 2591 118 53 aliud
933 2591 92 53 requi

277 2635 122 43 ritur.
362 2635 98 43 Rho.
423 2635 85 43 ix.
472 2635 110 43 Cuius
545 2635 98 43 vult
607 2635 171 43 miseretur.
741 2635 85 43 hoc
790 2635 98 43 enim
851 2635 110 43 facit
924 2635 98 43 deus
973 2635 61 43 me-

282 2673 75 55 re
320 2673 75 55 ex
358 2673 125 55 seipo.
445 2673 175 55 conferendo
583 2673 125 55 primam
671 2673 138 55 gratiam
771 2673 125 55 nullis
859 2673 138 55 meritis
947 2673 75 55 prae

275 2718 216 43 cedentibus.
447 2718 101 43 Sed
505 2718 86 43 ad
548 2718 201 43 complendum
706 2718 115 43 opus
778 2718 172 43 iusticie
893 2718 129 43 punien-

254 2759 89 64 tis:
309 2759 155 64 requiritur
431 2759 100 64 etiam
498 2759 122 64 aliquid
586 2759 67 64 ex
620 2759 100 64 parte
686 2759 122 64 hominis
775 2759 133 64 scilicet
875 2759 144 64 exigentia
974 2759 67 64 cul

1082 325 79 77 de
1121 325 106 77 etc.
1187 325 106 77 Unde
1253 325 106 77 deus
1319 325 79 77 si
1359 325 158 77 saluaret
1478 325 119 77 iudam
1557 325 79 77 ex
1596 325 92 77 sua
1649 325 119 77 mina:
1728 325 79 77 de
1755 325 92 77 infer

1079 400 86 48 no
1122 400 187 48 reducendo
1266 400 86 48 ad
1309 400 130 48 vitam
1395 400 101 48 vbi
1453 400 115 48 ille
1525 400 202 48 peniteret:
1683 400 115 48 bene
1741 400 115 48 posse.

1072 439 104 44 sed
1131 439 163 44 aliquem
1250 439 148 44 beatum
1353 439 163 44 damnare
1472 439 104 44 non
1531 439 104 44 sic
1590 439 163 44 posset:
1708 439 89 44 vt
1738 439 118 44 patuit

1091 480 83 62 bi
1133 480 180 62 Iusticia.
1272 480 83 62 §.
1313 480 125 62 iiii.
1397 480 83 62 et
1424 480 153 62 sequenti.

1075 506 106 88 ¶
1117 506 192 88 Utrum
1245 506 149 88 mia
1330 506 128 88 et
1394 506 256 88 iusticia
1586 506 128 88 in
1650 506 149 88 deo
1735 506 170 88 sint-

1079 576 145 55 idem.
1176 576 97 55 Ad
1224 576 113 55 hoc
1289 576 113 55 vna
1353 576 113 55 est
1418 576 161 55 opinio
1530 576 145 55 Rich.
1627 576 97 55 de
1676 576 145 55 media
1756 576 97 55 vil.

1072 629 83 49 in.
1120 629 107 49 iiii.
1191 629 83 49 li.
1238 629 83 49 di.
1285 629 71 49 xl
1321 629 83 49 vi.
1368 629 95 49 art.
1428 629 71 49 ii
1463 629 71 49 q.
1499 629 71 49 ii
1534 629 154 49 dicentis.
1653 629 95 49 Quod
1712 629 118 49 divina
1783 629 71 49 mina

1085 668 79 50 et
1124 668 157 50 iusticia
1242 668 79 50 in
1282 668 92 50 deo
1334 668 105 50 sunt
1400 668 118 50 omnio
1479 668 118 50 idem.
1557 668 92 50 sed
1610 668 105 50 vnum
1675 668 157 50 connotat
1780 668 79 50 ali-

1081 696 112 66 quid
1151 696 84 66 in
1193 696 98 66 deo
1249 696 112 66 quod
1319 696 98 66 non
1375 696 168 66 connotat
1500 696 140 66 aliud.
1598 696 98 66 Sed
1654 696 126 66 salua
1724 696 126 66 reuere-

1072 757 101 46 tia
1129 757 115 46 tati
1201 757 172 46 doctoris
1330 757 158 46 deficit
1445 757 101 46 hec
1502 757 158 46 opinio.
1617 757 101 46 Non
1675 757 115 46 enim
1732 757 115 46 loqui-

1072 795 101 49 mur
1129 795 86 49 de
1172 795 115 49 illo
1244 795 201 49 connotato:
1403 795 101 49 cum
1460 795 173 49 loquimur
1590 795 86 49 de
1633 795 115 49 mina
1705 795 101 49 vel
1748 795 115 49 iusti-

1087 835 106 46 ciam.
1158 835 82 46 sed
1205 835 141 46 loquimur
1310 835 70 46 de
1346 835 94 46 mina
1404 835 70 46 in
1439 835 82 46 se:
1486 835 70 46 et
1522 835 70 46 de
1557 835 141 46 iusticia
1662 835 141 46 scilicet
1756 835 106 46 divina.

1083 879 86 51 in
1126 879 100 51 se.
1183 879 71 51 ¶
1211 879 157 51 Ideoque
1325 879 100 51 est
1383 879 143 51 melius
1483 879 171 51 dicendum
1611 879 100 51 cum
1668 879 143 51 Guill.
1754 879 114 51 super.

1079 917 99 46 iiii.
1145 917 88 46 lib.
1200 917 66 46 e.
1233 917 77 46 di.
1277 917 66 46 xl
1311 917 77 46 vi.
1355 917 165 46 conclusioe.
1487 917 66 46 ii
1520 917 88 46 quod
1575 917 110 46 divina
1652 917 88 46 mina
1708 917 77 46 cum
1752 917 110 46 divina
1818 917 44 46 iu

1081 962 125 48 sticia
1168 962 87 48 non
1218 962 87 48 est
1267 962 174 48 formaliter
1404 962 112 48 idem.
1479 962 112 48 licet
1554 962 100 48 bene
1616 962 162 48 identice:
1741 962 87 48 qua
1778 962 75 48 modo

1078 1006 122 52 omnia
1160 1006 81 52 in
1200 1006 95 52 deo
1254 1006 108 52 sunt
1322 1006 108 52 idem
1389 1006 108 52 quod
1457 1006 162 52 essentia
1578 1006 149 52 divina.
1686 1006 81 52 Et
1713 1006 149 52 probatur.

1077 1042 112 51 Quia
1147 1042 112 51 illa
1217 1042 98 51 non
1273 1042 112 51 sunt
1342 1042 195 51 formaliter
1496 1042 126 51 eadem
1580 1042 84 51 in
1622 1042 112 51 deo:
1691 1042 140 51 quarum
1775 1042 84 51 for-

1076 1088 142 48 maliter
1179 1088 90 48 non
1231 1088 103 48 sunt
1295 1088 103 48 idem
1360 1088 168 48 aspectus.
1489 1088 90 48 sed
1541 1088 90 48 sic
1592 1088 90 48 est
1644 1088 77 48 de
1682 1088 129 48 divina
1760 1088 103 48 miseri

1074 1131 150 53 cordia
1179 1131 90 53 et
1224 1131 195 53 iusticia.
1374 1131 105 53 Nam
1434 1131 180 53 iusticia
1568 1131 165 53 aspicit
1688 1131 165 53 diuinam
1793 1131 75 53 bo-

1074 1173 163 48 nitatem
1193 1173 208 48 immediate.
1356 1173 104 48 aut
1416 1173 163 48 diuinam
1534 1173 208 48 essentiam.
1698 1173 104 48 sed
1742 1173 119 48 diuina

1077 1218 100 48 mina
1140 1218 138 48 aspicit
1241 1218 176 48 creaturam.
1379 1218 100 48 Unde
1442 1218 151 48 Damasce.
1555 1218 88 48 li.
1605 1218 88 48 ii.
1655 1218 213 48 sententiarum.
1818 1218 38 48 c

1083 1256 129 45 xiii.
1169 1256 114 45 miam
1240 1256 215 45 diffiniendo
1412 1256 143 45 dicit.
1512 1256 100 45 Mia
1569 1256 100 45 est
1626 1256 186 45 compassio
1769 1256 86 45 de
1798 1256 57 45 ma

1078 1300 87 47 lo
1121 1300 159 47 alieno.
1237 1300 202 47 Uerumtamen
1396 1300 87 47 vt
1439 1300 159 47 patuit.
1554 1300 87 47 §.
1598 1300 87 47 i.
1641 1300 101 47 Mia
1699 1300 101 47 non
1757 1300 101 47 est
1800 1300 58 47 in

1084 1339 84 72 deo
1132 1339 143 72 secundum
1239 1339 155 72 passionem
1359 1339 84 72 vel
1407 1339 203 72 compassionem.
1574 1339 143 72 scilicet
1682 1339 167 72 tristicie:
1801 1339 60 72 sed

1086 1382 140 71 secundum
1191 1382 140 71 effectum
1284 1382 70 71 etc.

1068 1432 108 78 ¶
1112 1432 152 78 Sed
1198 1432 239 78 quomodo
1372 1432 152 78 mia
1459 1432 130 78 in
1524 1432 152 78 deo
1611 1432 217 78 potest
1741 1432 130 78 dice

1081 1501 84 46 re
1123 1501 167 46 respectu
1248 1501 84 46 ad
1290 1501 195 46 creaturam:
1444 1501 98 46 cum
1499 1501 84 46 in
1541 1501 98 46 deo
1597 1501 98 46 sit
1653 1501 181 46 perfectio
1778 1501 84 46 sim-

1081 1540 126 56 plicit:
1172 1540 172 56 Respondetur
1310 1540 137 56 secundum
1413 1540 160 56 Scotorlis.
1538 1540 69 56 e.
1573 1540 103 56 dist.
1641 1540 103 56 Guil.
1710 1540 126 56 quaque.
1790 1540 69 56 Quod

1083 1585 102 51 mina
1147 1585 90 51 non
1198 1585 218 51 principaliter
1378 1585 90 51 sed
1429 1585 77 51 ex
1467 1585 192 51 consequenti
1621 1585 154 51 importat
1723 1585 141 51 respectum

1078 1624 71 49 ad
1114 1624 167 49 creaturam.
1245 1624 83 49 sed
1292 1624 202 49 principaliter
1459 1624 119 49 siguit
1542 1624 95 49 quod
1602 1624 71 49 in
1638 1624 83 49 deo
1685 1624 95 49 est.
1733 1624 131 49 videlicet

1076 1665 94 53 vna
1129 1665 174 53 perfectio
1263 1665 214 53 simpliciter:
1436 1665 107 53 quae
1503 1665 94 53 est
1557 1665 80 53 ad
1597 1665 187 53 releuandas
1730 1665 134 53 creatura

1092 1708 85 46 tum
1140 1708 157 46 miserias.
1261 1708 97 46 ergo
1321 1708 97 46 etc.
1382 1708 97 46 Unde
1442 1708 109 46 Bona.
1515 1708 85 46 in.
1563 1708 72 46 e.
1599 1708 85 46 di.
1648 1708 85 46 li.
1696 1708 109 46 iiii.
1768 1708 97 46 art.
1817 1708 48 46 i.

1085 1752 77 54 q.
1124 1752 77 54 ii
1162 1752 142 54 Inducit
1265 1752 103 54 idem
1330 1752 129 54 Guill.
1420 1752 167 54 dicentem.
1549 1752 103 54 Quod
1613 1752 103 54 mina
1678 1752 77 54 in
1716 1752 90 54 deo
1755 1752 103 54 potest

1086 1795 151 54 intelligi
1203 1795 186 54 tripliciter.
1354 1795 105 54 Primo
1424 1795 175 54 largissime.
1564 1795 70 54 et
1599 1795 82 54 sic
1645 1795 128 54 dicitur
1739 1795 116 54 divine
1808 1795 47 54 bo

1089 1843 131 47 nitatis
1184 1843 178 47 affluentia.
1327 1843 131 47 Secundo
1422 1843 166 47 communitr.
1553 1843 71 47 et
1589 1843 83 47 sic
1636 1843 131 47 dicitur
1719 1843 143 47 benignitas

1085 1876 134 50 divina
1178 1876 80 50 in
1219 1876 255 50 supererogatione
1433 1876 161 50 bonorum.
1554 1876 134 50 Tertio
1648 1876 161 50 stricte.
1768 1876 80 50 et
1795 1876 67 50 sic

1088 1924 146 47 dicitur
1194 1924 132 47 pietas
1286 1924 79 47 in
1326 1924 212 47 subleuatione
1498 1924 159 47 malorum.
1618 1924 172 47 videlicet
1737 1924 119 47 miseria

1080 1960 105 49 rum.
1145 1960 66 49 ¶
1172 1960 105 49 Item
1237 1960 210 49 pariformiter
1408 1960 118 49 dicit
1487 1960 105 49 quod
1552 1960 157 49 iusticia
1670 1960 79 49 in
1710 1960 92 49 deo
1749 1960 118 49 dicitur

1077 2007 199 52 tripliciter.
1238 2007 112 52 Primo
1313 2007 137 52 dicitur
1413 2007 149 52 iusticia
1525 2007 174 52 largissime
1662 2007 87 52 vel
1699 2007 162 52 communissi-

1080 2043 71 50 me
1116 2043 118 50 divine
1198 2043 153 50 bonitatis
1316 2043 189 50 condecentia.
1470 2043 153 50 communitr
1588 2043 94 50 vero
1647 2043 130 50 dicitur
1729 2043 130 50 liberali-

1076 2088 90 55 tas
1128 2088 77 55 in
1166 2088 206 55 retributione
1333 2088 180 55 promiorum.
1475 2088 90 55 sed
1526 2088 142 55 stricte
1629 2088 142 55 dicitur
1719 2088 142 55 seueritas

1082 2128 97 61 in
1130 2128 211 61 punitione
1277 2128 162 61 malorum.

1080 2158 90 81 ¶
1116 2158 108 81 An
1170 2158 108 81 in
1224 2158 126 81 deo
1296 2158 162 81 prior
1404 2158 126 81 sit
1477 2158 216 81 iusticia
1639 2158 144 81 quao
1711 2158 144 81 minia.

1096 2235 164 46 Respondetur
1227 2235 131 46 secundum
1325 2235 87 46 eum.
1380 2235 109 46 Guill.
1456 2235 109 46 supra.
1533 2235 87 46 quod
1587 2235 65 46 in
1620 2235 76 46 deo
1664 2235 98 46 prior
1729 2235 76 46 est
1762 2235 109 46 iusticia

1083 2276 92 52 quam
1141 2276 104 52 mina.
1210 2276 115 52 Ratio:
1291 2276 92 52 quia
1348 2276 115 52 praeor
1429 2276 81 52 est
1475 2276 115 52 divina
1556 2276 127 52 bonitas
1648 2276 81 52 aut
1694 2276 138 52 essentia
1786 2276 69 52 quam

1086 2321 135 42 miseria
1184 2321 160 42 creature.
1307 2321 98 42 Unde
1368 2321 160 42 Anselmus.
1491 2321 160 42 prosolog.
1614 2321 86 42 xi.
1663 2321 86 42 ca.
1712 2321 111 42 dicit
1786 2321 98 42 quod
1835 2321 49 42 ex

1077 2357 168 53 iusticia
1203 2357 168 53 nascitur
1329 2357 126 53 mina.
1413 2357 98 53 Nam
1469 2357 84 53 ex
1511 2357 140 53 libali
1609 2357 168 53 iusticia
1721 2357 140 53 distribu

1091 2404 110 58 tiua
1160 2404 179 58 dispensat
1298 2404 110 58 deus
1367 2404 124 58 omnia
1450 2404 110 58 bona
1519 2404 262 58 misericorditer.
1740 2404 110 58 ergo
1795 2404 69 58 etc

1064 2454 114 65 ¶
1110 2454 159 65 Sed
1201 2454 250 65 quimodo
1383 2454 364 65 misericordia
1679 2454 137 65 et
1725 2454 159 65 iusti

1089 2506 113 53 cia
1154 2506 97 53 in
1202 2506 113 53 deo
1267 2506 130 53 sunt
1348 2506 130 53 idem
1429 2506 211 53 identice.
1591 2506 113 53 Cum
1640 2506 227 53 praesalmista

1080 2551 231 50 distinguat
1261 2551 115 50 eas
1327 2551 181 50 tanquam
1459 2551 132 50 duas
1541 2551 132 50 res.
1624 2551 99 50 Et
1657 2551 214 50 Cassiodorus

1097 2586 101 53 super
1164 2586 112 53 psals.
1242 2586 67 53 v.
1276 2586 112 53 dicit.
1355 2586 67 53 He
1388 2586 78 53 due
1433 2586 78 53 res
1478 2586 90 53 sunt
1534 2586 112 53 semper
1612 2586 134 53 adiuncte
1713 2586 134 53 scilicet
1803 2586 67 53 mina

1088 2630 77 53 et
1127 2630 166 53 iusticia.
1254 2630 166 53 Respondet
1382 2630 128 53 Guill.
1471 2630 115 53 supra
1548 2630 140 53 Concedo
1650 2630 128 53 inquit
1739 2630 102 53 quod
1790 2630 77 53 sunt

1082 2672 89 52 due
1133 2672 102 52 res:
1197 2672 76 52 et
1235 2672 102 52 sunt
1298 2672 89 52 due
1349 2672 178 52 realitates
1489 2672 153 52 secundum
1604 2672 153 52 aliquid.
1718 2672 114 52 tamen
1782 2672 76 52 sunt

1085 2717 94 54 vna
1138 2717 121 54 summa
1219 2717 108 54 res:
1286 2717 108 54 quia
1353 2717 161 54 realiter
1474 2717 108 54 sunt
1541 2717 94 54 vna
1595 2717 161 54 essentia
1716 2717 148 54 divina:
1810 2717 54 54 in

1089 2761 93 56 qua
1142 2761 107 56 sunt
1209 2761 120 56 omens
1289 2761 214 56 perfectiones
1462 2761 200 56 simpliciter
1622 2761 160 56 vnitiue.
1743 2761 93 56 ita
1783 2761 93 56 tamen
