2250 3290
366 280 144 76 christi
471 280 79 76 in
510 280 118 76 eodem
588 280 157 76 instanti
706 280 105 76 quae
772 280 157 76 formatum
889 280 92 76 est
942 280 105 76 Ideo
1007 280 65 76 a
1033 280 105 76 solo
1086 280 65 76 deo

368 348 216 45 immediate
535 348 183 45 formari
668 348 166 45 debuit
784 348 116 45 nec
851 348 166 45 potuit
967 348 183 45 angelus
1083 348 67 45 in

369 390 176 55 instanti
501 390 161 55 formare
618 390 161 55 corpus.
735 390 88 55 Et
779 390 73 55 a
808 390 176 55 fortiori
940 390 102 55 non
999 390 146 55 potuit
1086 390 59 55 fa

374 430 114 50 cere
445 430 85 50 vt
488 430 100 50 mox
545 430 128 50 esset
630 430 157 50 deitati
744 430 157 50 vnitum.
858 430 100 50 Sed
915 430 128 50 ignis
1000 430 100 50 vel
1043 430 114 50 colun-

375 474 76 47 ba
413 474 89 47 non
464 474 140 47 fuerunt
566 474 114 47 vnita
642 474 140 47 spiritu
744 474 140 47 sancto.
846 474 102 47 ergo
909 474 114 47 talia
986 474 127 47 potuit
1062 474 89 47 forma

366 519 79 47 re
405 519 144 47 angelus
510 519 236 47 minsterialiter
706 519 118 47 sicut
785 519 131 47 semper
876 519 118 47 talia
955 519 118 47 fiunt
1020 519 131 47 misterio

363 568 182 43 angelico
499 568 91 43 in
545 568 182 43 creatura
681 568 106 43 non
742 568 136 43 vnita
832 568 106 43 deo
893 568 182 43 secundum
1014 568 91 43 Aug.

377 608 111 79 ¶
421 608 200 79 Utrum
554 608 178 79 illa
665 608 244 79 columba
843 608 133 79 in
910 608 178 79 quae
999 608 155 79 appa-

369 684 98 49 ruit
430 684 148 49 spiritus
541 684 135 49 sanctus
639 684 123 49 fuerit
725 684 98 49 vera
787 684 148 49 columba:
898 684 160 49 Similiter
1021 684 74 49 et
1058 684 74 49 de
1082 684 74 49 igne

393 718 79 51 An
433 718 132 51 fuerit
525 718 119 51 verus
605 718 132 51 ignis.
697 718 79 51 et
737 718 79 51 de
777 718 119 51 aliis
856 718 159 51 specebus
975 718 119 51 quari
1041 718 119 51 potest.

377 763 202 47 Respondetur
538 763 161 47 secundum
659 763 161 47 Bonauem.
780 763 81 47 e.
820 763 94 47 di.
874 763 108 47 xvi.
941 763 81 47 Et
981 763 108 47 Rich
1048 763 81 47 ac
1075 763 81 47 Tho.

372 808 131 43 ibidem.
467 808 71 43 q.
503 808 95 43 iii.
562 808 71 43 et
598 808 83 43 iii
646 808 95 43 per.
705 808 71 43 q.
741 808 119 43 xxxix.
824 808 95 43 etc.
883 808 155 43 eliciendo
991 808 166 43 conclusiones

416 847 117 51 Prima
494 847 104 51 quod
559 847 104 51 spes
625 847 104 51 ille
690 847 78 51 in
729 847 130 51 quibus
820 847 156 51 apparuit
937 847 156 51 spiritus
1042 847 117 51 sanctus

364 894 153 48 fuerunt
475 894 111 48 vere
545 894 97 48 res
601 894 195 48 corporales
754 894 111 48 quae
823 894 125 48 sensu
907 894 209 48 particulari
1060 894 97 48 potue

368 931 110 51 runt
437 931 207 51 apprehendi.
603 931 97 51 Nam
658 931 110 51 alio
727 931 110 51 quin
796 931 165 51 fuissent
920 931 97 51 non
975 931 110 51 vere
1030 931 124 51 apperi-

375 977 154 44 tiones
482 977 108 44 sed
544 977 215 44 illusiones
713 977 138 44 sicut
805 977 123 44 sunt
882 977 231 44 phantasmata
1051 977 108 44 demo-

365 1017 94 44 num
418 1017 80 44 et
458 1017 147 44 magorum
565 1017 200 44 praestigia.
725 1017 107 44 quod
792 1017 94 44 non
846 1017 134 44 decuit
939 1017 120 44 fidei
1006 1017 147 44 veritatem

380 1063 114 47 vnde
451 1063 129 47 Greg.
537 1063 86 47 in
580 1063 129 47 home.
665 1063 186 47 epiphanie
808 1063 143 47 quadam
908 1063 129 47 dicit
994 1063 114 47 quod
1051 1063 100 47 signa

378 1102 113 48 fidei
454 1102 126 48 nostre
542 1102 101 48 sunt
605 1102 176 48 verissima.
744 1102 151 48 sequitur
857 1102 88 48 est
908 1102 101 48 quod
971 1102 113 48 erant
1047 1102 101 48 vere
1097 1102 63 48 res

368 1146 224 46 corporales
544 1146 176 46 formate
672 1146 96 46 ex
720 1146 160 46 ethere
831 1146 208 46 purissimo
975 1146 176 46 minsterio

371 1185 185 48 angelorum.
516 1185 79 48 vt
556 1185 119 48 dicit
636 1185 106 48 Aug.
702 1185 79 48 et
741 1185 132 48 patuit
834 1185 132 48 supra.
927 1185 79 48 §.
966 1185 119 48 xxxv.
1046 1185 119 48 Sicut
1112 1185 53 48 et

368 1231 181 45 Gabriel
499 1231 181 45 angelus
630 1231 197 45 apperuit
778 1231 148 45 beate
877 1231 181 45 vergini
1008 1231 148 45 Marie
1090 1231 66 45 in

383 1269 151 49 corpore
493 1269 165 49 assumpto
617 1269 82 49 ex
658 1269 137 49 ethere
754 1269 82 49 in
795 1269 137 49 specie
891 1269 137 49 humana
987 1269 165 49 secundum
1097 1269 69 49 ma-

368 1310 107 54 gnum
435 1310 107 54 Alb.
501 1310 120 54 super
582 1310 134 54 Missus
675 1310 94 54 est
729 1310 80 54 Et
769 1310 174 54 huiusmodi
903 1310 147 54 species
996 1310 161 54 corporales

369 1353 160 46 expleto
486 1353 160 46 officio
602 1353 87 46 in
646 1353 233 46 praeiacentem
836 1353 175 46 materiam
967 1353 117 46 sunt
1039 1353 102 46 mox
1083 1353 73 46 re-

370 1393 153 51 solute.
482 1393 70 51 ¶
510 1393 153 51 Secunda
621 1393 181 51 conclusio
761 1393 112 51 quod
830 1393 153 51 columba
942 1393 112 51 illa
1012 1393 84 51 in
1053 1393 98 51 qua
1095 1393 56 51 ap

375 1427 120 60 paruit
459 1427 144 60 spiritus
567 1427 132 60 sanctus
662 1427 84 60 non
710 1427 96 60 fuit
770 1427 108 60 verum
842 1427 120 60 animal
926 1427 120 60 habens
1009 1427 120 60 animam
1081 1427 72 60 sen-

382 1479 171 51 sitiuam.
510 1479 100 51 Nec
567 1479 129 51 ignis
653 1479 114 51 ille
725 1479 114 51 fuit
796 1479 114 51 vere
867 1479 129 51 ignis
953 1479 157 51 ardens.
1053 1479 100 51 quam-

370 1526 104 42 uis
429 1526 148 42 fuerit
533 1526 104 42 res
593 1526 104 42 vel
652 1526 148 42 spcies
756 1526 222 42 corporales.
934 1526 104 42 Nam
993 1526 89 42 si
1023 1526 133 42 columba

371 1560 144 49 fuisset
476 1560 118 49 verum
554 1560 144 49 animal.
659 1560 131 49 habens
751 1560 131 49 animam
843 1560 79 49 et
882 1560 118 49 penas
960 1560 92 49 mox
1013 1560 92 49 cum
1052 1560 105 49 desiit

373 1610 114 46 post
444 1610 228 46 apperitionem
629 1610 157 46 fuisset
743 1610 171 46 occisum.
871 1610 114 46 quod
942 1610 100 46 non
999 1610 128 46 solet
1071 1610 85 46 poni

370 1653 136 46 Etsi
455 1653 153 46 ignis
557 1653 187 46 fuisset
694 1653 153 46 verus
796 1653 170 46 ignis:
915 1653 222 46 habuisset
1069 1653 85 46 vim

385 1687 146 51 oburedi.
495 1687 98 51 quod
556 1687 110 51 tamen
629 1687 85 51 non
677 1687 110 51 humit
751 1687 98 51 vnde
812 1687 110 51 etiam
885 1687 134 51 ecemria
982 1687 110 51 canit
1055 1687 73 51 in
1080 1687 73 51 offe

375 1733 152 45 ephetie.
489 1733 165 45 Descendit
616 1733 152 45 spiritus
730 1733 139 45 sanctus
831 1733 165 45 corporali
958 1733 127 45 specie
1046 1733 114 45 sicut
1109 1733 51 45 co

376 1769 124 53 lumba
459 1769 83 53 Et
500 1769 138 53 iterum
596 1769 83 53 In
638 1769 151 53 columbe
748 1769 138 53 specie
844 1769 165 53 spiritus
968 1769 151 53 sanctus
1064 1769 96 53 visus

375 1812 84 45 est
423 1812 96 45 etc.
483 1812 96 45 Ecce
543 1812 229 45 similitudinarie
736 1812 108 45 dicit
808 1812 120 45 tantum
892 1812 144 45 speciem:
1001 1812 84 45 non
1049 1812 108 45 veram
1109 1812 48 45 co

380 1855 131 49 lumbam
471 1855 131 49 viuam.
563 1855 78 49 Et
602 1855 104 49 Act.
667 1855 78 49 ii
706 1855 144 49 dicitur
811 1855 196 49 Apperuerunt
967 1855 117 49 illis
1032 1855 131 49 disperdi

385 1899 72 50 te
421 1899 108 50 ligue
493 1899 133 50 tamquam
590 1899 120 50 ignis.
674 1899 84 50 Cum
722 1899 108 50 dicit
795 1899 145 50 tanquam:
903 1899 205 50 similitudinem
1060 1899 96 50 notais

374 1940 88 53 non
425 1940 113 53 verum
500 1940 113 53 ignem
576 1940 88 53 nec
626 1940 113 53 veram
701 1940 126 53 liguam
789 1940 101 53 quae
852 1940 88 53 est
903 1940 126 53 carnee
991 1940 126 53 nature
1066 1940 88 53 s.cte

377 1980 118 45 dicit
455 1980 131 45 tantum
547 1980 144 45 figuram
652 1980 118 45 ligue
730 1980 118 45 ignee
809 1980 79 45 vt
848 1980 118 45 patet
926 1980 92 45 ibi
979 1980 92 45 per
1031 1980 92 45 Dio
1083 1980 65 45 ¶
1097 1980 65 45 Ter

381 2022 85 48 tia
429 2022 170 48 conclusio.
563 2022 97 48 quod
623 2022 121 48 flatus
708 2022 133 48 christi
805 2022 73 48 in
842 2022 85 48 quo
890 2022 121 48 missus
975 2022 97 48 fuit
1024 2022 133 48 spiritus;

379 2067 160 47 sanctus
496 2067 116 47 fuit
569 2067 116 47 vere
641 2067 160 47 flatus.
758 2067 87 47 et
801 2067 131 47 nubes
889 2067 145 47 lucida
990 2067 87 47 in
1034 2067 102 47 qua
1078 2067 87 47 appa

375 2114 93 47 ruit
433 2114 139 47 spiritus
538 2114 128 47 sanctus
631 2114 105 47 super
701 2114 151 47 christut:
817 2114 93 47 vere
875 2114 163 47 conceditur
1003 2114 116 47 fuisse
1073 2114 81 47 nubes

375 2150 102 58 Nam
434 2150 102 58 hec
492 2150 189 58 manifeste
638 2150 102 58 sic
696 2150 131 58 sonat
783 2150 204 58 scriptura.
944 2150 87 58 vt
987 2150 131 58 patet
1060 2150 102 58 consi

376 2194 173 51 deranti.
505 2194 101 51 Sed
563 2194 86 51 de
606 2194 115 51 igne
678 2194 86 51 et
721 2194 158 51 columba
837 2194 274 51 similitudinarie
1067 2194 86 51 vt
1096 2194 72 51 pa-

378 2236 117 42 tuit
451 2236 73 42 ¶
480 2236 87 42 Si
524 2236 204 42 obiicitur.
684 2236 117 42 Quia
757 2236 87 42 si
801 2236 160 42 columba
917 2236 102 42 non
976 2236 117 42 fuit
1048 2236 117 42 vera
1107 2236 58 42 co

387 2278 121 50 lumba
467 2278 107 50 viua
534 2278 81 50 et
574 2278 121 50 ignis
655 2278 94 50 non
709 2278 107 50 fuit
776 2278 107 50 vere
843 2278 134 50 ignis.
937 2278 161 50 sequitur
1058 2278 107 50 quod
1111 2278 54 50 fi

387 2321 91 53 dei
439 2321 117 53 signa
517 2321 91 53 non
570 2321 144 53 fuerunt
674 2321 170 53 verissima
805 2321 91 53 sed
857 2321 157 53 ficticia
974 2321 78 53 et
1013 2321 117 53 falsa
1079 2321 78 53 quod

380 2369 93 40 est
433 2369 132 40 contra
525 2369 119 40 dicta
605 2369 159 40 Gregorii
724 2369 119 40 supra
803 2369 106 40 etc.
869 2369 159 40 Dicendum
988 2369 159 40 secundum
1094 2369 66 40 Bo-

377 2402 126 52 nauem.
465 2402 101 52 quod
528 2402 75 52 ex
566 2402 88 52 hoc
616 2402 88 52 non
667 2402 151 52 sequitur
780 2402 88 52 ibi
830 2402 101 52 fore
893 2402 176 52 falsitatem
1032 2402 88 52 vel
1069 2402 101 52 ficti-

381 2449 109 49 onem.
454 2449 97 49 quia
514 2449 97 49 erat
575 2449 133 49 veritas
672 2449 73 49 in
708 2449 206 49 significando.
878 2449 85 49 cum
927 2449 158 49 propterea
1048 2449 97 49 illa
1096 2449 61 49 si-

379 2491 172 51 militudo
508 2491 215 51 offerebatur
680 2491 144 51 sensui
781 2491 86 51 vt
824 2491 258 51 significaretur
1039 2491 115 51 quod
1096 2491 72 51 ibi

390 2528 93 54 vere
448 2528 93 54 erat
506 2528 139 54 spiritus
611 2528 139 54 sanctus.
715 2528 81 54 nec
762 2528 209 54 significabatur
936 2528 93 54 quod
994 2528 104 54 esset
1063 2528 93 54 vera
1110 2528 46 54 co

383 2573 119 55 lumba
462 2573 92 55 vel
515 2573 132 55 ignis.
607 2573 66 55 ¶
633 2573 92 55 Sed
686 2573 119 55 quare
765 2573 158 55 spiritus
883 2573 145 55 sanctus
989 2573 92 55 non
1028 2573 132 55 apperuit

387 2610 71 50 in
423 2610 95 50 vero
482 2610 131 50 animali
577 2610 131 50 columbe
672 2610 71 50 et
708 2610 71 50 in
744 2610 95 50 vero
803 2610 107 50 igne.
875 2610 83 50 cum
922 2610 95 50 dici
982 2610 119 50 filius
1053 2610 107 50 apperue

388 2665 84 43 rit
436 2665 72 43 in
472 2665 97 43 vero
533 2665 133 43 homine.
629 2665 109 43 patet
702 2665 72 43 ex
738 2665 181 43 praedictis.
883 2665 97 43 quia
943 2665 157 43 humanitas
1063 2665 109 43 vnita
1124 2665 48 43 fu

379 2698 75 57 it
416 2698 88 57 dei
466 2698 125 57 filio.
554 2698 88 57 sed
604 2698 138 57 columba
704 2698 88 57 non
754 2698 100 57 fuit
816 2698 113 57 vnita
891 2698 138 57 spiritu
991 2698 125 57 sancto
1066 2698 100 57 vnione

1208 283 252 64 hypostatica.
1413 283 126 64 vnde
1492 283 110 64 nec
1555 283 158 64 debuit
1665 283 173 64 adorari
1791 283 221 64 adoratione
1949 283 63 64 la

1207 347 113 44 trie
1278 347 127 44 sicut
1362 347 170 44 adoratur
1490 347 141 44 corpus
1589 347 156 44 christi
1702 347 156 44 ratione
1815 347 156 44 vnionis
1914 347 85 44 etc.

1209 381 161 62 Similiter
1332 381 87 62 nec
1382 381 111 62 ignis
1456 381 87 62 nec
1506 381 99 62 alie
1568 381 136 62 species
1667 381 111 62 vnite
1741 381 99 62 sunt
1803 381 136 62 spiritu
1890 381 99 62 sancto

1198 426 79 73 in
1237 426 145 73 vnitate
1343 426 145 73 persone
1448 426 105 73 ergo
1501 426 66 73 etc

1376 479 387 78 bBbie.
1647 479 349 78 Strum
1841 479 155 78 de

1406 558 96 46 us
1454 558 112 46 qui
1518 558 112 46 est
1583 558 161 46 primum
1695 558 161 46 mouens
1807 558 112 46 sit
1872 558 161 46 mobil.

1401 600 178 48 Respondetur
1543 600 142 48 secundum
1650 600 166 48 Scotorlis.
1781 600 71 48 in
1816 600 71 48 i.
1852 600 83 48 di.
1899 600 107 48 viii.
1959 600 47 48 q.

1207 626 67 61 ii
1240 626 78 61 per
1285 626 179 61 conclusionem
1430 626 89 61 quod
1486 626 89 61 non.
1542 626 67 61 Et
1576 626 112 61 certum
1654 626 78 61 est
1699 626 101 61 etiam
1766 626 134 61 secundum
1855 626 157 61 philosophos.

1217 678 168 53 Aristo.
1339 678 122 53 vii.
1415 678 107 53 et.
1476 678 137 53 viii.
1567 678 122 53 Phy.
1643 678 229 53 Anaxagoram.
1826 678 91 53 et
1872 678 122 53 Boe.
1933 678 76 53 Sed

1221 726 94 54 quae
1280 726 82 54 sit
1327 726 105 54 ratio
1397 726 117 54 huius.
1479 726 105 54 inter
1549 726 94 54 alia
1607 726 129 54 ponitur
1701 726 152 54 praecipua
1818 726 94 54 hec.
1876 726 94 54 quia
1935 726 70 54 in
1958 726 47 54 mo

1223 764 100 50 tis
1280 764 86 50 et
1323 764 200 50 mouentibus
1480 764 100 50 non
1537 764 100 50 est
1594 764 129 50 abire
1680 764 86 50 in
1722 764 200 50 infinitum.
1865 764 143 50 Alioquin

1218 805 115 53 esset
1295 805 115 53 motus
1372 805 167 53 infinitus
1500 805 77 53 in
1539 805 141 53 tempore
1641 805 167 53 infinito.
1769 805 103 53 ergo
1833 805 154 53 deuenire
1936 805 64 53 est

1210 848 84 51 ad
1252 848 112 51 vnum
1322 848 141 51 mouens
1421 848 183 51 immobile.
1561 848 112 51 quod
1632 848 98 51 nec
1688 848 155 51 mouetur
1800 848 70 51 a
1828 848 98 51 se.
1885 848 112 51 quia
1941 848 70 51 sic

1220 894 106 47 idem
1286 894 120 47 esset
1366 894 133 47 mouens
1459 894 80 47 et
1499 894 133 47 motum.
1592 894 80 47 et
1632 894 80 47 in
1672 894 106 47 actu
1739 894 146 47 similis
1845 894 80 47 et
1872 894 133 47 potentia

1208 937 110 46 nec
1271 937 173 46 mouetur
1397 937 95 46 ab
1445 937 126 46 alio
1523 937 221 46 extrinseco
1697 937 205 46 cuiusmodi
1854 937 142 46 motus
1933 937 79 46 fit

1220 974 101 56 vel
1277 974 174 56 pulsione
1408 974 72 56 a
1437 974 174 56 mouente.
1567 974 101 56 vel
1625 974 188 56 tractione
1770 974 87 56 ad
1814 974 188 56 mouentem.
1944 974 58 56 vl

1211 1015 171 50 vectione.
1343 1015 92 50 vel
1395 1015 171 50 vertigine
1527 1015 132 50 quorum
1620 1015 132 50 nullum
1712 1015 158 50 conuenit
1831 1015 92 50 deo
1883 1015 119 50 alias
1949 1015 53 50 es

1216 1060 98 49 set
1272 1060 195 49 mutabilis.
1425 1060 98 49 nec
1481 1060 153 49 mouetur
1593 1060 98 49 per
1648 1060 84 49 se
1690 1060 98 49 nec
1746 1060 98 49 per
1802 1060 181 49 accidens.
1927 1060 84 49 quia

1222 1100 152 50 necesse
1333 1100 124 50 habet
1415 1100 110 50 esse
1484 1100 138 50 semper
1581 1100 110 50 idem
1650 1100 83 50 ab
1692 1100 138 50 eterno
1788 1100 110 50 ergo
1857 1100 97 50 etc
1912 1100 83 50 Ad
1940 1100 69 50 hec

1206 1146 126 69 vbi
1278 1146 323 69 Immutabilitas.
1547 1146 108 69 §.
1583 1146 90 69 xv.

1406 1190 322 93 Bdus
1567 1190 442 93 intrinse-

1420 1269 89 64 cus
1471 1269 101 64 Quid
1534 1269 101 64 sit.
1598 1269 190 64 Respondetur
1750 1269 152 64 secundum
1864 1269 114 64 Fran.
1927 1269 76 64 may

1413 1316 65 53 in
1446 1316 130 53 conflat.
1543 1316 98 53 primi
1609 1316 98 53 libri
1674 1316 174 53 sententiarum
1815 1316 65 53 d.
1848 1316 98 53 xlii.
1913 1316 65 53 q.
1935 1316 76 53 iiii.

1211 1333 148 83 concor.
1318 1333 121 83 Guil.
1399 1333 94 83 di.
1453 1333 121 83 xxxi.
1534 1333 81 83 e.
1575 1333 121 83 primi
1655 1333 202 83 conclusione
1817 1333 81 83 i.
1858 1333 108 83 quod
1912 1333 94 83 modus

1218 1401 218 49 intrinsecus
1393 1401 102 49 est
1451 1401 117 49 ille
1524 1401 102 49 qui
1583 1401 189 49 adueniens
1728 1401 146 49 alicui
1830 1401 102 49 non
1874 1401 131 49 variati

1209 1445 175 47 rationem
1341 1445 117 47 eius
1413 1445 175 47 formalem
1545 1445 102 47 vel
1603 1445 219 47 quiditatem.
1778 1445 87 47 Et
1822 1445 102 47 hoc
1880 1445 102 47 est
1924 1445 87 47 ideo

1213 1486 114 47 quia
1284 1486 129 47 modus
1370 1486 215 47 intrinsecus
1542 1486 86 47 de
1585 1486 86 47 se
1628 1486 143 47 nullam
1728 1486 129 47 dicit
1814 1486 172 47 rationem
1928 1486 86 47 for-

1215 1525 146 52 malem
1312 1525 114 52 vel
1377 1525 244 52 quiditatem.
1573 1525 130 52 Quia
1654 1525 146 52 modus
1752 1525 244 52 intrinsecus
1931 1525 81 52 ha-

1214 1565 101 49 bet
1271 1565 130 49 ortum
1358 1565 87 49 ex
1402 1565 202 49 quiditate.
1561 1565 87 49 et
1604 1565 101 49 sic
1662 1565 101 49 est
1720 1565 130 49 modus
1807 1565 202 49 quiditatis
1951 1565 58 49 po

1214 1608 153 53 sterior
1325 1608 111 53 ipsa
1395 1608 195 53 quiditate.
1548 1608 125 53 vndem
1631 1608 125 53 multa
1714 1608 111 53 sunt
1784 1608 97 53 que
1839 1608 139 53 habent
1923 1608 83 53 ean-

1219 1650 102 52 dem
1278 1650 203 52 quiditatem
1437 1650 102 52 sed
1495 1650 189 52 differunt
1640 1650 174 52 secundum
1771 1650 131 52 modos
1843 1650 160 52 intrinse-

1216 1692 106 59 cos.
1282 1692 119 59 Sicut
1362 1692 146 59 exempli
1468 1692 146 59 gratia.
1574 1692 106 59 homo
1641 1692 80 59 in
1680 1692 106 59 actu
1747 1692 80 59 et
1787 1692 80 59 in
1826 1692 173 59 potentia.
1946 1692 53 59 et

1218 1737 154 47 albedo
1325 1737 169 47 intensa
1448 1737 92 47 et
1494 1737 169 47 remissa
1618 1737 154 47 eandem
1725 1737 185 47 rationem
1848 1737 154 47 formalem

1212 1775 160 51 habent.
1329 1775 102 51 sed
1387 1775 189 51 differunt
1532 1775 87 51 in
1575 1775 116 51 modo
1648 1775 218 51 intrinseco.
1822 1775 102 51 Cum
1880 1775 116 51 ergo
1938 1775 58 51 mo

1222 1822 96 49 dus
1277 1822 205 49 intrinsecus
1441 1822 137 49 nullam
1537 1822 123 49 dicit
1619 1822 192 49 quiditatem
1769 1822 96 49 vel
1824 1822 164 49 rationem
1934 1822 68 49 for

1227 1862 106 49 malem
1298 1862 71 49 de
1333 1862 71 49 se
1368 1862 141 49 scilicet
1474 1862 82 49 que
1521 1862 82 49 sit
1568 1862 94 49 alia
1627 1862 59 49 a
1650 1862 153 49 quiditate
1768 1862 94 49 ipsa
1827 1862 71 49 de
1862 1862 82 49 per
1909 1862 82 49 se:
1944 1862 59 49 sed

1217 1905 119 52 intra
1296 1905 185 52 quiditatem
1441 1905 132 52 tantum
1533 1905 158 52 dicuntur
1652 1905 105 52 modi
1718 1905 211 52 differentes.
1889 1905 105 52 ergo
1942 1905 66 52 li.

1212 1941 104 64 cet
1272 1941 194 64 adueniant
1421 1941 149 64 alicui
1525 1941 134 64 tamen
1615 1941 104 64 non
1675 1941 164 64 variant
1794 1941 179 64 rationem
1913 1941 90 64 for-

1213 1990 163 64 malem
1303 1990 109 64 etc.

1261 2030 115 83 ¶
1307 2030 161 83 Sed
1399 2030 207 83 quare
1537 2030 276 83 dicuntur
1744 2030 184 83 modi
1836 2030 161 83 intri

1220 2089 116 56 seci.
1298 2089 90 56 cum
1349 2089 90 56 non
1401 2089 103 56 sunt
1466 2089 78 56 de
1504 2089 142 56 ratione
1608 2089 142 56 formali
1711 2089 194 56 quiditatis.
1866 2089 90 56 sed
1905 2089 103 56 tantum

1212 2136 118 49 sunt
1286 2136 118 49 modi
1360 2136 206 49 quiditatis
1522 2136 192 49 Respondet
1669 2136 133 49 Fran.
1757 2136 147 49 ibidem
1861 2136 118 49 quod
1920 2136 88 49 ideo

1225 2173 107 55 quia
1292 2173 147 55 intrant
1399 2173 187 55 quiditatem
1546 2173 161 55 aliquam.
1666 2173 94 55 nec
1720 2173 174 55 differunt
1853 2173 80 55 ab
1894 2173 107 55 illa
1947 2173 67 55 sal

1226 2216 101 49 tem
1283 2216 203 49 formaliter
1443 2216 116 49 siue
1515 2216 232 49 quiditatiue.
1703 2216 87 49 Et
1747 2216 116 49 ideo
1819 2216 174 49 dicuntur
1935 2216 72 49 mo-

1213 2259 86 62 di
1256 2259 201 62 intrinseci
1414 2259 100 62 non
1471 2259 215 62 extrinseci.
1643 2259 72 62 ¶
1672 2259 86 62 Ad
1715 2259 115 62 idem
1787 2259 144 62 infra.
1887 2259 86 62 §.
1916 2259 86 62 vii.

1212 2306 134 58 ¶
1266 2306 187 58 Qui
1373 2306 160 58 et
1453 2306 267 58 quales
1640 2306 214 58 modi
1747 2306 267 58 dicuntur

1216 2362 207 44 intrinseci.
1382 2362 110 44 Nota
1451 2362 166 44 secundum
1575 2362 83 44 e.
1617 2362 124 44 Fran.
1699 2362 138 44 mayro.
1796 2362 152 44 ibidem.
1906 2362 69 44 ¶
1920 2362 83 44 Pri-

1217 2402 92 46 mo.
1269 2402 105 46 Quod
1335 2402 92 46 ens
1388 2402 171 46 diuiditur
1519 2402 171 46 aliquando
1650 2402 79 46 in
1690 2402 171 46 positiuum
1821 2402 79 46 et
1847 2402 158 46 privatiuum

1228 2443 83 54 vt
1270 2443 83 54 in
1311 2443 110 54 vnum
1380 2443 83 54 et
1421 2443 138 54 multa.
1518 2443 152 54 creatum
1628 2443 83 54 et
1670 2443 179 54 increatum
1808 2443 110 54 etc.
1863 2443 152 54 Aliquando

1227 2497 118 47 autem
1306 2497 171 47 diuiditur
1437 2497 79 47 in
1476 2497 210 47 differentias
1647 2497 131 47 quarum
1739 2497 144 47 vtraque
1844 2497 92 47 est
1884 2497 131 47 positiua

1226 2529 75 49 vt
1264 2529 125 49 quando
1352 2529 163 49 diuiditur
1477 2529 88 49 per
1527 2529 163 49 absolutum
1652 2529 75 49 et
1690 2529 200 49 respectiuum.
1852 2529 163 49 Aliquando
1965 2529 50 49 ve

1216 2576 87 43 ro
1260 2576 102 43 per
1318 2576 247 43 differentias.
1522 2576 145 43 quarum
1624 2576 102 43 vna
1682 2576 102 43 est
1740 2576 233 43 quiditatiua.
1915 2576 87 43 alte

1217 2614 95 43 ra
1265 2614 111 43 non
1328 2614 237 43 quiditatiua
1518 2614 95 43 vt
1565 2614 95 43 in
1613 2614 237 43 substantiam
1802 2614 95 43 et
1834 2614 174 43 accidens.

1213 2652 195 55 Aliquando
1363 2652 90 55 in
1408 2652 239 55 differentias
1602 2652 150 55 quarum
1707 2652 150 55 neutra
1812 2652 105 55 est
1856 2652 150 55 quidita-

1203 2696 132 58 tiua
1285 2696 148 58 sicut
1384 2696 181 58 finitum
1515 2696 99 58 et
1565 2696 230 58 infinitum.
1746 2696 132 58 Ista
1828 2696 115 58 non
1877 2696 132 58 variat
