2238 3289
384 246 341 148 Odi
579 246 487 148 quibus
871 246 292 148 ali-

457 376 84 63 m
491 376 84 63 §
525 376 118 63 qua
592 376 203 63 dicuntur
744 376 135 63 esse
828 376 169 63 eadem.
947 376 118 63 vel
1014 376 135 63 idem
1082 376 84 63 aut

584 418 101 44 vnum:
651 418 90 44 sunt
708 418 79 44 duo
753 418 68 44 in
786 418 135 44 generali
888 418 135 44 secundum
989 418 180 44 philosophum.
1124 418 45 44 v.

373 442 135 61 Meta.
463 442 120 61 quia
538 442 105 61 aut
598 442 180 61 dicuntur
733 442 135 61 eadem
824 442 180 61 secundum
959 442 195 61 accidens.
1094 442 75 61 aut

387 497 159 51 secundum
506 497 93 51 se.
559 497 80 51 Et
599 497 172 51 quodlibet
731 497 146 51 istorum
838 497 119 51 habet
917 497 106 51 tres
983 497 119 51 modos
1063 497 80 51 in
1089 497 80 51 spe-

395 544 127 53 ciali.
484 544 102 53 ergo
548 544 115 53 erunt
624 544 102 53 sex.
688 544 89 53 Nam
739 544 153 53 secundum
854 544 153 53 accidens
968 544 127 53 aliqua
1045 544 127 53 dicuntur

386 583 156 45 eadem.
496 583 141 45 Primo
590 583 125 45 idem
668 583 188 45 subiecto
809 583 141 45 sicut
903 583 141 45 album
997 583 94 45 et
1028 583 125 45 musici

382 625 168 47 dicuntur
508 625 126 47 eadem
592 625 84 47 si
634 625 140 47 insunt
732 625 154 47 socrati
844 625 154 47 Secundo
956 625 168 47 dicuntur
1068 625 98 47 eadem

384 670 150 44 quorum
489 670 120 44 vnum
564 670 165 44 accidit
684 670 150 44 alteri
790 670 135 44 sicut
880 670 135 44 album
970 670 105 44 est
1030 670 120 44 idem
1090 670 75 44 Sor

383 712 80 51 ti
423 712 80 51 si
463 712 107 51 sibi
530 712 134 51 insit.
624 712 134 51 Tertio
717 712 187 51 econuerso.
865 712 134 51 quando
958 712 120 51 illud
1039 712 94 51 cui
1079 712 80 51 acci

395 752 92 49 dit
448 752 145 49 alterum
553 752 145 49 dicitur
658 752 105 49 idem
724 752 184 49 accidenti.
869 752 119 49 sicut
948 752 132 49 sortes
1040 752 92 49 est
1080 752 79 49 idem

386 795 105 46 albo
452 795 118 46 sorti
531 795 105 46 etc.
596 795 66 46 ¶
623 795 105 46 Item
688 795 158 46 secundum
807 795 79 46 se
846 795 132 46 aliqua
938 795 158 46 dicuntur
1057 795 132 46 eadem.

391 833 150 56 Primo
491 833 150 56 eadem
591 833 183 56 numero.
724 833 183 56 Secundo
857 833 150 56 eadem
957 833 183 56 specie.
1073 833 83 56 Ter

393 880 108 45 tio
454 880 138 45 eadem
546 880 169 45 genere.
670 880 92 45 Et
716 880 138 45 licet
808 880 169 45 possint
931 880 123 45 poni
1008 880 154 45 plures
1100 880 62 45 mo

385 923 87 72 di
429 923 116 72 idem
502 923 131 72 sicut
589 923 87 72 et
632 923 131 72 vnius
719 923 131 72 tamen
806 923 203 72 reducuntur
966 923 87 72 ad
1009 923 145 72 istos.
1096 923 73 72 Hec

383 958 111 78 v.
421 958 259 78 Metaphysice.

520 969 276 133 Bdi
677 969 395 133 quibus
914 969 237 133 ali-

450 1087 89 76 im
495 1087 104 76 qua
554 1087 178 76 dicuntur
688 1087 178 76 opposita
821 1087 119 76 sunt
896 1087 178 76 quattuor
1014 1087 149 76 secundum

564 1135 189 60 philosophum
716 1135 101 60 lib.
779 1135 265 60 praedicamentorum.
1006 1135 114 60 Primo
1069 1135 101 60 quidam

360 1178 106 51 uut
420 1178 182 51 opposita
557 1178 272 51 contradictorie
784 1178 91 51 vt
829 1178 106 51 ens
890 1178 91 51 et
935 1178 151 51 nihil.
1026 1178 136 51 Secundo

391 1229 138 48 quedam
488 1229 179 48 contrarie
626 1229 83 48 vt
667 1229 124 48 album
750 1229 83 48 et
792 1229 138 48 nigrum
888 1229 124 48 sanum
971 1229 83 48 et
1012 1229 138 48 egrum.
1095 1229 83 48 etc.

389 1267 165 54 Tertio
505 1267 165 54 quedam
621 1267 215 54 privatiue
786 1267 99 54 vt
836 1267 165 54 videns
951 1267 99 54 et
1001 1267 149 54 cecum
1083 1267 83 54 vel

393 1300 148 76 visio
491 1300 98 76 et
540 1300 197 76 cecitas.
688 1300 164 76 Quarto
803 1300 164 76 quedam
918 1300 213 76 relatiue.
1082 1300 98 76 vt
1114 1300 66 76 pa

385 1344 120 63 ter
436 1344 154 63 filius.

551 1399 255 85 Bdi
696 1399 546 85 perseitatis

417 1463 75 83 mm
454 1463 87 83 vel
504 1463 125 83 ipsius
591 1463 87 83 per
641 1463 75 83 se
679 1463 225 83 praedicationis
866 1463 150 83 secundum
978 1463 200 83 philosophum.
1128 1463 50 83 i.

582 1525 157 58 Poste.
692 1525 110 58 et.
755 1525 94 58 v.
802 1525 141 58 Meta.
896 1525 126 58 sunt
975 1525 188 58 quattuor
1100 1525 79 58 qui

377 1566 144 44 etiam
473 1566 192 44 dicuntur
617 1566 128 44 modi
697 1566 112 44 rei
761 1566 192 44 secundum
905 1566 112 44 se.
969 1566 160 44 Primus
1065 1566 112 44 modus

389 1610 89 50 est
440 1610 76 50 vt
478 1610 114 50 dicit
554 1610 190 50 philosophus
706 1610 89 50 dum
757 1610 165 50 quecumque
883 1610 139 50 insunt:
985 1610 101 50 ipsa
1048 1610 76 50 in
1073 1610 89 50 ratio

391 1651 84 49 ne
433 1651 112 49 quod
503 1651 112 49 quid
573 1651 98 49 est
629 1651 154 49 insunt.
741 1651 84 49 vt
783 1651 182 49 trianguli
922 1651 98 49 est
978 1651 140 49 linea.
1076 1651 84 49 et
1104 1651 70 49 pum

387 1690 118 50 ctus
461 1690 148 50 linee.
565 1690 118 50 vnde
639 1690 178 50 secundum
772 1690 133 50 Fran.
861 1690 148 50 Mayro.
965 1690 89 50 et
994 1690 178 50 communiter

378 1734 186 44 Scotis.
513 1734 135 44 Iste
597 1734 152 44 modus
699 1734 202 44 partinet
850 1734 135 44 mere
935 1734 101 44 ad
969 1734 202 44 quiditater

390 1777 131 53 quia
472 1777 214 53 accipitur
636 1777 148 53 prout
735 1777 230 53 diffinitio
915 1777 246 53 quiditatiua
1096 1777 82 53 vel

394 1817 120 57 pars
469 1817 165 57 eiusdem
589 1817 255 57 diffinitionis
798 1817 165 57 dicitur
918 1817 90 57 de
963 1817 210 57 diffinito.
1113 1817 60 57 vt

391 1861 118 50 homo
465 1861 103 50 est
524 1861 147 50 animal
627 1861 192 50 rationale
774 1861 88 50 et
818 1861 206 50 huiusmodi.
981 1861 177 50 Secundus
1098 1861 74 50 mo-

396 1897 115 61 dus
461 1897 165 61 quando
577 1897 165 61 aliqua
692 1897 165 61 insunt
807 1897 132 61 ipsa
890 1897 181 61 ratione
1005 1897 165 61 essentia

400 1950 89 49 li
445 1950 104 49 vel
504 1950 223 49 quiditatiua
682 1950 134 49 primo
771 1950 89 49 et
816 1950 208 49 immediate:
979 1950 89 49 vt
1024 1950 134 49 color
1098 1950 74 49 su-

401 1982 200 52 perficiei.
558 1982 86 52 et
601 1982 100 52 sic
658 1982 129 52 etiam
744 1982 243 52 propositiones
943 1982 186 52 immediate
1072 1982 100 52 dicun

400 2033 96 48 tur
455 2033 96 48 per
510 2033 96 48 se.
566 2033 110 48 puta
635 2033 96 48 vbi
690 2033 207 48 praedicatur
855 2033 110 48 idem
924 2033 83 48 de
965 2033 96 48 se.
1020 2033 138 48 vicem.
1103 2033 69 48 di-

389 2075 140 43 cendo
483 2075 125 43 homo
561 2075 109 43 est
623 2075 140 43 homo.
717 2075 172 43 dicitur
842 2075 109 43 per
904 2075 94 43 se
951 2075 140 43 vera.
1044 2075 125 43 quia
1107 2075 62 43 hu

388 2110 104 52 ius
448 2110 252 52 propositionis
655 2110 134 52 nulla
744 2110 104 52 est
804 2110 148 52 causa.
908 2110 134 52 licet
997 2110 148 52 huius.
1086 2110 89 52 homo

391 2157 95 45 est
446 2157 135 45 animal
540 2157 176 45 rationale
675 2157 95 45 sit
729 2157 122 45 causa
810 2157 162 45 scilicet
932 2157 81 45 vt
972 2157 95 45 sit
1026 2157 81 45 ad
1067 2157 95 45 dei
1107 2157 68 45 ima

397 2202 156 48 ginem
501 2202 312 48 beatificabilis
761 2202 191 48 Tertius
899 2202 156 48 modus
1003 2202 121 48 est
1055 2202 104 48 quo-

389 2247 126 42 pria
468 2247 157 42 passio
578 2247 110 42 per
641 2247 94 42 se
688 2247 141 42 inest
782 2247 189 42 subiecto
924 2247 94 42 vt
971 2247 173 42 hominem
1081 2247 94 42 esse

391 2285 239 50 risibilem.
578 2285 187 50 Quartus
715 2285 153 50 modus
817 2285 119 50 quo
885 2285 119 50 per
953 2285 119 50 se:
1005 2285 170 50 signifi-

386 2324 115 46 cat
451 2324 247 46 solitudinem
649 2324 99 46 vt
698 2324 132 46 homo
780 2324 148 46 solus
879 2324 181 46 dicitur
1011 2324 115 46 per
1076 2324 99 46 se
1109 2324 66 46 et

397 2365 77 56 sic
441 2365 99 56 patet
507 2365 66 56 ex
529 2365 142 56 philosopho.

513 2396 297 116 Bdi
682 2396 424 116 quibus
937 2396 254 116 dici

521 2484 77 71 Itur
569 2484 115 71 secundum
655 2484 77 71 quid
703 2484 86 71 sunt:
761 2484 124 71 quittuor.
856 2484 57 71 vt
885 2484 86 71 patet
942 2484 115 71 secundum
1028 2484 57 71 e.
1048 2484 124 71 philosophum

544 2540 145 48 Primus
646 2540 102 48 est
704 2540 174 48 secundum
835 2540 218 48 habitudinem
1009 2540 131 48 cause
1082 2540 87 48 fori

388 2548 127 84 malis.
477 2548 76 84 vt
515 2548 102 84 homo
579 2548 140 84 dicitur
681 2548 114 84 bonus
757 2548 152 84 secundum
871 2548 178 84 bonitatem.
1011 2548 152 84 Secundus
1112 2548 64 84 est

398 2626 76 55 vt
436 2626 114 55 dicit
512 2626 190 55 habitudinem
664 2626 139 55 proximi
765 2626 177 55 susceptiui
904 2626 76 55 vt
942 2626 139 55 aliquid
1043 2626 139 55 dicitur
1131 2626 51 55 al

396 2664 93 67 bum
449 2664 159 67 secundum
568 2664 199 67 superficiem
727 2664 93 67 que
780 2664 80 67 de
820 2664 146 67 proximo
926 2664 159 67 suscipit
1032 2664 146 67 albedinem

1214 270 68 70 a
1242 270 95 70 qua
1296 270 204 70 denominatur
1460 270 95 70 res
1514 270 123 70 alba.
1596 270 150 70 Tertius
1705 270 95 70 est
1759 270 164 70 secundum
1882 270 109 70 quid
1937 270 55 70 mi

1221 329 107 45 dus
1282 329 107 45 qui
1343 329 259 45 vniuersaliter
1556 329 137 45 dicit
1647 329 228 45 habitudinem
1814 329 183 45 cuiusliber

1223 374 124 50 cause
1306 374 124 50 prout
1388 374 151 50 dicimus
1499 374 165 50 secundum
1622 374 110 50 quid
1691 374 138 50 docuit
1788 374 110 50 ille
1843 374 151 50 grammati-

1228 417 111 47 cus.
1298 417 97 47 hoc
1353 417 97 47 est
1409 417 167 47 secundum
1534 417 125 47 modum
1618 417 195 47 grammatice
1771 417 153 47 sancie.
1869 417 125 47 Quartus

1215 459 88 47 est
1266 459 114 47 prout
1342 459 177 47 significat
1481 459 177 47 positionem
1620 459 76 47 et
1658 459 126 47 locum.
1746 459 76 47 vt
1784 459 88 47 cum
1835 459 139 47 dicitur
1923 459 76 47 iste

1211 498 169 49 secundum
1337 498 112 49 hunc
1408 498 84 49 id
1450 498 98 49 est
1506 498 126 49 iuxta
1590 498 112 49 huc.
1661 498 84 49 Et
1703 498 112 49 iste
1773 498 126 49 modus
1857 498 126 49 magis
1928 498 84 49 appa

1220 537 99 68 ret
1277 537 85 68 in
1319 537 170 68 idiomate
1447 537 142 68 greco.
1546 537 99 68 Hec
1603 537 128 68 etiam
1688 537 227 68 philosophus.
1872 537 85 68 v.
1901 537 99 68 Meta.

1223 606 116 93 ¶
1269 606 139 93 De
1339 606 208 93 modis
1478 606 324 93 plurimorum
1732 606 255 93 aliorum
1894 606 116 93 ver

1215 677 109 56 borum
1288 677 85 56 vel
1336 677 158 56 dictionum
1458 677 73 56 et
1494 677 194 56 sententiarum
1652 677 182 56 partranseo.
1798 677 85 56 tum
1846 677 97 56 quia
1907 677 85 56 non
1943 677 61 56 tam

1223 722 130 50 sunt
1304 722 228 50 necessarii
1483 722 98 50 in
1532 722 179 50 materia
1662 722 244 50 theologica.
1857 722 114 50 Tum
1905 722 98 50 quia

1232 766 113 45 etsi
1303 766 213 45 occurrerent
1473 766 85 45 in
1515 766 142 45 aliquo
1614 766 128 45 passu
1699 766 198 45 theologico
1855 766 99 45 ibi
1898 766 113 45 suffi-

1225 810 163 53 cienter
1344 810 163 53 patebit
1462 810 89 53 de
1506 810 104 53 eis
1565 810 163 53 quantum
1684 810 207 53 partinebit
1846 810 89 53 ad
1876 810 133 53 nostrum

1188 847 233 76 ppositum.

1368 906 408 78 ralis
1640 906 317 78 dei
1775 906 227 78 mos

1379 977 159 50 sbonus.
1494 977 101 50 Tex
1552 977 87 50 et
1595 977 202 50 consuetudo
1754 977 159 50 quomodo
1855 977 144 50 differre

1359 1020 185 51 habeant.
1498 1020 93 51 Et
1544 1020 170 51 plurima
1668 1020 139 51 circa
1760 1020 108 51 hec
1806 1020 201 51 partinentia

1217 1068 110 56 vide
1286 1068 96 56 vbi
1341 1068 164 56 Bonitas.
1464 1068 110 56 iii.
1532 1068 164 56 scilicet
1656 1068 164 56 moralis.
1779 1068 82 56 §.
1820 1068 96 56 xi.
1875 1068 82 56 et
1902 1068 110 56 sequen

1218 1102 140 69 tibus
1312 1102 109 69 per
1359 1102 125 69 totum.

1381 1162 330 91 btus
1587 1162 289 91 dei
1711 1162 289 91 muta-

1286 1237 78 68 m
1318 1237 125 68 Itio
1396 1237 250 68 distinguitur
1599 1237 156 68 duplex
1708 1237 141 68 sicut
1802 1237 94 68 et
1849 1237 156 68 actio.
1943 1237 62 68 vt

1320 1278 195 59 tractat
1462 1278 159 59 Fran.
1568 1278 177 59 mayro.
1692 1278 106 59 in
1745 1278 213 59 conflat.
1887 1278 124 59 primi

1219 1300 210 78 distinct.
1381 1300 162 78 xxrii.
1494 1300 113 78 Una
1559 1300 113 78 est
1624 1300 178 78 mutatio
1753 1300 146 78 motus
1850 1300 113 78 vel
1899 1300 113 78 actio

1221 1358 180 61 physica.
1356 1358 120 61 Alia
1431 1358 105 61 est
1491 1358 240 61 metaphysica.
1685 1358 135 61 Prima
1775 1358 180 61 scilicet
1895 1358 105 61 actio

1217 1413 204 48 phhsophyca
1378 1413 175 48 requirit
1509 1413 233 48 determinatum
1699 1413 131 48 situm
1786 1413 131 48 inter
1874 1413 131 48 agens
1947 1413 58 48 et

1213 1451 193 54 patiens.
1358 1451 145 54 Actio
1454 1451 145 54 autem
1551 1451 242 54 metaphysica
1744 1451 209 54 abstrahit
1905 1451 97 54 ab
1938 1451 64 54 o-

1223 1495 111 46 mni
1286 1495 127 46 situ
1366 1495 95 46 et
1413 1495 142 46 loco.
1508 1495 95 46 Si
1555 1495 127 46 enim
1634 1495 142 46 omnis
1729 1495 142 46 situs
1824 1495 95 46 et
1872 1495 142 46 locus
1951 1495 63 46 de

1223 1529 235 54 strueretur:
1411 1529 141 54 adhuc
1505 1529 172 54 angelus
1630 1529 94 54 se
1677 1529 266 54 intelligeret.
1896 1529 94 54 Et
1928 1529 78 54 ta-

1233 1573 94 48 is
1280 1573 141 48 actio
1375 1573 110 48 est
1437 1573 94 48 in
1484 1573 267 48 quantuncumque
1704 1573 188 48 distans.
1845 1573 110 48 Nam
1908 1573 94 48 si
1940 1573 78 48 vna

1228 1614 151 55 albedo
1334 1614 167 55 ponatur
1455 1614 91 55 in
1500 1614 167 55 oriente
1622 1614 91 55 et
1667 1614 121 55 alia
1743 1614 91 55 in
1788 1614 197 55 occidente
1924 1614 76 55 pro

1222 1655 170 53 ducitur
1345 1655 170 53 relatio
1469 1655 262 53 similitudinis
1685 1655 139 53 inter
1777 1655 108 53 eas
1839 1655 108 53 nec
1901 1655 93 53 ex
1932 1655 77 53 hoc

1220 1696 204 49 mutantur
1373 1696 136 49 ipse
1458 1696 238 49 albedines.
1644 1696 85 49 ¶
1678 1696 102 49 Ex
1729 1696 119 49 his
1797 1696 136 49 ergo
1865 1696 153 49 notanda

1226 1736 139 58 sunt
1312 1736 121 58 duo
1382 1736 225 58 documenta
1555 1736 225 58 generalia
1729 1736 87 58 ¶
1763 1736 139 58 Unum
1850 1736 121 58 est
1902 1736 104 58 quod

1225 1782 248 51 relationes
1420 1782 106 51 in
1473 1782 159 51 rebus
1579 1782 248 51 inducuntur
1774 1782 142 51 sine
1845 1782 177 51 mutatio-

1221 1823 82 60 ne
1262 1823 233 60 philosophica.
1454 1823 96 60 sed
1509 1823 96 60 non
1564 1823 110 60 sine
1633 1823 178 60 mutatione
1770 1823 219 60 metaphysica.
1934 1823 69 60 imo

1229 1867 184 52 videtur
1363 1867 201 52 mirabile
1513 1867 134 52 quod
1597 1867 150 52 totum
1697 1867 217 52 vniuersum
1848 1867 167 52 continue

1220 1904 111 61 sit
1284 1904 96 61 in
1332 1904 159 61 fluxum
1443 1904 96 61 et
1491 1904 96 61 in
1538 1904 191 61 continuo
1682 1904 143 61 motu.
1777 1904 96 61 et
1825 1904 127 61 moto
1905 1904 111 61 vno
1952 1904 64 61 mo

1231 1956 178 50 uentur
1356 1956 161 50 omnia
1463 1956 178 50 saltem
1588 1956 196 50 motione
1731 1956 268 50 metaphysica
1927 1956 89 50 non

1225 1991 132 54 tamen
1314 1991 162 54 motione
1431 1991 250 54 philosophica.
1637 1991 132 54 Istud
1726 1991 132 54 autem
1814 1991 103 54 non
1873 1991 103 54 est
1917 1991 103 54 incon

1230 2037 176 47 ueniens
1358 2037 176 47 quantum
1486 2037 96 47 ad
1534 2037 224 47 relationes
1711 2037 112 47 vel
1775 2037 208 47 respectus
1919 2037 96 47 siue

1224 2075 246 47 habitudies.
1421 2075 115 47 imo
1486 2075 115 47 hoc
1552 2075 115 47 est
1618 2075 246 47 necessarium
1815 2075 131 47 quia
1897 2075 99 47 in
1930 2075 82 47 quo

1227 2117 141 55 libet
1321 2117 188 55 instanti
1462 2117 188 55 quelibet
1603 2117 109 55 res
1665 2117 219 55 temporalis
1837 2117 141 55 habet
1915 2117 94 55 ali-

1229 2165 101 54 am
1280 2165 101 54 et
1331 2165 152 54 aliam
1432 2165 254 54 habitudinem
1635 2165 101 54 ad
1686 2165 186 54 tempus.
1821 2165 101 54 et
1855 2165 152 54 quando.

1237 2201 91 48 et
1282 2201 212 48 respectus.
1449 2201 76 48 ¶
1479 2201 182 48 Secundum
1615 2201 121 48 est.
1691 2201 121 48 dato
1767 2201 121 48 quod
1842 2201 91 48 in
1888 2201 91 48 se
1918 2201 91 48 deus

1218 2239 247 59 referretur
1412 2239 106 59 de
1465 2239 141 59 nouo
1553 2239 106 59 ad
1606 2239 247 59 creaturam:
1800 2239 159 59 adhuc
1889 2239 123 59 nulla

1230 2288 120 45 esset
1309 2288 80 45 in
1349 2288 93 45 deo
1403 2288 146 45 mutatio
1509 2288 146 45 realis.
1615 2288 93 45 sed
1668 2288 186 45 tantummodo
1815 2288 160 45 secundum
1934 2288 106 45 quid

1233 2327 112 70 que
1297 2327 112 70 non
1361 2327 112 70 est
1425 2327 176 70 mutatio
1553 2327 144 70 vera.
1650 2327 96 70 vt
1698 2327 160 70 patuit
1810 2327 160 70 supra.
1922 2327 96 70 c.
1954 2327 64 70 Im

1228 2371 292 48 mutabilitas.
1465 2371 110 48 §.
1520 2371 110 48 x.
1575 2371 110 48 Ad
1630 2371 128 48 hec
1703 2371 128 48 vbi
1758 2371 146 48 Mobile

1391 2433 391 77 Adndus
1626 2433 391 77 distigun

1414 2502 78 55 tur
1458 2502 122 55 triplex
1547 2502 133 55 secundum
1647 2502 166 55 philosophos
1780 2502 67 55 vt
1813 2502 100 55 ponit
1880 2502 100 55 Guil.
1935 2502 78 55 super

1412 2543 116 56 primo
1490 2543 116 56 dist.
1567 2543 77 56 xl
1606 2543 116 56 viii.
1683 2543 103 56 siue
1748 2543 194 56 tripliciter
1890 2543 116 56 capitur

1214 2569 239 62 mundus.
1388 2569 152 62 Uno
1475 2569 174 62 modo
1583 2569 152 62 pro
1670 2569 195 62 mundo
1778 2569 239 62 architypo

1218 2632 124 43 seu
1289 2632 231 43 exemplari
1467 2632 107 43 Ab
1520 2632 178 43 archos
1645 2632 142 43 quod
1734 2632 124 43 est
1805 2632 213 43 princeps
1947 2632 71 43 et

1217 2669 178 74 typus
1336 2669 158 74 quod
1435 2669 138 74 est
1514 2669 198 74 mundus
1652 2669 178 74 quasi
1770 2669 198 74 mundus
1889 2669 138 74 prin
