2281 3312
146 304 86 80 do
189 304 201 80 communiter
346 304 100 80 pro
404 304 115 80 omni
475 304 215 80 manuductiuo
648 304 143 80 nostri
734 304 186 80 intellectus

153 350 93 77 in
199 350 232 77 cognitionem
385 350 217 77 diuinorum.
555 350 124 77 Isto
632 350 124 77 modo
709 350 124 77 sunt
771 350 155 77 infinite

152 397 202 68 notiones.
308 397 124 68 quia
386 397 187 68 quelibet
526 397 187 68 creatura
666 397 156 68 potest
774 397 109 68 nos
821 397 109 68 manu-

148 434 151 77 ducere
254 434 91 77 in
299 434 182 77 generali
435 434 91 77 ad
481 434 242 77 cognoscendum
678 434 136 77 deum.
768 434 91 77 et
814 434 106 77 sic
859 434 76 77 an-

150 475 150 76 tiqui
251 475 134 76 doc.
334 475 201 76 ponebant
485 475 201 76 notiones
635 475 217 76 infinitas
802 475 117 76 sed
852 475 84 76 ni-

145 522 111 71 mis
208 522 205 71 improprie
366 522 79 71 ¶
398 522 174 71 Secundo
524 522 126 71 modo
603 522 174 71 dicitur
730 522 142 71 notio
809 522 126 71 impro-

160 570 101 63 prie
224 570 152 63 secundum
338 570 139 63 numerum
439 570 165 63 diuinarum
566 570 177 63 personarum
705 570 139 63 accepta
807 570 89 63 ita
845 570 76 63 quod

158 612 131 66 sicut
246 612 116 66 tres
318 612 160 66 persone
434 612 116 66 sunt
507 612 131 66 note.
594 612 102 66 sic
652 612 116 66 tres
725 612 116 66 sunt
783 612 145 66 notiones

154 650 135 68 quibus
248 650 175 68 noscuntur
383 650 162 68 scilicet
504 650 202 68 ingeneratio
666 650 81 68 in
706 650 135 68 patre.
800 650 81 68 et
827 650 108 68 genera

161 688 86 70 tio
210 688 73 70 in
246 688 122 70 filio.
332 688 73 70 et
369 688 159 70 processio
491 688 73 70 in
528 688 135 70 spiritu
626 688 135 70 sancto.
724 688 110 70 Sicut
797 688 110 70 dicit
858 688 86 70 Dama-

157 727 112 75 sce.
227 727 112 75 lib.
297 727 84 75 i.
340 727 84 75 c.
382 727 126 75 viii.
466 727 126 75 Omnia
550 727 141 75 inquit
649 727 84 75 in
691 727 155 75 diuinis
803 727 112 75 sunt
860 727 84 75 vnum

167 783 162 67 praeter
285 783 264 67 ingenerationem
505 783 235 67 generationem
696 783 88 67 et
726 783 220 67 processionem.

171 809 102 81 Et
222 809 137 81 isto
307 809 137 81 modo
393 809 239 81 acceperunt
581 809 188 81 antiqui
717 809 171 81 quidam
819 809 137 81 docto-

176 851 115 78 res
241 851 197 78 notionem
389 851 115 78 sed
455 851 148 78 adhuc
554 851 214 78 improprie
719 851 132 78 etc.
801 851 82 78 ¶
817 851 132 78 Tertio

172 896 106 78 modo
238 896 120 78 notio
318 896 146 78 capitur
424 896 160 78 proprie.
544 896 80 78 et
584 896 93 78 sic
637 896 146 78 dicitur
744 896 160 78 quelibet
850 896 93 78 diui-

176 936 89 74 na
221 936 208 74 originatio
384 936 119 74 siue
459 936 163 74 dicatur
577 936 178 74 negatiue
711 936 134 74 sicut
786 936 163 74 innascibi

170 979 138 75 litas
262 979 123 75 siue
338 979 230 75 affirmatiue
522 979 138 75 sicut
615 979 153 75 cetere
722 979 184 75 notiones
845 979 107 75 Ponum

184 1028 90 73 tur
235 1028 103 73 enim
300 1028 64 73 a
325 1028 167 73 magistris
453 1028 167 73 communius
581 1028 128 73 tantum
671 1028 141 73 quinque
774 1028 154 73 notiones
876 1028 77 73 pro-

185 1068 110 74 prie.
258 1068 73 74 et
294 1068 85 74 sic
343 1068 158 74 ordinatur
465 1068 97 74 quod
526 1068 97 74 tres
587 1068 97 74 sunt
648 1068 73 74 in
684 1068 122 74 patre.
769 1068 146 74 scilicet
867 1068 85 74 imna-

177 1106 203 78 scibilitas
336 1106 87 78 et
379 1106 188 78 generatio
524 1106 145 78 actiua
625 1106 87 78 et
669 1106 174 78 spiratio
799 1106 145 78 actia.
886 1106 72 78 Iem

180 1150 95 68 due
235 1150 109 68 sunt
303 1150 82 68 in
344 1150 136 68 filio.
439 1150 163 68 scilicet
561 1150 177 68 generatio
697 1150 163 68 passiua.
820 1150 82 68 et
847 1150 109 68 spira-

185 1193 81 73 tio
232 1193 127 73 actiua.
324 1193 127 73 Denique
416 1193 104 73 vnica
485 1193 127 73 ponitur
577 1193 69 73 in
612 1193 127 73 spiritu
704 1193 127 73 sancto.
796 1193 138 73 scilicet
888 1193 69 73 spi-

192 1235 150 81 ratio
293 1235 200 81 passiua.
443 1235 84 81 ¶
476 1235 100 81 Ad
526 1235 117 81 hec
593 1235 150 81 plura
693 1235 117 81 vbi
744 1235 200 81 Ingenitum.

242 1288 105 74 ¶
284 1288 126 74 An
347 1288 189 74 notio
473 1288 126 74 et
536 1288 231 74 relatio
703 1288 126 74 et
745 1288 210 74 proprie-

202 1329 88 78 tas
253 1329 164 78 differant
379 1329 76 78 in
417 1329 139 78 diuinis
518 1329 189 78 Respondetur
669 1329 151 78 secundum
783 1329 114 78 Guil.
858 1329 114 78 supra
922 1329 50 78 et

196 1381 97 80 Tho.
256 1381 73 80 in
293 1381 133 80 scripto
390 1381 109 80 primi
462 1381 73 80 e.
499 1381 109 80 dist.
571 1381 85 80 vi.
620 1381 73 80 q.
656 1381 73 80 v.
692 1381 97 80 quod
753 1381 97 80 ista
814 1381 97 80 tria
862 1381 109 80 praedi-

207 1418 100 75 cta
264 1418 114 75 sunt
335 1418 114 75 idem
407 1418 100 75 re.
464 1418 100 75 sed
521 1418 171 75 differut
649 1418 114 75 rone
721 1418 86 75 in
764 1418 100 75 hoc
821 1418 114 75 quod
878 1418 100 75 rela-

210 1461 105 70 tio
270 1461 165 70 dicitur
390 1461 180 70 relatiue
526 1461 90 70 ad
571 1461 120 70 suum
646 1461 180 70 terminum
781 1461 105 70 vel
827 1461 150 70 obiectum

212 1497 92 79 Sed
264 1497 183 79 proprietas
408 1497 144 79 dicitur
513 1497 170 79 inquantum
644 1497 183 79 constituit
788 1497 170 79 personam.
906 1497 65 79 Non

205 1544 99 72 tio
261 1544 113 72 vero
332 1544 155 72 dicitur
444 1544 183 72 inquantum
585 1544 127 72 ducit
670 1544 85 72 in
712 1544 211 72 cognitionem
867 1544 113 72 perso-

200 1590 83 70 ne
242 1590 152 70 divine.
352 1590 179 70 Exemplum.
490 1590 193 70 paternitas
642 1590 152 70 dicitur
752 1590 152 70 relatio
849 1590 138 70 secundum

214 1628 101 77 quod
277 1628 75 77 ad
315 1628 126 77 filium
403 1628 151 77 refertur
516 1628 75 77 Et
554 1628 138 77 dicitur
654 1628 176 77 proprietas
793 1628 163 77 inquantum
906 1628 75 77 soli

220 1670 145 78 patri
317 1670 210 78 conuenit.
478 1670 113 78 Sed
542 1670 177 78 dicitur
671 1670 145 78 notio
768 1670 210 78 inquantum
913 1670 81 78 no-

224 1735 145 59 tificat
329 1735 132 59 patrem
409 1735 79 59 etc.

238 1759 116 87 ¶
284 1759 185 87 Quid
400 1759 185 87 ergo
515 1759 208 87 etiam
654 1759 139 87 de
724 1759 231 87 numero
862 1759 139 87 pro-

245 1816 147 68 rietatum
355 1816 74 68 et
392 1816 184 68 relationum:
539 1816 184 68 Respondetur
686 1816 147 68 secundum
796 1816 110 68 Rich.
870 1816 74 68 e.
906 1816 86 68 di.
943 1816 49 68 Et

238 1860 105 70 Tho.
304 1860 79 70 ac
343 1860 132 70 Aureo.
435 1860 158 70 aliosque
554 1860 197 70 communiter.
712 1860 105 70 quod
777 1860 145 70 quamuis
869 1860 132 70 notiones

227 1902 131 79 sint.
315 1902 87 79 v.
358 1902 87 79 vt
402 1902 160 79 patuii.
518 1902 87 79 §.
562 1902 102 79 ii.
620 1902 204 79 Ueruntamen
780 1902 87 79 ex
824 1902 145 79 eisdem
911 1902 87 79 qui-

225 1953 116 69 quam
298 1953 203 69 notionibus
458 1953 116 69 tres
530 1953 174 69 dicuntur
661 1953 232 69 proprietates
835 1953 174 69 personales

226 1987 84 75 eo
268 1987 112 75 quod
338 1987 168 75 personas
465 1987 197 75 constinunt
619 1987 84 75 et
661 1987 98 75 eas
717 1987 154 75 proprie
815 1987 197 75 distinguunt.

236 2027 118 82 puta
310 2027 206 82 paternitas
472 2027 88 82 et
516 2027 162 82 fliatio
634 2027 88 82 et
679 2027 177 82 spiratio
811 2027 162 82 passiua
915 2027 88 82 siue

237 2070 210 79 processio.
402 2070 120 79 Alie
477 2070 135 79 autem
567 2070 105 79 due
627 2070 120 79 sunt
703 2070 240 79 proprietates
883 2070 135 79 persone

243 2112 103 70 sed
302 2112 103 70 non
361 2112 177 70 dicuntur
494 2112 221 70 proprieates
671 2112 221 70 personales.
848 2112 118 70 puta
907 2112 103 70 inna-

236 2160 226 68 scibilitas
413 2160 97 68 et
462 2160 194 68 communis
607 2160 178 68 iratio.
736 2160 145 68 Ratio
833 2160 145 68 huius
914 2160 97 68 est.

243 2192 110 85 quia
312 2192 193 85 proprietas
464 2192 193 85 personalis
616 2192 97 85 est
671 2192 110 85 illa
740 2192 97 85 que
795 2192 97 85 vni
850 2192 110 85 soli
906 2192 110 85 perso-

249 2239 92 72 ne
295 2239 200 72 conuenit.
448 2239 92 72 et
494 2239 107 72 eam
556 2239 92 72 ab
602 2239 138 72 otani
694 2239 123 72 alia
770 2239 169 72 persona
878 2239 138 72 distin-

255 2285 132 77 guit.
343 2285 132 77 sicut
431 2285 205 77 paternitas
592 2285 176 77 filiatia
724 2285 117 77 etc.
797 2285 103 77 Sed
841 2285 176 77 innascibus

247 2324 121 73 litas
327 2324 121 73 licet
408 2324 94 73 sit
462 2324 161 73 proprium
583 2324 148 73 persone
690 2324 148 73 patris.
798 2324 81 73 Et
838 2324 175 73 similiter
959 2324 67 73 con

248 2373 144 62 munis
344 2373 207 62 spiratio.
503 2373 144 62 Tamen
599 2373 112 62 non
663 2373 176 62 proprie
791 2373 96 62 et
823 2373 207 62 simpliciter

263 2406 146 82 dicuntur
372 2406 194 82 proprtetates
530 2406 85 82 sed
579 2406 146 82 secundum
688 2406 97 82 quid
749 2406 146 82 scilicet
858 2406 158 82 inquantum
967 2406 61 82 non

265 2450 197 79 conueniunt
420 2450 155 79 omnibus
532 2450 155 79 tribus.
644 2450 98 79 sed
701 2450 141 79 tantum
799 2450 155 79 duabus.
912 2450 112 79 puta
968 2450 56 79 in

283 2496 210 64 nascibilitas
454 2496 158 64 conuenit
572 2496 118 64 patri
650 2496 79 64 et
690 2496 118 64 etiam
769 2496 158 64 spiritui
887 2496 144 64 sancto:
979 2496 53 64 ad

285 2533 162 72 cipiendo
407 2533 271 72 innascibilitatem
637 2533 203 72 communiter.
800 2533 81 72 et
840 2533 162 72 communis
948 2533 95 72 spiri

279 2584 123 59 ratio
361 2584 164 59 conuenit
484 2584 123 59 patri
566 2584 82 59 et
607 2584 137 59 filio.
703 2584 109 59 ergo
771 2584 109 59 etc.
839 2584 68 59 ¶
866 2584 82 59 Ad
907 2584 96 59 hec
948 2584 96 59 etiam

283 2615 111 70 vbi
346 2615 237 70 Proprietas.
536 2615 95 70 §.
584 2615 142 70 iiii.
678 2615 79 70 ¶
710 2615 221 70 Relationes
884 2615 126 70 vero
947 2615 95 70 sunt

286 2659 128 69 tantum
376 2659 166 69 quattuor.
503 2659 102 69 Quia
567 2659 89 69 vna
618 2659 89 69 est
669 2659 128 69 patris
758 2659 77 69 ad
797 2659 128 69 filium
886 2659 153 69 scilicet
988 2659 64 69 pa-

298 2702 164 86 ternitas.
424 2702 139 86 Secunda
525 2702 88 86 est
576 2702 164 86 econuerso
702 2702 113 86 filii
777 2702 76 86 ad
815 2702 101 86 pate
878 2702 151 86 scilicet
979 2702 88 86 filia

972 274 94 75 tio.
1031 274 117 75 Tertia
1113 274 82 75 est
1160 274 117 75 patris
1242 274 70 75 et
1277 274 106 75 filii
1348 274 70 75 ad
1383 274 141 75 spiritum
1488 274 129 75 sanctum
1582 274 141 75 scilicet
1676 274 82 75 commu

976 335 96 61 nis
1031 335 179 61 spiratio.
1169 335 138 61 Quarta
1265 335 96 61 est
1320 335 179 61 econuerso
1458 335 165 61 spiritus
1581 335 138 61 sancti
1678 335 83 61 ad
1705 335 55 61 pa

978 369 96 63 trem
1038 369 72 63 et
1074 369 120 63 filium
1158 369 144 63 scilicet
1266 369 156 63 processio
1385 369 84 63 vel
1433 369 144 63 spiratio
1541 369 144 63 passiua.
1649 369 84 63 Nam
1685 369 72 63 inna

976 408 177 67 scibilitas
1115 408 139 67 proprie
1217 408 88 67 non
1267 408 88 67 est
1318 408 139 67 relatio
1419 408 88 67 sed
1469 408 139 67 privat.
1570 408 101 67 Unde
1634 408 88 67 pro
1672 408 88 67 captu

985 451 152 63 ecundum
1096 451 138 63 ordine
1192 451 193 63 numeralem:
1344 451 152 63 aduerte
1455 451 111 63 quod
1524 451 97 63 vna
1579 451 97 63 est
1635 451 124 63 notio
1704 451 55 63 in

981 494 126 78 spiritu
1072 494 114 78 sancto
1152 494 137 78 scilicet
1255 494 171 78 praecessio.
1392 494 80 78 due
1437 494 137 78 notiones
1540 494 91 78 sunt
1597 494 69 78 in
1631 494 103 78 filio
1688 494 69 78 tres

991 535 130 74 patre.
1082 535 143 74 Denique
1186 535 91 74 due
1238 535 91 74 ste
1290 535 182 74 propetates
1432 535 143 74 persone
1536 535 91 74 non
1588 535 117 74 tamen
1653 535 117 74 persona

976 579 104 67 les.
1041 579 104 67 tres
1106 579 104 67 ster
1171 579 209 67 proprietates
1341 579 196 67 personales.
1497 579 156 67 quattuor
1615 579 91 67 ste
1654 579 117 67 relatio

975 618 108 72 nes.
1043 618 81 72 et
1084 618 149 72 quinque
1192 618 108 72 sunt
1260 618 176 72 notiones.
1396 618 81 72 Ex
1436 618 136 72 dictis
1531 618 122 72 patet
1612 618 163 72 secundum
1721 618 54 72 Bo

975 662 146 70 nauem.
1078 662 88 70 e.
1122 662 102 70 di.
1180 662 102 70 vi.
1239 662 88 70 q.
1283 662 132 70 vlti.
1370 662 132 70 Ratio
1458 662 146 70 istius
1561 662 249 70 inequalitatis

989 703 165 66 numeri.
1109 703 120 66 quia
1184 703 135 66 nomen
1274 703 180 66 notionis
1408 703 105 66 est
1468 703 90 66 in
1513 703 120 66 plus
1588 703 120 66 quam
1648 703 135 66 relatio

988 745 101 72 nis
1045 745 87 72 et
1089 745 245 72 proprietatis.
1290 745 87 72 Et
1334 745 130 72 nomen
1420 745 202 72 relationis
1579 745 159 72 proprie
1680 745 115 72 loquin

988 785 84 73 do
1030 785 98 73 est
1086 785 84 73 in
1128 785 112 73 plus
1199 785 112 73 quam
1269 785 126 73 nomen
1353 785 239 73 proprietatis.
1550 785 112 73 vnde
1620 785 141 73 plures
1705 785 84 73 sunt

992 832 165 67 notiones
1116 832 110 67 quam
1185 832 206 67 relationes.
1349 832 82 67 et
1391 832 192 67 relationes
1542 832 137 67 plures
1638 832 110 67 sunt
1693 832 96 67 quam-

996 871 226 85 proprietates
1179 871 212 85 personales.
1349 871 99 85 Hec
1405 871 198 85 sufficiant
1561 871 99 85 quo
1617 871 85 85 ad
1645 871 85 85 hec.

1058 925 110 86 ¶
1102 925 155 86 Que
1190 925 331 86 requiruntur
1456 925 133 86 ad
1522 925 177 86 esse
1610 925 177 86 notio-

990 1002 102 58 nis
1049 1002 87 58 in
1092 1002 160 58 diuinis
1209 1002 87 58 ex
1252 1002 233 58 necessitate.
1441 1002 102 58 ita
1499 1002 116 58 quod
1572 1002 116 58 sine
1645 1002 131 58 illis
1717 1002 73 58 non

1012 1037 128 72 potest
1102 1037 103 72 dici
1166 1037 128 72 notio.
1256 1037 193 72 Respondetur
1410 1037 154 72 secundum
1526 1037 116 72 Rich.
1603 1037 77 72 e.
1641 1037 116 72 dist.
1705 1037 90 72 xxvi.

1007 1075 87 68 q.
1051 1075 131 68 vlti.
1138 1075 87 68 Et
1182 1075 116 68 Tho.
1255 1075 160 68 concor.
1371 1075 175 68 aliosque
1502 1075 116 68 quod
1575 1075 73 68 ¶
1604 1075 131 68 Primo
1677 1075 116 68 neces-

1011 1122 124 62 sario
1094 1122 193 62 requiritur
1246 1122 111 62 quod
1315 1122 97 62 sit
1370 1122 193 62 proprietas
1522 1122 180 62 pertinens
1661 1122 83 62 ad
1688 1122 97 62 origi

1016 1161 148 82 ginem.
1120 1161 119 82 quia
1194 1161 238 82 relationibus
1387 1161 178 82 originis
1521 1161 252 82 distinguuntur
1714 1161 89 82 per-

1022 1205 127 64 one.
1102 1205 127 64 Ideo
1181 1205 207 64 respectus
1340 1205 175 64 ideales
1467 1205 111 64 dei
1531 1205 95 64 ad
1579 1205 207 64 creaturam
1722 1205 95 64 qui-

1014 1249 128 63 bus
1087 1249 146 63 deus
1178 1249 164 63 nobis
1288 1249 256 63 innotescit
1488 1249 128 63 non
1561 1249 146 63 sunt
1634 1249 183 63 notiones

1024 1291 95 62 Et
1072 1291 142 62 tales
1166 1291 205 62 respectus
1324 1291 110 62 vel
1387 1291 252 62 proprietates
1591 1291 189 62 relatiue
1717 1291 95 62 sunt

1019 1335 143 67 multi
1114 1335 111 67 nec
1178 1335 207 67 important
1337 1335 207 67 respectum
1496 1335 270 67 distinguentem
1703 1335 111 67 perso

1023 1370 106 70 nam
1084 1370 76 70 a
1114 1370 182 70 persona.
1251 1370 198 70 propterea
1403 1370 106 70 non
1463 1370 122 70 sunt
1539 1370 182 70 notiones
1676 1370 137 70 sicut
1752 1370 61 70 pa

1022 1416 112 64 tet
1086 1416 96 64 de
1134 1416 128 64 his.
1214 1416 192 64 dominus.
1357 1416 192 64 creator.
1501 1416 255 64 conseruator.
1692 1416 112 64 arti-

1035 1453 98 65 fex
1091 1453 140 65 omnium
1189 1453 84 65 et
1231 1453 195 65 similibus.
1384 1453 182 65 Similiter
1524 1453 98 65 nec
1580 1453 223 65 proprietates
1747 1453 70 65 es-

1032 1502 179 62 sentiales
1170 1502 124 62 sicut
1252 1502 165 62 bonitas.
1376 1502 179 62 iusticia.
1514 1502 83 62 et
1555 1502 193 62 huiusmodi.
1706 1502 110 62 sunt
1761 1502 55 62 no

1034 1545 167 66 tiones.
1155 1545 121 66 quia
1231 1545 106 66 non
1292 1545 121 66 sunt
1367 1545 243 66 proprietates
1564 1545 182 66 originis
1701 1545 106 66 qua
1746 1545 76 66 vna

1036 1577 174 79 persona
1163 1577 111 79 est
1226 1577 95 79 ab
1274 1577 143 79 alia.
1369 1577 127 79 ergo
1448 1577 127 79 etc.
1528 1577 79 79 ¶
1559 1577 174 79 Secundo
1670 1577 159 79 requiri-

1032 1624 103 66 tur
1091 1624 118 66 quod
1165 1624 103 66 sit
1223 1624 206 66 proprietas
1385 1624 191 66 partinens
1532 1624 88 66 ad
1576 1624 220 66 dignitatem.
1738 1624 88 66 quia

1043 1660 168 82 persona
1165 1660 107 82 est
1226 1660 214 82 hypostasis
1395 1660 199 82 distincta
1548 1660 230 82 proprietate
1731 1660 92 82 ad
1762 1660 61 82 di

1049 1701 186 88 gnitatem
1188 1701 232 88 pertinente.
1374 1701 170 88 Ideoque
1497 1701 201 88 ingenitus
1652 1701 93 88 in
1683 1701 155 88 spiritus

1040 1742 148 77 sancto
1144 1742 104 77 non
1203 1742 104 77 est
1262 1742 148 77 notio.
1366 1742 163 77 quamuis
1484 1742 89 77 in
1528 1742 133 77 patre
1617 1742 104 77 sit
1676 1742 148 77 notio.
1765 1742 59 77 Ra

1052 1788 108 69 tio
1113 1788 123 69 quia
1190 1788 200 69 ingenitus
1344 1788 92 69 de
1390 1788 138 69 patre
1482 1788 138 69 negat
1575 1788 123 69 esse
1651 1788 92 69 ab
1698 1788 123 69 alio
1759 1788 77 69 vni

1044 1836 208 64 uersaliter
1207 1836 89 64 et
1252 1836 238 64 simpliciter.
1445 1836 119 64 ergo
1519 1836 134 64 dicit
1608 1836 223 64 dignitatem.
1772 1836 59 64 et

1055 1869 105 72 sic
1115 1869 105 72 est
1175 1869 150 72 notio.
1281 1869 105 72 Sed
1341 1869 196 72 ingenitus
1491 1869 105 72 cum
1551 1869 165 72 dicitur
1672 1869 90 72 de
1702 1869 135 72 spiritu

1049 1912 149 74 sancto
1153 1912 104 74 non
1213 1912 134 74 negat
1302 1912 119 74 esse
1377 1912 89 74 ab
1421 1912 119 74 alio
1496 1912 223 74 simpliciter
1674 1912 104 74 sed
1719 1912 119 74 tantum

1046 1954 138 78 negat
1138 1954 123 78 esse
1214 1954 92 78 ab
1260 1954 123 78 alio
1337 1954 107 78 per
1398 1954 261 78 generationem.
1613 1954 123 78 ideo
1690 1954 107 78 non
1736 1954 107 78 dicit

1062 1994 209 74 dignitatem.
1230 1994 84 74 Et
1271 1994 98 74 per
1327 1994 195 74 consequens
1481 1994 98 74 non
1537 1994 98 74 est
1593 1994 126 74 notio
1676 1994 84 74 in
1704 1994 140 74 spiritu-

1059 2039 147 72 sancto.
1166 2039 67 72 ¶
1192 2039 134 72 Tertio
1286 2039 187 72 requiritur
1433 2039 107 72 quod
1500 2039 94 72 sit
1553 2039 187 72 proprietas
1700 2039 134 72 dicens
1780 2039 67 72 ali

1067 2081 128 81 quod
1147 2081 192 81 speciale
1290 2081 112 81 vel
1354 2081 255 81 determinatum
1562 2081 112 81 quo
1626 2081 176 81 persona
1737 2081 112 81 deter

1059 2121 172 75 minate
1179 2121 155 75 habet
1283 2121 207 75 cognosci
1438 2121 103 75 et
1489 2121 241 75 distingui.
1679 2121 121 75 Nam
1730 2121 121 75 commu

1064 2165 91 76 ne
1109 2165 106 76 non
1170 2165 106 76 est
1230 2165 212 76 sufficiens
1396 2165 212 76 principium
1563 2165 257 76 innotescendi.
1759 2165 91 76 pro-

1062 2208 172 86 pterea
1182 2208 241 86 relationes
1371 2208 155 86 penes
1475 2208 258 86 essentialia
1681 2208 172 86 sumpte
1784 2208 69 86 vt

1066 2255 227 77 equalitas.
1244 2255 243 77 similitudo.
1439 2255 97 77 et
1487 2255 195 77 communes
1633 2255 259 77 proprietates

1070 2293 89 67 vt
1115 2293 207 67 infinitas.
1278 2293 207 67 eternitas.
1440 2293 133 67 sicut
1529 2293 133 67 etiam
1618 2293 222 67 essentiales
1781 2293 74 67 pro

1091 2333 156 76 ietates
1205 2333 171 76 scilicet
1333 2333 171 76 bonitas.
1461 2333 185 76 sapientia
1603 2333 114 76 etc.
1674 2333 100 76 non
1731 2333 114 76 sunt
1788 2333 71 76 no-

1080 2382 139 67 tiones
1177 2382 83 67 eo
1219 2382 111 67 quod
1289 2382 97 67 non
1344 2382 111 67 sunt
1414 2382 223 67 proprietates
1595 2382 209 67 determinate
1762 2382 83 67 et
1789 2382 70 67 spe

1088 2414 130 75 ciales.
1183 2414 83 75 sed
1230 2414 165 75 communiter
1360 2414 165 75 conueniunt
1490 2414 118 75 tribus
1573 2414 71 75 et
1608 2414 106 75 etiam
1679 2414 71 75 eo
1714 2414 95 75 quod
1773 2414 83 75 non
1809 2414 59 75 di-

1086 2454 111 79 cunt
1156 2454 181 79 respectum
1294 2454 181 79 originis.
1433 2454 153 79 Denique
1545 2454 181 79 propterea
1683 2454 125 79 etiam
1753 2454 111 79 ingeni

1089 2499 76 75 tus
1133 2499 65 75 in
1165 2499 120 75 spiritu
1253 2499 109 75 sancto
1329 2499 76 75 non
1373 2499 76 75 est
1417 2499 109 75 notio.
1493 2499 87 75 quia
1547 2499 76 75 per
1591 2499 76 75 eam
1635 2499 131 75 spiritus
1733 2499 120 75 sanctus
1809 2499 55 75 non

1095 2540 174 80 cognoscitur
1235 2540 174 80 determinate
1374 2540 93 80 etc.
1432 2540 93 80 Item
1490 2540 128 80 propter
1582 2540 81 80 hoc
1629 2540 139 80 secundum
1733 2540 81 80 Th.
1779 2540 93 80 esse
1826 2540 46 80 ab

1092 2584 112 75 alio.
1166 2584 74 75 et
1203 2584 62 75 a
1228 2584 87 75 quo
1278 2584 124 75 alius.
1364 2584 136 75 neutrum
1464 2584 87 75 est
1513 2584 124 75 notio.
1600 2584 99 75 quia
1662 2584 87 75 non
1711 2584 124 75 dicunt
1786 2584 99 75 deter-

1088 2624 161 76 minatum
1205 2624 132 76 modum
1293 2624 161 76 origis.
1410 2624 102 76 sed
1469 2624 190 76 saluantur
1615 2624 88 76 in
1659 2624 205 76 notionibus
1806 2624 73 76 dua

1090 2674 95 86 bus.
1149 2674 142 86 scilicet
1256 2674 166 86 filiatione
1386 2674 71 86 et
1422 2674 178 86 processione
1564 2674 59 86 ¶
1587 2674 118 86 Quarto
1670 2674 130 86 additur
1765 2674 95 86 quod
1824 2674 71 86 vt
1848 2674 59 86 sit
