2274 3301
237 301 103 66 non
296 301 133 66 habet
385 301 133 66 eodem
473 301 118 66 modo
547 301 88 66 se
591 301 88 66 ad
635 301 177 66 extrema.
768 301 103 66 Nam
827 301 133 66 pater
915 301 103 66 est
959 301 74 66 pa-

252 352 148 62 ternitas
362 352 86 62 per
412 352 209 62 comperationem
584 352 74 62 ad
621 352 160 62 posterius
744 352 148 62 scilicet
855 352 74 62 ad
892 352 135 62 filium.
978 352 49 62 Et

248 395 130 44 nullo
334 395 115 44 modo
406 395 130 44 dicit
493 395 245 44 comperationem
695 395 87 44 ad
738 395 144 44 prius.
839 395 101 44 Sed
883 395 144 44 innasci-

251 429 124 68 bilitas
341 429 124 68 dicitur
431 429 79 68 per
477 429 192 68 comperationem
635 429 68 68 ad
669 429 113 68 prius.
748 429 68 68 de
782 429 124 68 persona
872 429 113 68 patris
940 429 79 68 prius

247 478 156 62 uatiue.
360 478 114 62 etc.
431 478 99 62 Hec
488 478 85 62 ex
531 478 170 62 Bonauem.
658 478 156 62 Secunda
772 478 156 62 regula.
885 478 114 62 quod
942 478 71 62 qui

237 512 115 56 libet
314 512 115 56 notio
390 512 191 56 praedicatur
543 512 77 56 de
582 512 140 56 persona
684 512 89 56 cui
735 512 115 56 inest
811 512 102 56 etc.
875 512 102 56 vnde
939 512 89 56 hec
977 512 51 56 et

245 561 116 63 vera.
322 561 180 63 paternitas
464 561 90 63 est
515 561 116 63 pater
592 561 77 63 et
631 561 180 63 econuerso.
772 561 167 63 similiter
900 561 128 63 filius
977 561 39 63 e

243 599 147 64 filiatio
353 599 98 64 etc.
415 599 74 64 Et
451 599 160 64 econuerso
574 599 160 64 identice.
697 599 110 64 Ratio
771 599 147 64 secundum
881 599 110 64 Rich.
942 599 74 64 quia

239 650 120 55 omnis
319 650 120 55 notio
399 650 160 55 realiter
519 650 94 55 est
573 650 107 55 idem
640 650 94 55 cum
693 650 147 55 persona
800 650 80 55 in
840 650 94 55 qua
894 650 107 55 est.
947 650 67 55 sed

245 688 151 59 ratione
355 688 110 59 sola
424 688 165 59 differt.
548 688 137 59 Tertia
644 688 151 59 regula.
754 688 165 59 Quelibet
878 688 124 59 notio
946 688 69 59 sis

239 732 172 52 essentia
368 732 143 52 diuina
468 732 100 52 vel
525 732 129 52 deus.
611 732 115 52 vnde
682 732 115 52 iste
754 732 115 52 sunt
826 732 129 52 vere.
897 732 129 52 paterni

239 772 95 59 tas
294 772 95 59 est
348 772 163 59 essentia
470 772 81 59 et
511 772 190 59 econuerso.
660 772 163 59 filiatio
782 772 95 59 est
837 772 163 59 essentia
945 772 68 59 per

238 814 235 59 identitatem.
430 814 147 59 Quarta
533 814 162 59 regula.
650 814 132 59 nulla
738 814 132 59 notio
827 814 103 59 sic
886 814 132 59 inest
959 814 59 59 es

225 859 152 58 sentie
331 859 152 58 diuine
438 859 91 58 vt
483 859 213 58 distinguat
651 859 122 58 eam.
727 859 122 58 quia
803 859 183 58 essentia
925 859 91 58 diui

232 902 91 55 na
277 902 106 55 nec
338 902 212 55 distinguit
505 902 106 55 nec
565 902 258 55 distinguitur.
777 902 152 55 Quinta
884 902 121 55 quod
944 902 76 55 no-

238 940 100 65 tio
295 940 142 65 semper
394 940 128 65 debet
480 940 185 65 importare
622 940 213 65 dignitatem.
793 940 114 65 vnde
850 940 156 65 ingenitus

245 979 81 53 in
285 979 148 53 spiritu
393 979 135 53 sancto
487 979 94 53 non
541 979 94 53 est
595 979 135 53 notio.
689 979 81 53 vt
730 979 148 53 patuit.
838 979 67 53 §
865 979 81 53 v.
905 979 67 53 ¶
919 979 94 53 Sexta

232 1029 143 50 regula
332 1029 114 50 est.
403 1029 114 50 quod
475 1029 172 50 notiones
603 1029 143 50 sumpte
703 1029 214 50 abstractiue
861 1029 157 50 praedicam

234 1068 83 57 tur
282 1068 72 57 de
318 1068 143 57 essentia
425 1068 143 57 scilicet
532 1068 143 57 identice
639 1068 83 57 sed
687 1068 83 57 non
735 1068 167 57 concretiue
854 1068 155 57 denomninan-

240 1109 71 57 do
276 1109 107 57 actum
347 1109 178 57 personalem.
489 1109 95 57 vnde
549 1109 95 57 bene
608 1109 142 57 dicitur.
715 1109 95 57 quod
774 1109 142 57 essentia
881 1109 83 57 est
916 1109 107 57 paterni

233 1151 101 61 tas.
296 1151 76 61 Et
334 1151 88 61 non
385 1151 177 61 conceditur
524 1151 101 61 hec.
587 1151 151 61 essentia
700 1151 88 61 est
751 1151 164 61 generans.
877 1151 101 61 quia
928 1151 88 61 essen

227 1187 91 65 tia
279 1187 91 65 nec
331 1187 143 65 generat
435 1187 91 65 nec
487 1187 182 65 generatur.
631 1187 91 65 Nam
683 1187 156 65 secundum
800 1187 104 65 Tho.
865 1187 130 65 supra.
943 1187 65 65 Re-

227 1227 115 68 latio
304 1227 115 68 etiam
380 1227 89 68 non
431 1227 191 68 praedicatur
584 1227 178 68 concretiue
724 1227 76 68 de
762 1227 153 68 essentia
877 1227 76 68 vt
902 1227 115 68 dicatur

233 1276 151 63 essentia
347 1276 151 63 refertur
460 1276 101 63 etc.
524 1276 88 63 sed
574 1276 76 63 in
612 1276 164 63 abstracto
738 1276 76 63 et
776 1276 151 63 identice
877 1276 126 63 praedica

233 1322 96 59 tur
288 1322 83 59 vt
330 1322 165 59 dicatur.
453 1322 165 59 essentia
577 1322 96 59 est
632 1322 165 59 relatio.
756 1322 124 59 Ratio
839 1322 138 59 huius.
921 1322 83 59 quia

231 1358 88 63 in
275 1358 176 63 essentia
407 1358 147 63 diuina
510 1358 103 63 non
568 1358 103 63 est
627 1358 205 63 proprietas
788 1358 176 63 relatiua
920 1358 88 63 vt
949 1358 59 63 in

224 1401 199 61 supposito.
380 1401 100 61 imo
437 1401 100 61 est
494 1401 100 61 per
551 1401 214 61 identitatem
722 1401 100 61 rei
779 1401 199 61 omnimodam.
922 1401 85 61 vnde

224 1437 161 68 essentia
344 1437 94 68 non
398 1437 214 68 distinguitur
571 1437 80 68 in
612 1437 161 68 diuinis.
732 1437 120 68 licet
812 1437 107 68 bene
879 1437 94 68 sit
933 1437 80 68 in
959 1437 54 68 ea

232 1480 164 70 relatio
351 1480 104 70 sed
411 1480 104 70 non
471 1480 134 70 taque
560 1480 89 70 in
605 1480 209 70 supposito.
769 1480 104 70 Nam
828 1480 89 70 et
873 1480 89 70 in
903 1480 104 70 crea-

221 1525 140 66 turis
315 1525 109 66 vbi
377 1525 218 66 paternitas
548 1525 109 66 est
610 1525 93 66 in
657 1525 140 66 sorte
750 1525 93 66 vt
796 1525 93 66 in
828 1525 186 66 supposito:

219 1568 128 65 bene
299 1568 160 65 Sortes
411 1568 176 65 dicitur
540 1568 160 65 pater.
652 1568 112 65 Sed
716 1568 209 65 humanitas
877 1568 160 65 sortis

233 1612 116 69 non
300 1612 182 69 dicitur
432 1612 149 69 pater
531 1612 116 69 Hec
597 1612 99 69 ex
647 1612 132 69 Tho.
729 1612 83 69 ¶
762 1612 182 69 Septima
878 1612 132 69 regula

231 1657 89 59 ex
276 1657 177 59 Bonauen.
408 1657 103 59 vbi
467 1657 148 59 supra.
571 1657 89 59 q.
615 1657 133 59 vlti.
704 1657 118 59 quod
778 1657 133 59 nulla
866 1657 133 59 notio
940 1657 59 59 de

227 1701 151 52 nominat
337 1701 192 52 formaliter
488 1701 151 52 seipam.
598 1701 96 52 hoc
653 1701 96 52 est
708 1701 96 52 non
763 1701 206 52 praedicatur
928 1701 82 52 de
955 1701 55 52 se

223 1734 79 64 in
262 1734 170 64 abstracto
393 1734 183 64 concretum.
537 1734 105 64 ideo
602 1734 92 64 non
655 1734 144 64 dicitur
759 1734 105 64 quod
825 1734 170 64 generatio
943 1734 65 64 est

228 1788 197 58 generans.
379 1788 106 58 vel
440 1788 121 58 quod
515 1788 212 58 paternitas
682 1788 182 58 generat.
818 1788 106 58 sed
879 1788 121 58 ista
939 1788 76 58 pa-

223 1826 98 60 ter
279 1826 154 60 generat
391 1826 209 60 conceditur.
558 1826 98 60 Nam
614 1826 126 60 pater
698 1826 98 60 non
754 1826 98 60 est
810 1826 126 60 notio
893 1826 98 60 sed
935 1826 70 60 per

232 1861 112 64 sona
302 1861 112 64 est.
372 1861 126 64 licet
457 1861 197 64 paternitas
611 1861 84 64 in
653 1861 182 64 abstracto
793 1861 98 64 sit
850 1861 126 64 notio
920 1861 84 64 etc.

238 1905 137 68 Ratio
329 1905 152 68 regule
435 1905 122 68 est.
511 1905 122 68 quia
587 1905 137 68 actus
679 1905 106 68 est
739 1905 198 68 suppositi
891 1905 106 68 non
937 1905 76 68 for

227 1951 77 62 me
266 1951 77 62 vt
304 1951 154 62 dicitur.
420 1951 77 62 ii
458 1951 77 62 de
497 1951 128 62 anima.
587 1951 193 62 Similiteret
741 1951 141 62 relatio
843 1951 154 62 alicuius
946 1951 64 62 est

222 1991 88 60 vt
266 1991 206 60 suppositi.
428 1991 118 60 ergo
501 1991 132 60 omnis
590 1991 132 60 talis
678 1991 220 60 denominatio
839 1991 162 60 concernit

228 2032 184 66 suppositum
372 2032 92 66 non
425 2032 144 66 formam.
530 2032 92 66 non
582 2032 92 66 sic
635 2032 118 66 autem
713 2032 92 66 est
766 2032 79 66 de
792 2032 210 66 proprietatibus

221 2079 286 64 essentialibus.
459 2079 95 64 vt
507 2079 95 64 de
555 2079 143 64 vero.
650 2079 127 64 vno.
729 2079 143 64 bono.
824 2079 159 64 magno.
920 2079 79 64 imo

213 2125 191 56 concernunt
363 2125 136 56 formam
459 2125 109 56 ideo
527 2125 191 56 denominant
677 2125 136 56 seipsa
772 2125 164 56 scilicet
881 2125 123 56 dicendo

225 2165 148 64 vnitas
329 2165 104 64 est
388 2165 119 64 vna.
462 2165 163 64 bonitas
581 2165 104 64 est
640 2165 133 64 bona.
729 2165 104 64 Nam
788 2165 178 64 secundum
907 2165 89 64 Aug.

218 2204 117 70 vi.
285 2204 101 70 de
336 2204 168 70 trini.
453 2204 134 70 Deus
537 2204 117 70 est
604 2204 218 70 magnitudo
772 2204 134 70 sua.
856 2204 84 70 ¶
873 2204 134 70 Octaua

220 2249 151 62 regula
326 2249 91 62 ex
371 2249 181 62 Bouauen.
507 2249 166 62 ibidem.
628 2249 121 62 Quod
703 2249 136 62 notio
794 2249 106 62 non
839 2249 166 62 denominat

213 2291 122 57 nisi
289 2291 228 57 suppositum.
471 2291 91 57 Et
517 2291 137 57 patet
608 2291 91 57 ex
654 2291 198 57 praedicta
806 2291 167 57 regula.
913 2291 91 57 quia

226 2331 138 63 actus
317 2331 107 63 est
379 2331 199 63 suppositi
531 2331 107 63 non
592 2331 138 63 forme
684 2331 183 63 secundum
822 2331 138 63 modum
898 2331 107 63 intel

213 2369 179 63 ligendi.
347 2369 119 63 vnde
422 2369 134 63 sicut
511 2369 119 63 ista
585 2369 104 63 est
645 2369 149 63 falsa.
749 2369 149 63 albedo
853 2369 104 63 est
898 2369 104 63 alba.

227 2426 95 51 Sic
282 2426 81 51 in
322 2426 190 51 proposito.
472 2426 109 51 ista
540 2426 122 51 falsa
621 2426 109 51 est.
689 2426 176 51 generatio
825 2426 122 51 velis
892 2426 109 51 pater-

212 2454 146 63 nitas
309 2454 114 63 est
374 2454 211 63 generans.
536 2454 114 63 vel
601 2454 179 63 spirans
731 2454 130 63 etc.
812 2454 114 63 Sed
877 2454 114 63 hec
926 2454 81 63 est

216 2497 146 66 vera.
313 2497 146 66 pater
410 2497 178 66 generat
539 2497 81 66 ¶
572 2497 129 66 Nona
652 2497 178 66 regula.
782 2497 129 66 quod
863 2497 129 66 omne
927 2497 81 66 no-

227 2536 96 74 men
282 2536 110 74 quod
351 2536 151 74 dicitur
461 2536 83 74 de
503 2536 96 74 deo
558 2536 83 74 ex
599 2536 138 74 tempoe
695 2536 83 74 et
737 2536 96 74 non
792 2536 151 74 dicitur
902 2536 83 74 de
929 2536 83 74 per-

219 2581 137 65 sonis
310 2581 259 65 singulariter:
523 2581 198 65 praedicat
675 2581 183 65 notionem
812 2581 152 65 saltem
903 2581 107 65 impli

228 2623 146 66 cite.
325 2623 114 66 Nam
390 2623 163 66 quedam
504 2623 130 66 sunt
585 2623 163 66 nomina
699 2623 114 66 que
764 2623 228 66 praedicant
927 2623 81 66 no-

225 2664 150 66 tionem
330 2664 196 66 explicite
481 2664 135 66 licet
571 2664 105 66 non
631 2664 120 66 sint
706 2664 150 66 nomina
811 2664 135 66 dicta
902 2664 90 66 ex
932 2664 75 66 te-

225 2707 117 86 pore
298 2707 87 86 de
342 2707 117 86 deo.
415 2707 87 86 vt
458 2707 131 86 pater
546 2707 146 86 filius
648 2707 117 86 etc.
721 2707 117 86 Alia
794 2707 131 86 autem
881 2707 117 86 sunt
939 2707 73 86 no

1070 321 125 72 mina
1149 321 110 72 que
1211 321 94 72 ex
1258 321 172 72 tempore
1384 321 188 72 dicuntur
1525 321 94 72 de
1572 321 110 72 deo
1635 321 94 72 et
1682 321 94 72 de
1729 321 110 72 vna
1776 321 94 72 per-

1079 361 107 71 sona
1146 361 94 71 que
1199 361 134 71 tantum
1293 361 174 71 predicant
1427 361 161 71 notionem
1547 361 134 71 saltem
1641 361 188 71 implicite.
1789 361 80 71 vt
1815 361 54 71 in

1079 413 192 58 carnatus
1223 413 192 58 huanatus
1367 413 160 58 passus
1479 413 112 58 que
1543 413 224 58 praedicant
1703 413 160 58 notionem

1081 448 135 73 silii
1171 448 90 73 de
1216 448 105 73 quo
1276 448 120 73 solo
1351 448 195 73 dicuntur.
1500 448 105 73 Hec
1560 448 90 73 ex
1605 448 135 73 Bona.
1695 448 135 73 dist.
1770 448 105 73 xxii.

1084 496 92 62 et
1130 496 138 62 Rich.
1222 496 123 62 etc.
1298 496 77 62 ¶
1329 496 153 62 Decima
1436 496 153 62 regula
1543 496 92 62 ex
1589 496 184 62 Guiller.
1727 496 92 62 in
1758 496 107 62 primo

1079 533 123 68 dist.
1162 533 151 68 xxxiii.
1271 533 233 68 concluusione.
1463 533 110 68 iii.
1532 533 82 68 Et
1573 533 123 68 simul
1655 533 123 68 Fran.
1738 533 123 68 maro.
1820 533 82 68 in

1073 573 132 67 confla.
1169 573 108 67 primi
1241 573 108 67 libro
1313 573 108 67 dist.
1385 573 144 67 xxxiiii.
1493 573 84 67 et.
1541 573 108 67 xxxv.
1613 573 144 67 secundum
1721 573 120 67 mentem
1793 573 72 67 doc.

1072 613 143 65 subti.
1172 613 100 65 est
1229 613 185 65 videlicet
1371 613 114 65 Quod
1442 613 128 65 nulla
1528 613 128 65 notio
1613 613 86 65 et
1656 613 128 65 nulla
1727 613 143 65 proprie-

1073 663 88 64 tas
1124 663 151 64 scilicet
1237 663 151 64 relatiua
1350 663 75 64 in
1388 663 138 64 diuinis
1488 663 113 64 dicit
1563 663 176 64 formaliter
1689 663 176 64 perfectionem

1087 701 89 60 Nec
1138 701 205 60 perfectionem
1305 701 205 60 simpliciter.
1471 701 89 60 nec
1522 701 205 60 perfectionem
1688 701 153 60 secundum
1790 701 77 60 quid

1072 739 167 75 Dicitur
1193 739 182 75 notanter
1329 739 121 75 quod
1405 739 106 75 non
1465 739 136 75 dicit
1556 739 212 75 formaliter
1708 739 151 75 loquendo

1071 787 116 63 quia
1143 787 174 63 identice
1273 787 174 63 loquendo
1404 787 130 63 dicit
1490 787 246 63 perfectionem.
1693 787 159 63 quoniam
1795 787 72 63 no-

1071 831 107 59 tio
1132 831 107 59 vel
1193 831 215 59 proprietas
1362 831 107 59 est
1423 831 123 59 idem
1500 831 107 59 cum
1561 831 153 59 diuina
1669 831 199 59 essentia.
1807 831 61 59 vt

1073 868 120 70 hec
1142 868 172 70 dictat
1262 868 137 70 idem
1348 868 155 70 Guil.
1451 868 155 70 Ratio
1554 868 155 70 autem
1657 868 172 70 regule
1760 868 120 70 huius

1073 908 157 70 secundum
1191 908 131 70 eosdem
1283 908 105 70 doc.
1348 908 184 70 praedictos
1493 908 92 70 est
1545 908 105 70 quia
1611 908 79 70 si
1650 908 144 70 diceret
1742 908 118 70 aliquam

1069 958 223 64 perfectionem
1250 958 111 64 Tunc
1320 958 195 64 sequeretur
1473 958 111 64 quod
1543 958 125 64 esset
1626 958 139 64 aliqua
1710 958 153 64 perfectio

1082 1000 69 61 n
1110 1000 124 61 patre
1192 1000 96 61 que
1247 1000 96 61 non
1302 1000 124 61 esset
1385 1000 83 61 in
1426 1000 124 61 filio
1509 1000 83 61 et
1550 1000 193 61 econuerso.
1702 1000 83 61 et
1743 1000 96 61 sic
1784 1000 69 61 vna

1069 1041 156 66 persona
1182 1041 85 66 in
1225 1041 142 66 aliquo
1324 1041 128 66 esset
1409 1041 199 66 perfectior
1565 1041 156 66 altera.
1679 1041 99 66 vel
1735 1041 113 66 illa
1792 1041 71 66 non

1067 1085 127 67 esset
1152 1085 240 67 perfectissima
1349 1085 99 67 sed
1406 1085 183 67 diminuta.
1547 1085 85 67 Et
1589 1085 127 67 patet
1674 1085 113 67 quia
1744 1085 99 67 vna
1786 1085 71 67 per

1065 1122 122 69 sona
1141 1122 137 69 habet
1232 1122 167 69 aliquam
1354 1122 243 69 proprietatem
1552 1122 107 69 vel
1613 1122 183 69 notionem
1749 1122 107 69 aut
1795 1122 61 69 re

1072 1161 181 75 lationem
1207 1161 120 75 quam
1283 1161 105 75 non
1343 1161 135 75 habet
1433 1161 135 75 alia.
1523 1161 105 75 Hec
1583 1161 90 75 ex
1613 1161 181 75 predictis.

1086 1241 274 108 Plures
1278 1241 220 108 alie
1415 1241 274 108 regule
1580 1241 274 108 ponuntur

1065 1301 111 89 Ubi
1129 1301 95 89 de
1176 1301 206 89 nominibus
1335 1301 190 89 diuinis.
1478 1301 95 89 §.
1525 1301 175 89 xxiiii.

1212 1386 317 130 Omen
1410 1386 396 130 diuinu
1648 1386 198 130 pri

1239 1482 88 81 mo
1283 1482 88 81 in
1327 1482 175 81 communi.
1459 1482 117 81 Nota
1532 1482 175 81 secundum
1663 1482 131 81 Guil.
1751 1482 88 81 in
1780 1482 73 81 pri

1235 1535 76 64 mo
1273 1535 88 64 di.
1324 1535 113 64 xxii.
1399 1535 101 64 quod
1462 1535 113 64 nomen
1537 1535 138 64 dicitur
1638 1535 63 64 a
1663 1535 151 64 notamie.
1764 1535 88 64 quasi

1070 1571 172 70 notamen.
1199 1571 86 70 Et
1242 1571 172 70 secundum
1371 1571 115 70 quod
1443 1571 158 70 habetur
1558 1571 115 70 lib.
1630 1571 201 70 Catholicon
1773 1571 72 70 hoc

1064 1610 114 74 ideo
1135 1610 114 74 quia
1206 1610 99 74 per
1263 1610 128 74 ipsum
1348 1610 213 74 substantiam
1518 1610 85 74 et
1561 1610 199 74 qualitatem
1703 1610 142 74 propriam

1069 1648 107 81 vel
1130 1648 183 81 communem
1267 1648 183 81 alicuius
1404 1648 183 81 notamus.
1541 1648 122 81 Unde
1617 1648 183 81 secundum
1738 1648 107 81 Gran-

1071 1698 165 63 maticos
1191 1698 135 63 nomen
1281 1698 150 63 signat
1386 1698 225 63 substantiam
1565 1698 105 63 cum
1625 1698 195 63 qualitate
1760 1698 90 63 pro-

1071 1735 122 65 pria
1147 1735 107 65 vel
1208 1735 183 65 communi.
1345 1735 122 65 Hinc
1421 1735 137 65 Aris.
1512 1735 137 65 primo
1603 1735 122 65 Peri
1680 1735 122 65 her.
1740 1735 107 65 dicit

1074 1777 136 81 Nomen
1164 1777 106 81 est
1225 1777 106 81 vox
1285 1777 256 81 significatiua
1496 1777 90 81 ad
1541 1777 196 81 placitum.
1692 1777 75 81 ¶
1722 1777 106 81 Sed
1783 1777 90 81 ad

1062 1821 228 64 propositum
1241 1821 98 64 de
1273 1821 98 64 deo.

1098 1862 133 94 ¶
1152 1862 320 94 Qualibus
1392 1862 347 94 nominibus
1632 1862 213 94 cogno-

1064 1922 169 69 scitur
1182 1922 85 69 a
1216 1922 152 69 nobis
1318 1922 152 69 deus:
1419 1922 152 69 notat
1521 1922 135 69 idem
1605 1922 152 69 Guil.
1690 1922 152 69 ibidem.

1057 1966 183 67 secundum
1194 1966 152 67 Diony.
1301 1966 122 67 vii.
1377 1966 91 67 de
1423 1966 168 67 diuinis
1544 1966 213 67 nominibus.
1712 1966 122 67 Deus
1773 1966 61 67 co

1055 2019 178 59 gnoscitur
1192 2019 69 59 a
1220 2019 123 59 nobis
1302 2019 206 59 tripliciter
1466 2019 82 59 et
1507 2019 96 59 sic
1562 2019 164 59 triplici
1686 2019 137 59 genere
1768 2019 82 59 noim

1066 2059 122 66 etc.
1142 2059 137 66 Primo
1233 2059 228 66 cognoscitur
1415 2059 106 66 per
1476 2059 137 66 modum
1567 2059 258 66 causalitatis.
1765 2059 76 66 Se-

1050 2092 161 79 cundo
1157 2092 125 79 per
1229 2092 161 79 modum
1336 2092 250 79 eminentie.
1532 2092 179 79 Tertio
1657 2092 125 79 per
1711 2092 125 79 modum

1059 2141 241 70 remotionis.
1251 2141 80 70 ¶
1284 2141 144 70 Primo
1380 2141 144 70 modo.
1476 2141 193 70 scilicet
1620 2141 112 70 per
1685 2141 128 70 viam
1749 2141 96 70 cau-

1059 2179 213 75 salitatis
1222 2179 245 75 accipiuntur
1419 2179 98 75 in
1468 2179 180 75 diuinis
1599 2179 164 75 nomina
1697 2179 147 75 physica

1061 2223 99 71 vt
1111 2223 165 71 innuit
1227 2223 132 71 idem
1309 2223 165 71 Diony.
1425 2223 99 71 in
1475 2223 198 71 epistola
1623 2223 99 71 ad
1673 2223 149 71 Titum
1755 2223 83 71 si-

1058 2272 101 59 cut
1115 2272 116 59 sunt
1188 2272 116 59 ista
1260 2272 159 59 nomnina
1376 2272 159 59 physica
1492 2272 174 59 scilicet
1623 2272 145 59 Causa:
1710 2272 130 59 Mouens:

1050 2315 104 59 vel
1110 2315 149 59 primus
1214 2315 149 59 motor.
1318 2315 193 59 immobile.
1466 2315 149 59 primum
1570 2315 104 59 ens
1630 2315 89 59 et
1660 2315 178 59 huiusmodi.

1059 2346 88 71 ¶
1095 2346 193 71 Secundo
1235 2346 123 71 per
1305 2346 141 71 viam
1393 2346 228 71 eminentie
1569 2346 264 71 accipiuntur
1762 2346 88 71 no-

1054 2397 123 61 mina
1130 2397 169 61 analoga
1253 2397 184 61 secundum
1391 2397 153 61 eundem
1498 2397 153 61 Diony.
1605 2397 92 61 de
1651 2397 169 61 mystica
1758 2397 77 61 the

1045 2435 187 67 ologia.
1181 2435 153 67 sicut
1283 2435 187 67 dicimus
1419 2435 136 67 deum
1503 2435 119 67 non
1571 2435 153 67 solum
1656 2435 187 67 sapientem

1054 2477 110 65 et
1109 2477 183 65 bonum.
1236 2477 128 65 Sed
1309 2477 347 65 supersapientem:
1602 2477 274 65 superbonum:

1061 2516 324 75 superessentialem
1336 2516 97 75 et
1385 2516 227 75 huiusmodi.
1563 2516 97 75 Et
1612 2516 146 75 talia
1693 2516 146 75 possunt

1060 2567 134 65 dici
1144 2567 167 65 nomina
1261 2567 184 65 mystica
1394 2567 83 65 a
1428 2567 200 65 mysterio
1578 2567 234 65 abscondito
1762 2567 83 65 ¶
1778 2567 67 65 Et

1060 2603 114 69 nota
1131 2603 114 69 quod
1203 2603 143 69 nomina
1303 2603 157 69 mystica
1417 2603 215 69 tripliciter
1589 2603 186 69 capiuntur
1718 2603 114 69 secund

1044 2649 190 66 eundem
1177 2649 171 66 Guil.
1291 2649 171 66 Primo
1405 2649 133 66 pro
1481 2649 190 66 nomine
1614 2649 209 66 reperto
1766 2649 114 66 in

1046 2686 112 68 deo
1110 2686 112 68 non
1174 2686 96 68 in
1222 2686 208 68 creaturis
1382 2686 96 68 et
1430 2686 112 68 sic
1493 2686 176 68 creator
1621 2686 112 68 vel
1669 2686 176 68 diuinitas

1052 2729 116 76 est
1119 2729 149 76 nomen
1218 2729 215 76 mysticum.
1384 2729 182 76 Secundo
1517 2729 116 76 pro
1583 2729 166 76 nomine
1682 2729 166 76 scilicet
