2236 3292
365 303 110 70 Sed
428 303 189 70 forsitan
570 303 141 70 totam
664 303 173 70 nostram
790 303 189 70 noticiam
931 303 141 70 vnico
1010 303 141 70 intuitu

356 371 95 52 in
404 371 111 52 deo
467 371 223 52 habebimus.
642 371 111 52 non
706 371 143 52 tamen
801 371 191 52 repugnat
944 371 95 52 in
992 371 127 52 illo
1056 371 79 52 sim

354 411 137 49 plici
445 411 122 49 actu
521 411 137 49 reali
612 411 122 49 quin
688 411 122 49 sint
764 411 137 49 multa
855 411 213 49 relucentia
1007 411 137 49 formali

368 455 127 43 ter.
448 455 111 43 imo
511 455 207 43 distincta
671 455 143 43 sicut
766 455 96 43 et
814 455 191 43 obiecta.
941 455 207 43 Quemadmodum

353 485 96 64 in
401 485 144 64 Sorte
497 485 128 64 sunt
578 485 144 64 multe
674 485 257 64 formalitates
882 485 112 64 qua
947 485 144 64 vnica
1027 485 112 64 reali

367 543 113 46 tate
438 543 170 46 reantur.
565 543 85 46 Et
607 543 99 46 hoc
664 543 127 46 etiam
748 543 155 46 innuere
861 543 155 46 videtur
974 543 113 46 Isa.
1045 543 85 46 vi
1073 543 71 46 qui

367 580 161 43 audiuit
484 580 161 43 seraphi
601 580 175 43 clamare.
732 580 161 43 sanctus
849 580 161 43 sanctus
966 580 161 43 sanctus
1068 580 73 43 do-

363 618 121 49 deus
439 618 227 49 exercituum.
621 618 91 49 Et
666 618 91 49 in
711 618 152 49 Apoca.
818 618 167 49 xxiiii.
939 618 182 49 Seniores
1060 618 91 49 cla-

370 660 139 50 mantes
468 660 209 50 Bespndictio
635 660 84 50 et
676 660 167 50 claritas
802 660 84 50 et
844 660 181 50 sapientia
983 660 111 50 etc.
1053 660 97 50 vbi
1094 660 56 50 ml

359 699 96 65 ta
407 699 192 65 ponuntur
551 699 160 65 nomina
663 699 160 65 variis
776 699 224 65 attributis
952 699 128 65 etc.
1032 699 112 65 Hec
1080 699 64 65 ex

335 747 151 57 Guil.

406 769 116 97 ¶
452 769 163 97 Sed
545 769 140 97 an
615 769 140 97 in
685 769 233 97 patria
848 769 209 97 beati
964 769 186 97 vocali

372 846 83 50 bus
420 846 143 50 nomnibus
527 846 95 50 deum
586 846 119 50 noient
670 846 143 50 scilicet
777 846 95 50 post
836 846 226 50 resurrectionem:
1027 846 107 50 dicit
1087 846 71 50 idem

368 888 120 56 Guil.
448 888 94 56 cum
501 888 160 56 Bonauen.
622 888 94 56 in.
675 888 80 56 ii
715 888 94 56 li.
769 888 107 56 quod
835 888 120 56 satis
915 888 160 56 congruum
1036 888 94 56 est
1076 888 80 56 dice

371 924 76 61 re
409 924 102 61 quod
473 924 102 61 sic.
536 924 114 61 iuxta
613 924 114 61 illud
689 924 140 61 Psalmus
791 924 178 61 Exultabunt
930 924 127 61 sancti
1019 924 76 61 in
1045 924 114 61 gloria.

380 972 111 53 vnde
449 972 139 53 addit.
546 972 222 53 exultationes
727 972 97 53 dei
782 972 83 53 in
823 972 152 53 gutture
934 972 125 53 eorum
1017 972 111 53 etc.
1087 972 69 53 ¶
1101 972 55 53 Si

370 1015 150 62 dicatur.
482 1015 87 62 Uox
532 1015 87 62 est
582 1015 112 62 aeris
657 1015 200 62 repercussio.
819 1015 75 62 ii
856 1015 75 62 de
894 1015 125 62 anima.
981 1015 87 62 ibi
1031 1015 112 62 autem
1094 1015 62 62 non

368 1060 90 51 est
420 1060 103 51 aer.
484 1060 116 51 dicit
561 1060 103 51 idem
625 1060 116 51 Guil.
702 1060 103 51 quod
767 1060 103 51 deus
831 1060 167 51 supplebit
959 1060 90 51 ibi
1011 1060 116 51 locum
1075 1060 90 51 aeris

382 1100 95 50 vel
437 1100 149 50 aliquid
545 1100 108 50 erit
613 1100 95 50 ibi
667 1100 108 50 loco
735 1100 136 50 aeris.
830 1100 176 50 subtilius
966 1100 122 50 aere.
1047 1100 122 50 sicut
1115 1100 54 50 et

382 1147 146 44 corpora
488 1147 160 44 beatorum
608 1147 120 44 erunt
688 1147 186 44 subtiliora
834 1147 106 44 etc.
900 1147 80 44 Ex
940 1147 93 44 his
993 1147 120 44 patet
1060 1147 93 44 erro-

381 1182 188 63 ponentium
525 1182 145 63 beatos
627 1182 87 63 in
670 1182 145 63 patria
771 1182 87 63 se
815 1182 145 63 habere
916 1182 87 63 vt
959 1182 130 63 mutos
1032 1182 130 63 homines

379 1221 130 81 ¶
431 1221 182 81 Sed
535 1221 208 81 quid
665 1221 156 81 de
743 1221 286 81 angelis
926 1221 234 81 Respon-

378 1279 99 52 det
435 1279 114 52 idem
506 1279 128 52 Guil.
591 1279 114 52 quod
662 1279 156 52 dominus
776 1279 170 52 Nicolaus
903 1279 142 52 boneti
1003 1279 156 52 videtur
1102 1279 57 52 di

375 1324 120 64 cere
450 1324 90 64 in
495 1324 105 64 sua
555 1324 196 64 theologia
706 1324 120 64 quod
781 1324 150 64 angeli
886 1324 165 64 laudant
1007 1324 120 64 deum
1067 1324 90 64 voca

366 1367 138 74 libus
458 1367 184 74 nomnibus
596 1367 108 74 Sed
658 1367 184 74 qualiter
796 1367 108 74 hoc
858 1367 123 74 fiat
934 1367 169 74 patebit
1057 1367 108 74 in.
1104 1367 61 74 ii

383 1414 150 61 libro
483 1414 117 61 vbi
533 1414 117 61 Taus.

414 1449 122 68 ¶
462 1449 146 68 An
535 1449 194 68 deum
657 1449 340 68 laudabimus
924 1449 146 68 in
973 1449 194 68 patria

380 1511 121 60 eisdem
464 1511 145 60 nomnibus
573 1511 121 60 quibus
658 1511 145 60 laudamus
766 1511 72 60 in
803 1511 97 60 via:
863 1511 181 60 Respondetur
1008 1511 145 60 secundum
1105 1511 48 60 et

376 1554 105 60 Guil.
446 1554 116 60 supra.
528 1554 93 60 quod
586 1554 128 60 praeter
679 1554 93 60 illa
737 1554 116 60 nomina
818 1554 116 60 diuina
900 1554 93 60 quae
958 1554 140 60 habentur
1051 1554 116 60 inspira-

385 1601 125 46 tione
468 1601 83 46 de
510 1601 138 46 quibus
607 1601 152 46 patebit
717 1601 138 46 infra.
814 1601 83 46 §.
856 1601 97 46 xv.
911 1601 125 46 Adhuc
994 1601 111 46 ipsa
1049 1601 111 46 nomina

378 1636 146 54 diuina
481 1636 117 54 sunt
554 1636 88 54 in
598 1636 175 54 triplici
729 1636 219 54 differentia
905 1636 132 54 Primo
993 1636 146 54 quidam
1080 1636 88 54 sunt

377 1677 74 50 a
407 1677 179 50 creatura
541 1677 89 50 et
585 1677 104 50 per
645 1677 208 50 creaturas.
809 1677 89 50 vt
853 1677 223 50 enigmatica.
1032 1677 89 50 Et
1062 1677 89 50 ist.

379 1719 110 51 non
442 1719 188 51 manebunt
583 1719 94 51 in
630 1719 157 51 patria
740 1719 110 51 vbi
803 1719 204 51 videbimus
959 1719 110 51 non
1022 1719 110 51 per
1069 1719 94 51 spe-

386 1770 115 47 culum
463 1770 89 47 vel
514 1770 77 47 in
552 1770 153 47 enigmate
667 1770 89 47 sed
719 1770 115 47 facie
795 1770 77 47 ad
834 1770 128 47 faciem
923 1770 77 47 vt
961 1770 115 47 dicit
1025 1770 141 47 apostolus

394 1811 97 48 Nam
450 1811 166 48 secundum
574 1811 125 48 Bern.
657 1811 97 48 Non
713 1811 97 48 est
768 1811 111 48 opus
837 1811 125 48 scala
921 1811 83 48 ei
962 1811 97 48 qui
1017 1811 125 48 tenet
1087 1811 69 48 sun

385 1846 112 53 mum.
455 1846 154 53 Secundo
567 1846 140 53 quedam
665 1846 112 53 sunt
735 1846 140 53 nomina
834 1846 70 53 a
862 1846 182 53 creaturis
1002 1846 84 53 et
1044 1846 84 53 in
1072 1846 84 53 cres

387 1890 156 51 turis.
497 1890 172 51 Denique
622 1890 94 51 et
669 1890 156 51 Tertio
778 1890 156 51 quedam
887 1890 125 51 sunt
966 1890 78 51 a
981 1890 172 51 creaturit

387 1932 101 50 non
444 1932 87 50 in
488 1932 202 50 creaturis.
646 1932 87 50 Et
690 1932 159 50 vtraque
805 1932 130 50 ista.
892 1932 87 50 in
935 1932 144 50 patria
1036 1932 115 50 bene
1094 1932 72 50 ma-

383 1979 154 57 nebunt.
495 1979 112 57 quia
565 1979 196 57 laudabimus
719 1979 112 57 deum
790 1979 84 57 in
832 1979 84 57 se
874 1979 84 57 et
916 1979 126 57 etiam
1000 1979 84 57 in
1028 1979 126 57 creatur

446 2016 100 83 ¶
486 2016 159 83 Unde
585 2016 219 83 incipit
745 2016 159 83 deus
844 2016 239 83 nominari
1024 2016 119 83 et
1063 2016 100 83 lau

395 2075 107 54 dari
462 2075 174 54 symbolice
596 2075 94 54 vel
649 2075 161 54 mystice.
770 2075 201 54 Respondetur
931 2075 161 54 secundum
1051 2075 80 54 e.
1078 2075 94 54 Guil.

395 2126 107 52 quod
462 2126 147 52 incipit
569 2126 161 52 nominari
689 2126 174 52 symbolice
823 2126 67 52 a
850 2126 161 52 qualibet
970 2126 161 52 creatura
1077 2126 94 52 quam-

383 2171 188 46 tuncunque
527 2171 130 46 minma
614 2171 116 46 sit:
686 2171 87 46 si
729 2171 173 46 importet
859 2171 159 46 aliquam
961 2171 202 46 proprietatem

386 2203 92 55 deo
438 2203 224 55 conuenientem.
623 2203 79 55 et
662 2203 92 55 sic
715 2203 158 55 ascendit
833 2203 118 55 vsque
912 2203 79 55 ad
952 2203 145 55 vltimam
1044 2203 118 55 visibus

379 2249 100 53 lem
436 2249 185 53 creaturam
578 2249 86 53 Et
621 2249 100 53 ibi
678 2249 157 53 incipit
792 2249 171 53 nomiatio
921 2249 157 53 mystica
1035 2249 100 53 ita
1077 2249 86 53 quod

389 2293 112 45 vbi
453 2293 176 45 desinit
581 2293 160 45 summum
694 2293 225 45 imperfecti
870 2293 160 45 gradus
983 2293 112 45 ibi
1031 2293 144 45 incipit

388 2336 151 56 infimum
498 2336 165 56 perfecti
622 2336 138 56 gradus
718 2336 165 56 secundum
842 2336 138 56 Diony.
938 2336 83 56 de
980 2336 151 56 mystica
1076 2336 96 56 theo.

381 2375 75 54 c.
418 2375 87 54 ii.
468 2375 75 54 et
505 2375 150 54 ascendit
617 2375 112 54 vsque
692 2375 75 54 ad
730 2375 150 54 spiritum
842 2375 87 54 deo
892 2375 199 54 proximiorem.
1054 2375 87 54 Sic
1091 2375 75 54 ergo

393 2420 182 50 dupliciter
536 2420 91 50 fit
588 2420 182 50 translatio
731 2420 143 50 nominum
834 2420 78 50 in
873 2420 104 50 deum
938 2420 156 50 secundum
1042 2420 130 50 duplicem

381 2470 185 46 theologiam
526 2470 158 46 scilicet
645 2470 185 46 symbolicam
790 2470 79 46 et
829 2470 171 46 mysticam.
961 2470 79 46 Et
1001 2470 158 46 conuenit
1106 2470 66 46 lau

383 2507 113 59 dare
454 2507 113 59 deum
524 2507 85 59 ex
567 2507 156 59 omnibus
680 2507 198 59 creaturis.
836 2507 99 59 nam
892 2507 113 59 laus
963 2507 99 59 est
1019 2507 127 59 sermo
1090 2507 85 59 elu-

383 2546 115 50 cidans
463 2546 184 50 magnitudinem
612 2546 138 50 virtutis
715 2546 69 50 vt
750 2546 103 50 dicit
819 2546 172 50 philosophus
956 2546 103 50 libro
1025 2546 115 50 rheto.
1094 2546 69 50 vnde

384 2585 156 56 secundum
501 2585 78 56 e.
540 2585 130 56 Diony.
630 2585 78 56 de
669 2585 91 56 di.
721 2585 91 56 no.
773 2585 78 56 Et
812 2585 117 56 etiam
890 2585 78 56 de
929 2585 130 56 mysti.
1019 2585 117 56 theo.
1097 2585 78 56 Et
1123 2585 52 56 in

384 2627 172 54 epistola
512 2627 129 54 Gayum
598 2627 86 54 de
641 2627 172 54 caligine
770 2627 100 54 vbi
827 2627 157 54 habitat
941 2627 114 54 deus
999 2627 157 54 aliisquie

387 2670 169 59 epistolis
517 2670 117 59 suis.
595 2670 104 59 deus
660 2670 169 59 nominatur
791 2670 78 59 et
830 2670 156 59 laudatur
947 2670 104 59 nunc
1012 2670 156 59 mystice.
1116 2670 52 59 vi

369 2714 89 69 cum
420 2714 140 69 dicitur
522 2714 127 69 anima.
610 2714 114 69 iuxta
687 2714 114 69 illud
763 2714 140 69 Iurauit
864 2714 140 69 dominus
966 2714 89 69 per
1017 2714 127 69 animam
1093 2714 76 69 suam

1187 278 124 88 Nunc
1265 278 202 88 symbolice
1420 278 171 88 dicendo
1544 278 217 88 splendorem
1715 278 93 88 et
1762 278 186 88 speculum
1886 278 93 88 Heb.

1189 347 95 73 i.
1237 347 111 73 Hec
1300 347 95 73 ex
1348 347 127 73 Guil
1427 347 79 73 ¶
1458 347 95 73 Ad
1506 347 111 73 hec
1569 347 127 73 vide
1648 347 143 73 infra
1743 347 111 73 vbi
1791 347 190 73 Trantferre

1355 445 357 95 Hmen
1534 445 401 95 diuinum

1393 521 121 65 secundo
1481 521 132 65 scilicet
1580 521 66 65 de
1613 521 110 65 nomine
1690 521 165 65 principali.
1821 521 143 65 Queritur.
1920 521 66 65 Quod

1395 567 107 65 est
1456 567 137 65 nomen
1547 567 168 65 diuinum
1669 567 137 65 magis
1761 567 229 65 principale.
1929 567 61 65 An

1201 603 126 65 nomen
1285 603 168 65 mysticum
1411 603 84 65 an
1453 603 210 65 symbolicum:
1621 603 210 65 Respondetur
1789 603 168 65 secundum
1901 603 98 65 Guil.

1211 645 76 62 e.
1249 645 89 62 di.
1300 645 115 62 xxii.
1377 645 127 62 primi.
1466 645 153 62 aliosque
1581 645 102 62 doc.
1644 645 102 62 quod
1708 645 115 62 nomen
1784 645 153 62 mysticum
1899 645 89 62 est
1937 645 51 62 ma

1213 694 92 64 gis
1265 694 183 64 principale
1409 694 105 64 quam
1475 694 196 64 symbolicum.
1632 694 131 64 Primo.
1723 694 105 64 quia
1789 694 157 64 secundum
1893 694 105 64 Diony.

1203 728 88 76 et
1247 728 117 76 eius
1320 728 248 76 commentatorem
1524 728 146 76 nomina
1626 728 190 76 symbolica
1772 728 175 76 sumuntur
1903 728 88 76 et
1933 728 58 76 no

1210 773 138 67 minant
1307 773 110 67 deum
1376 773 83 67 ac
1417 773 152 67 laudant
1528 773 83 67 ex
1569 773 179 67 creaturis
1707 773 221 67 inferioribus
1873 773 124 67 scilice

1217 816 76 58 ex
1255 816 214 58 sensibilibus.
1432 816 88 58 Sed
1482 816 139 58 mystica
1583 816 76 58 ex
1621 816 202 58 superioribus
1785 816 76 58 id
1823 816 88 58 est
1860 816 139 58 iuisibil.

1223 854 69 71 b
1251 854 111 71 quae
1320 854 111 71 sunt
1389 854 221 71 perfectiores
1569 854 83 71 vt
1611 854 138 71 angeli
1708 854 111 71 etc.
1777 854 152 71 Secundo
1887 854 111 71 quia
1943 854 69 71 sym

1209 898 152 64 bolica
1315 898 182 64 nominant
1451 898 121 64 deum
1527 898 106 64 per
1588 898 136 64 modum
1679 898 227 64 remotionis.
1860 898 106 64 Sed
1906 898 106 64 mysti

1213 944 84 56 ca
1255 944 182 56 perimodum
1395 944 182 56 eminentie
1536 944 84 56 vt
1578 944 154 56 patuit.
1690 944 84 56 §.
1732 944 84 56 i.
1774 944 140 56 Tertio
1873 944 112 56 quia
1929 944 70 56 syn

1227 977 136 75 polica
1323 977 163 75 nominant
1445 977 109 75 deum
1513 977 95 75 per
1568 977 150 75 aliquas
1676 977 231 75 similitudines
1867 977 122 75 rerum
1935 977 68 75 Sed

1223 1024 144 67 mystica
1327 1024 78 67 id
1367 1024 91 67 est
1419 1024 144 67 occulta
1523 1024 157 67 nominant
1641 1024 104 67 deum
1706 1024 91 67 per
1758 1024 91 67 hoc
1810 1024 104 67 quod
1875 1024 78 67 in
1902 1024 104 67 occul-

1224 1074 78 50 to
1263 1074 130 50 sentit
1354 1074 117 50 anima
1432 1074 78 50 de
1470 1074 91 50 deo
1522 1074 91 50 per
1574 1074 220 50 inspirationem
1756 1074 91 50 vel
1795 1074 220 50 contemplationem

1220 1110 86 65 vt
1263 1110 157 65 dicendo
1377 1110 114 65 deum
1448 1110 157 65 suauem.
1563 1110 157 65 dulcem.
1677 1110 186 65 amorosum.
1820 1110 186 65 dilectum.
1949 1110 57 65 Et

1228 1153 80 55 cu
1268 1153 147 55 psalms.
1375 1153 107 55 Deus
1441 1153 134 55 cordis
1535 1153 93 55 mei
1588 1153 107 55 pars
1655 1153 80 55 et
1695 1153 174 55 huiusmodi
1828 1153 107 55 etc.
1882 1153 120 55 Quamuis

1226 1191 115 61 autem
1303 1191 166 61 vtrobique
1431 1191 102 61 deus
1494 1191 166 61 nominatur
1622 1191 89 61 per
1673 1191 179 61 creaturas.
1814 1191 115 61 tamen
1890 1191 77 61 in
1916 1191 89 61 symbo

1222 1233 109 72 lica
1291 1233 95 72 per
1345 1233 204 72 exteriores.
1509 1233 95 72 sed
1563 1233 82 72 in
1604 1233 150 72 mystica
1713 1233 95 72 per
1768 1233 191 72 interiores
1918 1233 82 72 et
1945 1233 68 72 di-

1228 1275 154 69 gniores
1340 1275 168 69 affectus
1466 1275 112 69 quos
1536 1275 126 69 anima
1620 1275 154 69 desuper
1733 1275 154 69 recipit
1845 1275 84 69 et
1887 1275 98 69 ita
1929 1275 84 69 impo

1224 1329 92 48 nit
1276 1329 92 48 deo
1329 1329 118 48 nomen
1407 1329 92 48 per
1459 1329 118 48 donum
1538 1329 170 48 sapientie
1669 1329 118 48 cuius
1747 1329 157 48 proprium
1865 1329 92 48 est
1904 1329 105 48 cogno-

1231 1364 112 57 scere
1305 1364 186 57 experimento
1454 1364 124 57 qualis
1541 1364 87 57 sit
1590 1364 112 57 deus.
1665 1364 99 57 vnde
1727 1364 149 57 psalmos.
1838 1364 136 57 Gustate
1938 1364 74 57 et
1962 1364 50 57 vt

1218 1405 105 62 dete
1283 1405 144 62 quoniam
1388 1405 131 62 suauis
1479 1405 91 62 est
1532 1405 157 62 dominus.
1649 1405 131 62 beatus
1741 1405 91 62 vir
1793 1405 91 62 qui
1845 1405 131 62 sperat
1937 1405 78 62 in
1963 1405 52 62 eo

1222 1455 90 71 ergo
1278 1455 124 71 habetur
1357 1455 146 71 propositum.

1210 1526 127 79 ¶
1260 1526 178 79 Qud
1362 1526 178 79 est
1464 1526 229 79 maius
1617 1526 229 79 nomen
1769 1526 178 79 vel
1846 1526 178 79 prin-

1214 1597 172 51 cipalius
1343 1597 129 51 inter
1429 1597 158 51 mystica
1544 1597 158 51 nomina:
1659 1597 187 51 Respondet
1803 1597 115 51 idem
1874 1597 129 51 Guil.
1946 1597 72 51 di-

1219 1644 195 44 co(inquit)
1372 1644 125 44 saluo
1455 1644 153 44 meliori
1566 1644 153 44 iudicio
1678 1644 111 44 quod
1747 1644 153 44 seraph.
1858 1644 111 44 vnde
1928 1644 83 44 et
1955 1644 56 44 in

1219 1678 144 55 signum
1319 1678 144 55 amoris
1420 1678 273 55 excellentissimi
1649 1678 100 55 dum
1707 1678 172 55 apperuit
1836 1678 129 55 beato
1908 1678 100 55 Fran.

1223 1724 222 48 insigniendo
1401 1724 133 48 ipsum
1490 1724 148 48 sacris
1593 1724 222 48 stigmatibus
1771 1724 193 48 passionis
1919 1724 104 48 que
1964 1724 59 48 ex

1218 1759 133 55 amore
1307 1759 237 55 ardentissimo
1500 1759 89 55 ad
1544 1759 104 55 nos
1603 1759 178 55 christus
1737 1759 193 55 partulit:
1870 1759 148 55 apparere

1219 1803 136 56 voluit
1315 1803 82 56 in
1356 1803 150 56 effigie
1465 1803 191 56 seraphica.
1615 1803 150 56 quoniam
1724 1803 109 56 ipse
1793 1803 191 56 seraphicus
1929 1803 82 56 pate

1225 1847 131 59 Fran.
1313 1847 102 59 tam
1371 1847 160 59 mystice
1487 1847 116 59 quam
1559 1847 189 59 symbolice
1704 1847 87 59 ex
1748 1847 189 59 creaturis
1878 1847 131 59 solitis

1222 1891 117 57 erat
1296 1891 161 57 laudare
1413 1891 117 57 deum
1487 1891 88 57 vt
1531 1891 132 57 canit
1619 1891 176 57 ecclesia
1751 1891 88 57 de
1795 1891 103 57 eo.
1854 1891 103 57 Hic
1898 1891 117 57 creatu

1218 1928 107 57 ris
1279 1928 168 57 imparat
1401 1928 107 57 qui
1462 1928 137 57 nutui
1554 1928 214 57 subiecerat
1722 1928 92 57 se
1767 1928 137 57 totum
1844 1928 183 57 creatoris.

1222 1977 205 54 quicquid
1376 1977 102 54 in
1427 1977 154 54 rebus
1529 1977 188 54 reperit
1666 1977 273 54 delectamenti
1870 1977 154 54 regerit

1227 2017 83 60 in
1269 2017 153 60 gloriam
1380 2017 167 60 factoris
1491 2017 83 60 etc.

1227 2063 120 68 ¶
1275 2063 144 68 Qd
1347 2063 168 68 est
1443 2063 215 68 nomen
1586 2063 383 68 principalius
1897 2063 144 68 et
1945 2063 96 68 ma

1221 2118 88 52 gis
1272 2118 163 52 exprimens
1397 2118 138 52 diuinam
1498 2118 176 52 essentiam;
1636 2118 189 52 Respondetur
1787 2118 151 52 secundum
1900 2118 101 52 san.
1951 2118 75 52 Tho.

1221 2157 70 53 in
1256 2157 129 53 scripto
1350 2157 82 53 di.
1397 2157 106 53 viii.
1468 2157 70 53 q.
1503 2157 70 53 i.
1538 2157 70 53 Et
1574 2157 82 53 hoc
1621 2157 106 53 tenet
1691 2157 106 53 etiam
1762 2157 106 53 Guil.
1832 2157 82 53 vbi
1879 2157 117 53 supra.
1950 2157 70 53 quod

1218 2199 135 54 istud
1308 2199 135 54 nomen
1398 2199 105 54 Qui
1457 2199 120 54 est.
1532 2199 120 54 vnde
1607 2199 120 54 Exo.
1682 2199 120 54 iii.
1757 2199 150 54 Moyses
1861 2199 105 54 cum
1906 2199 105 54 inter

1220 2239 159 52 rogasset
1339 2239 119 52 nomen
1419 2239 146 52 domini.
1525 2239 106 52 quod
1591 2239 133 52 esset:
1684 2239 146 52 angelus
1790 2239 80 52 in
1829 2239 146 52 persona
1922 2239 93 52 domin

1228 2279 180 63 Respondet.
1370 2279 90 63 Ego
1421 2279 90 63 sum
1473 2279 103 63 quie
1537 2279 103 63 sum.
1602 2279 90 63 Sic
1653 2279 116 63 dices
1731 2279 129 63 filiis
1821 2279 129 63 istls.
1911 2279 90 63 Qui
1950 2279 77 63 est:

1226 2329 147 50 misit
1324 2329 114 50 me.
1389 2329 114 50 Hoc
1454 2329 147 50 nomen
1552 2329 131 50 mihi
1634 2329 114 50 est
1699 2329 98 50 in
1748 2329 245 50 sempiternum
1928 2329 98 50 etc.

1246 2367 137 59 Ideoque
1345 2367 137 59 Damasce
1444 2367 99 59 lib.
1506 2367 74 59 i.
1543 2367 199 59 sententiarum
1705 2367 124 59 suarum
1792 2367 112 59 dicit
1866 2367 99 59 quod
1928 2367 87 59 hoc
1965 2367 50 59 no

1220 2419 88 49 men
1271 2419 88 49 Qui
1321 2419 101 49 est.
1384 2419 88 49 est
1435 2419 113 49 solum
1510 2419 151 49 proprium
1624 2419 76 49 et
1662 2419 176 49 principale
1800 2419 113 49 nomen
1876 2419 101 49 dici
1926 2419 76 49 quod

1221 2460 123 51 eius
1298 2460 246 51 significatum
1498 2460 169 51 proprii
1621 2460 123 51 sime
1698 2460 92 51 in
1744 2460 123 51 solo
1821 2460 108 51 deo
1882 2460 123 51 est.
1944 2460 77 51 Nam

1223 2503 101 48 vt
1274 2503 151 48 etiam
1374 2503 134 48 Aug.
1458 2503 151 48 dicit
1559 2503 151 48 Solus
1660 2503 134 48 deus
1743 2503 134 48 vere
1827 2503 134 48 est.
1895 2503 117 48 cuius

1226 2546 231 49 comparatione
1413 2546 144 49 cetera
1514 2546 101 49 non
1571 2546 130 49 sunt.
1658 2546 115 49 quia
1730 2546 115 49 deus
1802 2546 101 49 est
1860 2546 101 49 per
1903 2546 115 49 essen-

1218 2577 111 54 tiam
1287 2577 124 54 suam.
1370 2577 138 54 cetera
1467 2577 97 54 non
1522 2577 111 54 nisi
1591 2577 97 54 per
1647 2577 263 54 participationem
1868 2577 69 54 a
1895 2577 111 54 deo.
1951 2577 55 54 et

1223 2617 86 55 sic
1272 2617 147 55 secundum
1382 2617 98 55 quid
1443 2617 98 55 esse
1504 2617 159 55 dicuntur.
1626 2617 61 55 ¶
1651 2617 73 55 Si
1687 2617 110 55 autem
1761 2617 98 55 quis
1822 2617 159 55 obiiciat.
1932 2617 73 55 quia

1220 2660 160 57 Diony.
1332 2660 193 57 assignat
1477 2660 112 57 hoc
1541 2660 144 57 nomen
1637 2660 144 57 bonum
1733 2660 128 57 esse
1814 2660 193 57 proprium
1942 2660 64 57 et

1220 2708 227 65 principale
1398 2708 146 65 nomen
1495 2708 130 65 dei.
1576 2708 146 65 iuxta
1674 2708 146 65 illud
1771 2708 130 65 Mat.
1852 2708 130 65 xix.
1917 2708 97 65 Nemo
