2249 3283
382 285 131 64 dicti
469 285 218 64 discordant.
643 285 116 64 Tunc
715 285 87 64 in
759 285 276 64 disputationibus
976 285 174 64 subtilitat

390 345 91 47 bus
442 345 78 47 et
481 345 208 47 questionibus
650 345 182 47 praefertur
793 345 104 47 Aug.
858 345 91 47 Sed
910 345 78 47 in
936 345 221 47 translationibus

385 388 85 51 vel
434 388 208 51 historialibus
605 388 73 51 et
641 388 269 51 interpretationibus
873 388 171 51 praefertur
1007 388 147 51 Hierous.
1105 388 49 51 In

385 429 187 47 moralibus
528 429 129 47 autem
614 429 144 47 Grego.
715 429 86 47 In
758 429 201 47 sermonibus
916 429 115 47 vero
988 429 86 47 et
1031 429 86 47 in
1059 429 101 47 iudi-

392 474 107 52 ciis
458 474 187 52 praefertur
605 474 107 52 Amb.
672 474 80 52 vt
712 474 120 52 notat
792 474 120 52 etiam
872 474 107 52 glo.
938 474 93 52 xv.
992 474 93 52 di.
1045 474 80 52 c.
1072 474 93 52 Sicut

378 513 94 60 et
425 513 94 60 in
472 513 141 60 Ange.
566 513 125 60 sum.
629 513 78 60 etc

388 553 118 67 ¶
435 553 188 67 Quid
552 553 141 67 de
623 553 235 67 dictis
787 553 282 67 Sratiani
999 553 141 67 et
1046 553 118 67 de-

389 609 166 49 cretorum.
517 609 191 49 Respondetur
670 609 153 49 secundum
784 609 102 49 Amb.
848 609 178 49 Tharuisus.
976 609 178 49 recolligendo

389 655 77 49 ex
428 655 128 49 dictis
517 655 115 49 Ioam.
594 655 102 49 and.
658 655 115 49 extra
735 655 77 49 de
773 655 115 49 iudi.
850 655 77 49 c.
888 655 77 49 ex
927 655 128 49 parte.
1016 655 77 49 et
1055 655 77 49 c.
1080 655 77 49 debi

383 703 110 53 tum.
452 703 124 53 extra
535 703 83 53 de
576 703 124 53 biga.
659 703 110 53 quod
727 703 83 53 de
769 703 138 53 dictis
865 703 165 53 Graciani
989 703 165 53 possumus
1099 703 55 53 lo

387 729 90 68 qui
439 729 180 68 dupliciter
580 729 64 68 ¶
606 729 116 68 Primo
683 729 103 68 modo
748 729 206 68 considerando
915 729 116 68 dicta
993 729 103 68 eius
1044 729 116 68 inquam-

387 767 87 65 tum
436 767 100 65 sunt
499 767 125 65 dictam
586 767 162 65 sanctorum
710 767 149 65 doctorum
822 767 212 65 canonisatorum
997 767 87 65 qua
1046 767 125 65 quadem
1121 767 50 65 vt

375 823 107 50 sic
436 823 122 50 sunt
512 823 214 50 approbata.
680 823 92 50 et
726 823 107 50 non
787 823 92 50 vt
833 823 137 50 dctam
924 823 183 50 Graciani
1061 823 92 50 vt
1092 823 61 50 pt

390 871 116 46 extra
468 871 78 46 de
506 871 168 46 constitu.
636 871 78 46 c.
675 871 78 46 Ne
713 871 181 46 innitaris.
856 871 91 46 vbi
907 871 78 46 et
946 871 116 46 patet
1024 871 103 46 quod
1075 871 91 46 decre

386 905 81 51 ta
427 905 190 51 praeponeda
576 905 108 51 sunt
644 905 135 51 opioni
739 905 190 51 singulari.
888 905 81 51 vt
928 905 122 51 dicit
1009 905 149 51 Hierus.
1104 905 68 51 ibi

395 947 104 54 Unde
460 947 156 54 tenendum
577 947 91 54 est
629 947 91 54 pro
681 947 130 54 regula
772 947 117 54 gnali
850 947 104 54 quod
915 947 117 54 dicta
993 947 169 54 sanctorum
1110 947 52 54 ab

390 995 148 47 eccmsia
497 995 215 47 approbatorum
672 995 108 47 sunt
739 995 161 47 firmiter
860 995 161 47 tenenda.
981 995 81 47 Et
1008 995 148 47 praecipue

385 1034 133 46 dicta
474 1034 177 46 quattuor
607 1034 177 46 doctorum
740 1034 133 46 vsque
828 1034 89 46 ad
873 1034 162 46 vltimum
991 1034 118 46 iota
1050 1034 118 46 fruari

379 1071 146 52 debent
481 1071 87 52 et
525 1071 160 52 defendi
642 1071 131 52 vsque
729 1071 87 52 ad
773 1071 160 52 sanguis
889 1071 204 52 effusionem
1049 1071 102 52 di.
1093 1071 73 52 xv.

388 1112 77 53 c.
427 1112 90 53 fi.
478 1112 77 53 et
517 1112 116 53 .xxv.
595 1112 77 53 q.
633 1112 77 53 i.
672 1112 103 53 Sunt
737 1112 129 53 quidam
827 1112 168 53 intellige
956 1112 103 53 nisi
1021 1112 129 53 essent
1098 1112 65 53 re-

389 1163 159 46 tractata
508 1163 80 46 ab
548 1163 133 46 eisdem
641 1163 93 46 vel
694 1163 93 46 per
747 1163 173 46 ecclesiam
880 1163 173 46 correcta.
1013 1163 106 46 xvi.
1079 1163 93 46 di.
1119 1163 40 46 c

392 1208 78 44 i.
431 1208 78 44 et
470 1208 91 44 ii.
522 1208 78 44 Et
561 1208 91 44 di.
613 1208 117 44 xxii.
691 1208 78 44 c.
730 1208 78 44 i.
769 1208 78 44 Et
809 1208 104 44 nisi
874 1208 208 44 discordarent
1043 1208 78 44 in
1069 1208 91 44 decre

390 1246 91 51 tis
442 1246 129 51 eorum.
532 1246 91 51 Nam
584 1246 142 51 decreta
688 1246 168 51 inquantum
817 1246 168 51 sanctorum
946 1246 220 51 canonisatorum
1114 1246 52 51 di

384 1284 92 52 cta
437 1284 106 52 sunt
503 1284 171 52 approbata
634 1284 79 52 et
674 1284 198 52 autenticata
832 1284 92 52 per
885 1284 198 52 apostolicam
1043 1284 106 52 sede
1096 1284 66 52 vnd

380 1326 87 50 et
423 1326 159 50 papales
539 1326 203 50 decretales
698 1326 87 50 et
742 1326 203 50 imporiales
901 1326 130 50 leges
988 1326 159 50 imitari
1090 1326 72 50 non

387 1371 191 45 dedignantur
540 1371 140 45 decreta
642 1371 166 45 inquantum
770 1371 102 45 sunt
834 1371 115 45 dicta
910 1371 179 45 sanctorum.
1050 1371 77 45 vt
1089 1371 77 45 in
1114 1371 51 45 au

386 1409 104 46 tem.
451 1409 78 46 de
490 1409 144 46 monach.
595 1409 78 46 §.
634 1409 91 46 fi.
686 1409 78 46 Et
725 1409 117 46 etiam
804 1409 117 46 liber
882 1409 183 46 decretorum
1012 1409 144 46 communite

390 1451 141 48 legitur
493 1451 77 48 in
531 1451 141 48 scholis
634 1451 231 48 Uniuersitatum.
826 1451 77 48 et
864 1451 179 48 allegantur
1005 1451 77 48 in
1031 1451 128 48 iudiciis

382 1494 154 50 inquantum
500 1494 95 50 sunt
559 1494 71 50 in
595 1494 142 50 decretis
701 1494 130 50 daectam
796 1494 165 50 sanctorum.
926 1494 71 50 Ad
961 1494 83 50 hoc
1008 1494 154 50 proemium.
1115 1494 47 50 vi

389 1539 80 45 et
429 1539 107 45 cle.
495 1539 80 45 in
535 1539 93 45 fi.
589 1539 67 45 ¶
615 1539 147 45 Secundo
722 1539 107 45 modo
789 1539 160 45 possumus
909 1539 120 45 loqui
989 1539 80 45 de
1029 1539 133 45 dictis
1109 1539 53 45 de

391 1579 167 45 cretorum
516 1579 181 45 inquantum
656 1579 237 45 considerantur
851 1579 84 45 vt
892 1579 111 45 sunt
962 1579 125 45 dicta
1032 1579 139 45 Graciani

385 1613 82 60 et
426 1613 96 60 sic
481 1613 233 60 distinguendum
673 1613 110 60 est.
741 1613 110 60 quia
810 1613 96 60 aut
865 1613 178 60 Gratianus
1002 1613 164 60 loquitur
1111 1613 55 60 ma

381 1654 205 61 gisterialiter
550 1654 72 61 vt
586 1654 121 61 doctor
670 1654 145 61 secundum
779 1654 157 61 opinionem
900 1654 157 61 propriam.
1020 1654 72 61 et
1056 1654 97 61 eius
1105 1654 60 61 di-

396 1709 86 44 cta
445 1709 86 44 non
494 1709 99 44 sunt
556 1709 123 44 contra
642 1709 173 44 decretales
778 1709 185 44 pontificum.
926 1709 74 44 et
963 1709 86 44 sic
1012 1709 136 44 possunt
1098 1709 74 44 tene

382 1742 68 55 ri
416 1742 79 55 vel
461 1742 79 55 non
506 1742 124 55 teneri.
596 1742 101 55 sicut
663 1742 68 55 et
697 1742 101 55 dicta
765 1742 135 55 magistri
866 1742 180 55 sententiarum
1013 1742 68 55 in
1046 1742 113 55 certis
1114 1742 45 55 le

387 1790 85 50 cis
436 1790 85 50 non
484 1790 146 50 tenentur
594 1790 73 50 vt
630 1790 110 50 dicit
703 1790 110 50 Ioam.
776 1790 97 50 and.
837 1790 122 50 supra.
923 1790 85 50 Aut
971 1790 110 50 dicta
1044 1790 97 50 ipsa
1093 1790 73 50 Gra-

388 1823 136 47 tiani
479 1823 121 47 sunt
554 1823 136 47 etiam
645 1823 242 47 decretalibus
841 1823 212 47 pontificum
993 1823 166 47 approbata

388 1866 95 55 tunc
447 1866 107 55 illis
519 1866 130 55 standum
613 1866 83 55 est
661 1866 166 55 firmiteur.
791 1866 95 55 quia
851 1866 71 55 vt
886 1866 83 55 sic
934 1866 83 55 non
981 1866 130 55 dicitur
1064 1866 95 55 opinic

382 1908 175 57 Gratiani
514 1908 102 57 sed
572 1908 117 57 pape
645 1908 219 57 approbantis
821 1908 117 57 etc.
894 1908 102 57 Hec
952 1908 175 57 secundum
1069 1908 88 57 Ioam

389 1959 106 45 and.
455 1959 106 45 etc.
522 1959 80 45 Si
561 1959 120 45 autem
641 1959 173 45 dubitatur
774 1959 93 45 nec
827 1959 159 45 repritur
947 1959 146 45 certum.
1053 1959 80 45 An
1079 1959 80 45 dcti

386 1994 162 49 Gratiani
507 1994 108 49 sint
574 1994 175 49 approbata
709 1994 94 49 vel
763 1994 108 49 non.
831 1994 108 49 tunc
898 1994 94 49 non
952 1994 135 49 artant
1033 1994 135 49 secundum

398 2041 147 49 Ioan.
495 2041 130 49 and.
577 2041 98 49 et
626 2041 147 49 Anto.
723 2041 114 49 Nam
789 2041 212 49 Gratianus
951 2041 147 49 leges
1033 2041 130 49 conden

385 2084 68 47 di
419 2084 158 47 poteatatem
543 2084 79 47 non
588 2084 113 47 humit.
667 2084 79 47 nec
712 2084 169 47 praesumitur
847 2084 90 47 sibi
904 2084 90 47 fore
960 2084 135 47 concessa
1050 2084 113 47 potestas

387 2123 95 49 nisi
447 2123 143 49 probetur
554 2123 72 49 vt
590 2123 72 49 in
626 2123 131 49 proemio
721 2123 107 49 libro
792 2123 83 49 vi.
840 2123 119 49 versu.
924 2123 83 49 Nos
971 2123 131 49 apicem.
1067 2123 95 49 vnde
1114 2123 48 49 di

390 2160 102 54 cta
449 2160 175 54 Gratiani
580 2160 102 54 non
639 2160 175 54 videntur
770 2160 190 54 approbata
917 2160 117 54 nisi
990 2160 146 54 aliqui
1077 2160 88 54 cano

388 2204 106 46 nes
448 2204 212 46 decretales
615 2204 91 46 de
660 2204 106 46 eis
721 2204 151 46 faciat
827 2204 212 46 mentionem.
993 2204 91 46 vt
1039 2204 106 46 est
1084 2204 91 46 glo.

390 2246 108 53 extra
462 2246 72 53 de
498 2246 84 53 re.
546 2246 120 53 eccle.
629 2246 84 53 non
677 2246 108 53 alie.
749 2246 72 53 c.
785 2246 72 53 i.
821 2246 84 53 li.
869 2246 84 53 vi.
917 2246 156 53 Similiter
1036 2246 132 53 rubrice
1120 2246 48 53 de

394 2285 130 62 creti
480 2285 101 62 non
538 2285 116 62 sunt
611 2285 188 62 approbate
755 2285 87 62 vt
799 2285 130 62 notat
886 2285 130 62 Ioam.
972 2285 116 62 and.
1045 2285 87 62 in
1074 2285 101 62 proe-

387 2335 92 47 mio
439 2335 131 47 sexti.
531 2335 105 47 vnde
597 2335 184 47 decretales
741 2335 210 47 praeferuntur
899 2335 144 47 decretis.

388 2373 117 68 ¶
434 2373 141 68 An
505 2373 211 68 dicta
646 2373 188 68 pape
763 2373 188 68 sint
857 2373 305 68 praeferenda

398 2431 194 53 opinionibus
553 2431 142 53 aliorum
657 2431 155 53 illisque
774 2431 91 53 sit
825 2431 129 53 omnino
916 2431 155 53 sfandum.
1020 2431 142 53 Responde-

383 2475 153 50 secundum
498 2475 128 50 Hosti.
588 2475 77 50 c.
626 2475 179 50 Pastoralis
767 2475 77 50 de
805 2475 153 50 decimis.
920 2475 77 50 et
958 2475 102 50 Inn.
1022 2475 64 50 c
1035 2475 128 50 litteras

390 2515 74 52 de
427 2515 123 52 resti:
513 2515 99 52 spo.
574 2515 99 52 Quod
636 2515 74 52 si
673 2515 99 52 papa
735 2515 148 52 loquitur
845 2515 74 52 vt
882 2515 123 52 doctor
969 2515 86 52 vel
1018 2515 148 52 magister
1116 2515 62 52 ar-

395 2556 151 49 bitrando
509 2556 88 49 non
559 2556 177 49 praefertur
698 2556 189 49 opinionibus
850 2556 151 49 aliorum.
963 2556 88 49 nec
1014 2556 101 49 eius
1064 2556 101 49 opinic

389 2595 141 56 artat
484 2595 141 56 sicut
578 2595 110 56 nec
641 2595 157 56 opinio
751 2595 189 56 alicuius
892 2595 189 56 alterius
1018 2595 157 56 doctoris

401 2644 95 49 di.
456 2644 95 49 ix.
510 2644 81 49 c.
551 2644 108 49 Noli
618 2644 81 49 et
659 2644 81 49 c.
700 2644 136 49 Neque.
795 2644 95 49 Nam
849 2644 81 49 vt
889 2644 122 49 Augu.
971 2644 81 49 in
1011 2644 163 49 epistola
1120 2644 54 49 ad

398 2686 185 69 Fortumatum
543 2686 132 69 dicit.
636 2686 93 69 non
689 2686 79 69 eo
728 2686 185 69 ipoleditur
874 2686 106 69 fama
940 2686 159 69 alicuius
1059 2686 106 69 quod
1112 2686 66 69 ex

1210 281 185 76 probratur
1352 281 213 76 testimonium
1523 281 128 76 suum.
1608 281 85 76 Si
1650 281 128 76 autem
1736 281 114 76 papa
1807 281 171 76 loquitur
1935 281 85 76 vt
1963 281 57 76 pa

1212 353 71 45 pa
1248 353 142 45 scilicet
1354 353 190 45 determinando
1508 353 83 45 vel
1556 353 154 45 statuendo
1674 353 83 45 sic
1722 353 166 45 praefertur
1852 353 95 45 eius
1899 353 107 45 opienio

1215 388 75 57 et
1252 388 138 57 standum
1352 388 88 57 est
1402 388 75 57 ei
1440 388 100 57 quia
1502 388 113 57 facit
1577 388 113 57 legem
1652 388 163 57 sententia
1777 388 100 57 pape
1840 388 88 57 quo
1890 388 75 57 ad
1915 388 88 57 omnes

1207 436 128 42 Extra
1292 436 85 42 de
1334 436 113 42 sen.
1405 436 85 42 et
1448 436 85 42 re
1491 436 128 42 iudi.
1576 436 85 42 c.
1618 436 156 42 causis.
1732 436 113 42 Quod
1803 436 113 42 emim
1874 436 113 42 papa
1930 436 57 42 ap

1210 469 142 52 probat
1309 469 99 52 non
1366 469 127 52 licet
1451 469 127 52 aliis
1536 469 198 52 reprobare.
1691 469 156 52 xxiiii.
1805 469 85 52 q.
1847 469 85 52 i.
1890 469 99 52 Hec
1932 469 71 52 est

1215 514 116 48 fides
1292 514 90 48 ibi
1344 514 103 48 glo.
1408 514 103 48 Unde
1472 514 103 48 papa
1537 514 116 48 etiam
1614 514 180 48 sententiam
1756 514 129 48 suorum
1833 514 167 48 praedecesso

1214 554 97 49 rum
1270 554 139 49 potest
1367 554 181 49 commutare
1507 554 111 49 nisi
1576 554 111 49 tale
1646 554 125 49 esset
1729 554 139 49 contra
1813 554 181 49 autoritatem

1214 600 116 49 iuris
1291 600 129 49 diuini
1382 600 90 49 Non
1433 600 103 49 enim
1498 600 129 49 potest
1588 600 90 49 nec
1639 600 116 49 valet
1717 600 103 49 pape
1781 600 167 49 sententia
1897 600 103 49 contra

1214 637 90 51 ius
1266 637 142 51 diuinum
1369 637 90 51 vel
1421 637 194 51 autoritatem
1576 637 155 51 expresse
1692 637 103 51 glo.
1757 637 90 51 xx.
1808 637 90 51 di.
1860 637 78 51 c.
1899 637 78 51 i.
1925 637 78 51 quam

1215 677 106 54 uis
1275 677 258 54 interpraetari
1488 677 91 54 et
1533 677 197 54 declarare
1685 677 152 54 habeat
1791 677 91 54 in
1836 677 152 54 dubiis
1927 677 91 54 iurl

1214 722 144 56 diuini
1314 722 86 56 et
1358 722 115 56 tunc
1430 722 159 56 standum
1545 722 101 56 est
1588 722 58 56 et

1253 762 94 75 ¶
1291 762 132 75 Sed
1366 762 151 75 quid
1461 762 132 75 cum
1537 762 170 75 inter
1650 762 170 75 papam
1763 762 113 75 et
1801 762 208 75 concilium

1229 816 94 59 est
1282 816 202 59 diuersitas:
1444 816 161 59 Dicendum
1565 816 161 59 secundum
1686 816 67 59 .
1713 816 148 59 Angelum
1821 816 81 59 in
1861 816 121 59 summa
1928 816 81 59 quod

1221 867 100 41 tunc
1284 867 75 41 in
1322 867 225 41 concernentibus
1509 867 113 41 fidem
1584 867 163 41 Concilium
1709 867 188 41 praeponitur
1859 867 100 41 quia
1909 867 88 41 orbis

1229 907 131 53 maior
1316 907 102 53 est
1374 907 131 53 vrbe.
1461 907 87 53 In
1504 907 131 53 aliis
1591 907 131 53 autem
1678 907 116 53 papa
1751 907 102 53 est
1794 907 203 53 praeponendus

1217 944 107 53 xxv.
1284 944 81 53 q.
1324 944 81 53 i.
1364 944 107 53 sunt
1431 944 134 53 quidam
1525 944 81 53 Et
1566 944 94 53 di.
1619 944 107 53 xix.
1687 944 201 53 Anastasius.
1848 944 94 53 sed
1888 944 121 53 intelli

1218 992 70 59 ge
1253 992 70 59 si
1288 992 116 59 proapa
1370 992 70 59 vt
1404 992 93 59 papa
1463 992 140 59 loquitur
1567 992 70 59 vt
1602 992 70 59 in
1637 992 186 59 praecedenti.
1788 992 70 59 §.
1823 992 116 59 dictum
1904 992 81 59 est
1939 992 70 59 etc.

1250 1033 113 76 ¶
1296 1033 158 76 Sed
1386 1033 180 76 quid
1498 1033 135 76 si
1566 1033 180 76 papa
1679 1033 316 76 cotradicit
1904 1033 113 76 di-

1221 1087 93 51 ctis
1280 1087 151 51 sanctorum
1396 1087 209 51 approbatorum.;
1570 1087 174 51 Respondetur
1710 1087 140 51 secundum
1815 1087 128 51 doctur.
1908 1087 70 51 vt
1931 1087 93 51 dictat

1225 1130 121 56 Amb.
1300 1130 181 56 Tharuius
1437 1130 121 56 quod
1512 1130 91 56 in
1557 1130 242 56 decisionibus
1754 1130 181 56 causarum
1875 1130 136 56 standum

1216 1184 98 45 est
1272 1184 126 45 magis
1356 1184 140 45 dictis
1454 1184 126 45 pape.
1538 1184 98 45 xx.
1594 1184 98 45 di.
1649 1184 84 45 c.
1691 1184 84 45 i.
1733 1184 98 45 ibi
1789 1184 112 45 glo.
1859 1184 98 45 Sed
1915 1184 84 45 in
1943 1184 70 45 ex-

1228 1218 177 54 positione
1365 1218 218 54 scripturarum
1542 1218 150 54 standum
1651 1218 95 54 est
1705 1218 136 54 dictis
1801 1218 177 54 sanctorum
1923 1218 82 54 pate

1228 1263 118 51 nisi
1302 1263 133 51 esset
1390 1263 88 51 de
1435 1263 147 51 dubiis
1538 1263 88 51 in
1582 1263 192 51 articulis
1729 1263 133 51 fidei
1818 1263 103 51 vel
1877 1263 88 51 in
1906 1263 118 51 sacra-

1230 1302 128 45 mentis
1320 1302 102 45 Tunc
1383 1302 77 45 ei
1422 1302 140 45 standum
1524 1302 89 45 est
1575 1302 128 45 dictis
1664 1302 102 45 pape
1728 1302 102 45 quia
1791 1302 102 45 pape
1855 1302 77 45 et
1893 1302 89 45 non
1932 1302 89 45 aliis

1228 1345 153 47 sanctis
1340 1345 112 47 data
1409 1345 112 47 fuit
1479 1345 167 47 potestas
1605 1345 209 47 interptandi
1772 1345 112 47 lege
1842 1345 139 47 dubiam
1939 1345 84 47 vt
1967 1345 56 47 in

1233 1390 91 56 ca.
1285 1390 91 56 per
1337 1390 207 56 venerabilem.
1505 1390 129 56 Extra.
1595 1390 91 56 Qui
1647 1390 116 56 filii
1724 1390 78 56 st
1763 1390 91 56 le.
1815 1390 116 56 quasi
1893 1390 116 56 circa
1957 1390 52 56 fi

1273 1425 128 79 ¶
1325 1425 179 79 Que
1427 1425 204 79 opio
1555 1425 179 79 est
1657 1425 230 79 magis
1784 1425 256 79 sequenda

1224 1490 128 47 quando
1314 1490 153 47 doctores
1428 1490 191 47 discordant;
1581 1490 191 47 Respondetur
1734 1490 115 47 secum
1811 1490 77 47 e.
1849 1490 102 47 Amb.
1913 1490 77 47 et
1938 1490 77 47 doc.

1220 1538 107 48 quod
1287 1538 80 48 in
1327 1538 107 48 iure
1394 1538 161 48 Canonico
1515 1538 80 48 et
1555 1538 134 48 ciuili
1649 1538 121 48 super
1729 1538 94 48 his
1783 1538 107 48 quae
1850 1538 161 48 spectant
1957 1538 54 48 ad

1229 1579 174 49 articulos
1362 1579 120 49 fidei
1443 1579 80 49 et
1483 1579 80 49 ad
1523 1579 147 49 salutem
1630 1579 120 49 anime
1711 1579 134 49 quando
1804 1579 161 49 doctorum
1911 1579 94 49 appre

1230 1619 165 50 batorum
1350 1619 105 50 est
1410 1619 225 50 diuersitas.
1590 1619 165 50 decisio
1711 1619 165 50 spectat
1831 1619 90 50 ad
1876 1619 135 50 papam
1951 1619 75 50 cui

1228 1659 137 51 standum
1327 1659 100 51 est.
1390 1659 75 51 In
1427 1659 112 51 aliis
1502 1659 112 51 autem
1577 1659 112 51 licet
1652 1659 150 51 cuilibet
1764 1659 87 51 eam
1814 1659 100 51 quae
1876 1659 100 51 sibi
1926 1659 100 51 placet

1220 1700 204 51 opinione
1373 1700 153 51 sequi
1475 1700 136 51 etc.
1560 1700 136 51 Puta
1646 1700 102 51 de
1697 1700 204 51 Salomone
1850 1700 153 51 vtrum
1935 1700 85 51 sit

1222 1739 186 57 saluatus
1361 1739 108 57 vel
1423 1739 201 57 damnatus.
1578 1739 155 57 Simile
1686 1739 124 57 fuit
1764 1739 108 57 oli
1826 1739 93 57 de
1872 1739 139 57 Marie
1950 1739 77 57 ve-

1226 1784 122 51 ginis
1308 1784 204 51 assumptione
1471 1784 81 51 in
1511 1784 149 51 corpore
1620 1784 217 51 glorificato.
1796 1784 95 51 Sed
1851 1784 95 51 iam
1891 1784 136 51 secundum

1232 1833 112 44 quod
1302 1833 126 44 dicit
1386 1833 154 44 Hostie.
1498 1833 84 44 de
1540 1833 154 44 feriis.
1651 1833 70 44 c
1679 1833 196 44 conquestus
1833 1833 84 44 et
1875 1833 84 44 c.
1903 1833 112 44 appro-

1233 1872 103 54 bata
1297 1872 77 54 et
1336 1872 154 54 communis
1452 1872 141 54 opeinio
1554 1872 90 54 est
1606 1872 103 54 quod
1670 1872 90 54 sit
1722 1872 154 54 glorioso
1837 1872 141 54 corpore
1927 1872 103 54 assum-

1223 1912 107 49 pta.
1289 1912 107 49 Idem
1356 1912 120 49 dicit
1436 1912 120 49 Inno.
1517 1912 80 49 de
1557 1912 160 49 constit.
1677 1912 80 49 ne
1704 1912 160 49 innitaris.

1245 1950 96 71 ¶
1283 1950 134 71 Sed
1360 1950 154 71 none
1456 1950 250 71 excusatur
1648 1950 96 71 a
1687 1950 211 71 peccato
1840 1950 134 71 ins
1898 1950 115 71 quae

1223 2007 162 51 sequitur
1345 2007 176 51 opinionem
1480 2007 162 51 doctorum
1602 2007 108 51 quae
1670 2007 108 51 post
1737 2007 122 51 modum
1818 2007 149 51 apparet
1913 2007 108 51 falsa-

1236 2051 191 52 Respondetur
1389 2051 153 52 secundum
1504 2051 89 52 Pa.
1555 2051 89 52 in.
1606 2051 76 52 c.
1644 2051 178 52 Capellanus
1784 2051 76 52 de
1822 2051 127 52 feriis
1911 2051 76 52 et
1950 2051 76 52 in
1975 2051 51 52 An

1230 2100 134 54 gelica
1324 2100 121 54 summa
1404 2100 81 54 ac
1445 2100 134 54 Anton.
1539 2100 108 54 quod
1606 2100 175 54 excusatur
1740 2100 94 54 nec
1794 2100 148 54 tenetur
1901 2100 108 54 homo
1955 2100 54 54 si

1227 2137 80 50 in
1267 2137 201 50 diuersitate
1427 2137 174 50 opinionum
1561 2137 147 50 eligere
1668 2137 174 50 tutiorem.
1802 2137 107 50 quia
1869 2137 147 50 opeinio
1963 2137 67 50 est

1224 2181 104 50 tuta
1289 2181 91 50 cum
1341 2181 117 50 habet
1419 2181 156 50 doctorem
1536 2181 91 50 pro
1588 2181 78 50 se
1627 2181 117 50 satis
1705 2181 156 50 acceptum
1822 2181 78 50 et
1861 2181 91 50 hoc
1900 2181 130 50 sufficit

1229 2221 77 48 ad
1268 2221 140 48 salute.
1370 2221 89 48 cum
1421 2221 102 48 tali
1485 2221 166 48 voluntate
1612 2221 102 48 quod
1676 2221 89 48 non
1727 2221 192 48 adhereretei
1881 2221 77 48 si
1919 2221 89 48 non
1957 2221 64 48 cre

1227 2261 117 59 deret
1305 2261 130 59 illam.
1396 2261 104 59 esse
1462 2261 130 59 veram.
1553 2261 104 59 Unde
1618 2261 78 59 in
1657 2261 104 59 tali
1722 2261 91 59 non
1774 2261 91 59 est
1827 2261 182 59 contemptus
1957 2261 65 59 nec

1233 2302 156 61 periculo
1350 2302 78 61 se
1389 2302 143 61 exponit
1493 2302 78 61 et
1532 2302 91 61 sic
1584 2302 91 61 nec
1636 2302 156 61 peccatum
1752 2302 169 61 inobedie.
1882 2302 91 61 Nam
1934 2302 78 61 si
1960 2302 65 61 Io-

1224 2344 121 56 achim
1304 2344 121 56 abbas
1384 2344 94 56 non
1438 2344 107 56 fuit
1505 2344 187 56 hereticus.
1652 2344 121 56 licet
1732 2344 134 56 tenuit
1826 2344 134 56 falsum
1906 2344 121 56 contra-

1224 2384 115 57 fidem
1301 2384 77 57 vt
1339 2384 141 57 patuit.
1442 2384 115 57 supra
1518 2384 64 57 §
1544 2384 102 57 iii.
1608 2384 102 57 quia
1672 2384 115 57 talis
1749 2384 166 57 articulus
1877 2384 128 57 nondum
1953 2384 77 57 eras

1374 2428 80 67 ab
1414 2428 160 67 ecclesia
1534 2428 160 67 damnatus
1654 2428 107 67 ergo
1707 2428 67 67 etc

1345 2484 273 84 cio
1501 2484 312 84 quid
1696 2484 312 84 sit:
1851 2484 195 84 no-

1354 2554 62 60 ta
1385 2554 125 60 secundum
1478 2554 94 60 Guil.
1541 2554 73 60 di.
1582 2554 73 60 xx.
1624 2554 94 60 primi
1686 2554 62 60 et
1717 2554 73 60 di.
1759 2554 114 60 xliiii.
1842 2554 114 60 eiusdem
1925 2554 94 60 libro
1977 2554 42 60 vt

1226 2573 168 78 diffinit
1352 2573 112 78 Aug.
1422 2573 112 78 xix.
1492 2573 84 78 de
1534 2573 126 78 ciui.
1618 2573 126 78 dici.
1702 2573 112 78 Ordo
1772 2573 98 78 est
1828 2573 140 78 parium
1912 2573 112 78 dispa-

1222 2646 151 51 riumque
1332 2646 138 51 rerum.
1429 2646 96 51 sua
1484 2646 138 51 cuique
1580 2646 110 51 loca
1649 2646 165 51 tribuens
1772 2646 206 51 dispositon.
1937 2646 83 51 Si
1965 2646 55 51 et

1226 2687 116 56 iquit
1304 2687 103 56 Aug.
1368 2687 116 56 omnia
1445 2687 129 56 essent
1536 2687 142 56 equalia
1639 2687 90 56 iam
1691 2687 90 56 non
1742 2687 129 56 essent
1832 2687 155 56 ordinata
1936 2687 90 56 Ideus
