2267 3298
231 304 116 84 dicit
309 304 142 84 parium:
412 304 233 84 dispariumquam.
606 304 91 84 Nam
658 304 78 84 si
697 304 116 84 omnia
774 304 103 84 Sol:
839 304 91 84 vbi
891 304 116 84 esset
955 304 78 84 luna

242 368 110 57 etsi
311 368 124 57 omnia
394 368 110 57 homo
462 368 96 57 vbi
517 368 96 57 leo
572 368 83 57 et
614 368 96 57 sic
669 368 83 57 de
696 368 110 57 aliis.

251 403 111 69 ¶
295 403 312 69 Quottuplex
540 403 356 69 distinguitur
830 403 178 69 ordo
919 403 111 69 est

269 461 101 58 Nota
333 461 152 58 secundum
446 461 63 58 .
472 461 101 58 Guil
535 461 114 58 ibiud
611 461 76 58 ac
649 461 89 58 Bo.
699 461 76 58 in
737 461 76 58 i.
775 461 76 58 d.
813 461 89 58 xx.
864 461 76 58 q.
902 461 76 58 i.
939 461 89 58 ar.
977 461 51 58 ii

229 504 121 61 Ordo
305 504 243 61 distinguitur
502 504 182 61 triplex.
638 504 152 61 Primus
744 504 121 61 ordo
820 504 106 61 est
865 504 152 61 secundum

239 555 127 59 situm
324 555 99 59 vel
380 555 212 59 positionem.
550 555 99 59 Qui
606 555 198 59 attenditur
762 555 127 59 inter
846 555 113 59 illa
903 555 113 59 quorum

229 597 114 51 vnum
300 597 100 51 est
357 597 171 51 superius
485 597 86 51 et
528 597 128 51 aliud
614 597 185 51 inferius.
756 597 100 51 vel
813 597 114 51 loco
885 597 128 51 sicut
956 597 57 51 so

241 635 100 59 por
298 635 100 59 est
355 635 114 59 quam
427 635 186 59 mercurius
570 635 86 59 eo
612 635 114 59 quod
684 635 100 59 est
741 635 186 59 superior.
884 635 100 59 Uel
927 635 100 59 digni

244 685 105 49 tate.
314 685 70 49 si
349 685 82 49 cut
396 685 93 49 homo
455 685 82 49 est
501 685 128 49 prieor.
595 685 93 49 quia
653 685 163 49 perfectior
781 685 105 49 leone
852 685 93 49 etc.
898 685 117 49 Secundus

237 726 105 43 ordo
302 726 92 43 est
355 726 157 43 secundum
472 726 209 43 ancessionem.
643 726 79 43 Et
682 726 92 43 hoc
734 726 92 43 vel
786 726 157 43 temporis
904 726 118 43 sicut
970 726 52 43 an

240 766 132 54 tiquum
332 766 92 54 est
385 766 119 54 prius
464 766 119 54 nouo.
544 766 92 54 vel
596 766 158 54 rationis
715 766 132 54 quando
808 766 145 54 aliquid
900 766 119 54 natura-

240 802 77 50 li
279 802 219 50 intelligentia
459 802 167 50 praecedit
588 802 129 50 aliud.
678 802 142 50 Exempli
781 802 142 50 gratia.
883 802 116 50 Sicut
948 802 77 50 esse

240 847 169 56 praecedit
370 847 117 56 agere
448 847 78 56 et
487 847 195 56 cognoscere.
643 847 91 56 vel
695 847 130 56 nature
786 847 117 56 sicut
864 847 117 56 causa
929 847 91 56 prae-

249 893 120 44 cedit
329 893 160 44 causatum
448 893 160 44 naturali
568 893 107 44 esse
635 893 80 44 et
675 893 226 44 intelligentia
861 893 93 44 vel
901 893 120 44 ratione

240 930 144 47 Tertius
345 930 105 47 ordo
410 930 92 47 est
463 930 157 47 secundum
581 930 157 47 naturam.
699 930 131 47 alias.
791 930 157 47 secundum
896 930 131 47 originem

231 973 110 56 sicut
304 973 159 56 praecedit
426 973 159 56 producens
548 973 171 56 productum.
683 973 73 56 et
720 973 110 56 pater
793 973 134 56 filiii.
891 973 73 56 et
915 973 110 56 dicitur

235 1017 113 45 ordo
306 1017 156 45 origis.
419 1017 85 45 Et
462 1017 156 45 dicitur
575 1017 213 45 simpliciter
745 1017 113 45 ordo
816 1017 156 45 nature.
930 1017 71 45 ¶
944 1017 71 45 Not

248 1058 102 56 etiam
316 1058 136 56 secundum
418 1058 68 56 e.
452 1058 102 56 Guil.
521 1058 114 56 supra.
600 1058 80 56 di.
646 1058 125 56 xliiii.
737 1058 91 56 quod
794 1058 136 56 loquendo
896 1058 102 56 large
953 1058 68 56 ordo

234 1101 149 55 nature
338 1101 194 55 iudicatur
487 1101 208 55 multiplex.
651 1101 149 55 Primus
755 1101 179 55 secundum
874 1101 149 55 originem

243 1139 100 58 sicut
310 1139 67 58 in
343 1139 123 58 diuinis
433 1139 112 58 proter
511 1139 145 58 praecedit
622 1139 123 58 filium.
712 1139 134 58 Secundus
812 1139 134 58 secundum
901 1139 112 58 perfecti

231 1191 103 49 onem
295 1191 116 49 sicut
373 1191 103 49 homo
437 1191 167 49 praecedit
566 1191 142 49 asinum.
669 1191 142 49 Tertius
772 1191 154 49 secundum
887 1191 129 49 nature
965 1191 51 49 su

236 1230 233 46 perioritatem.
428 1230 123 46 sicut
510 1230 137 46 animal
606 1230 178 46 praecedit
742 1230 164 46 hominem.
866 1230 109 46 quia
934 1230 82 46 ab
961 1230 55 46 eo

235 1271 100 52 non
292 1271 214 52 conuertitur
463 1271 128 52 vicem
548 1271 214 52 subsistendi
720 1271 242 52 consequentia.
919 1271 100 52 Hec
962 1271 57 52 ex

242 1303 123 55 Guil.
324 1303 96 55 qui
379 1303 82 55 de
420 1303 123 55 aliis
502 1303 123 55 modis
584 1303 192 55 partransit
735 1303 96 55 etc
789 1303 68 55 ¶
817 1303 82 55 Et
858 1303 109 55 nota
926 1303 96 55 pro
967 1303 55 55 re

239 1355 111 48 gula
309 1355 111 48 quod
378 1355 195 48 communiora
531 1355 111 48 sunt
601 1355 139 48 priora
698 1355 167 48 secundum
823 1355 153 48 naturam
921 1355 97 48 iuxta

250 1397 150 50 Aristo.
360 1397 82 50 in
401 1397 301 50 postpredicamentis.
661 1397 109 50 vnde
729 1397 109 50 homo
797 1397 96 50 per
852 1397 123 50 prius
920 1397 96 50 habe-

248 1435 88 45 esse
303 1435 188 45 substantiaque
458 1435 121 45 animal.
546 1435 66 45 et
579 1435 110 45 animal
657 1435 88 45 quam
712 1435 99 45 homo.
778 1435 66 45 De
811 1435 99 45 istis
877 1435 66 45 et
911 1435 99 45 aliis
966 1435 44 45 mo

235 1477 103 49 dis
294 1477 236 49 praoritatis.
486 1477 103 49 vbi
545 1477 147 49 Primum
648 1477 103 49 vel
707 1477 206 49 Prioritas.
869 1477 88 49 §.
913 1477 103 49 ii.
957 1477 59 49 la

244 1520 125 47 tius.
327 1520 97 47 Sed
383 1520 138 47 contra
479 1520 111 47 ista
549 1520 152 47 regulam
659 1520 138 47 potest
756 1520 125 47 fieri
839 1520 180 47 iustantia
964 1520 55 47 de

246 1559 164 57 spiratione
375 1559 117 57 actiua
457 1559 94 57 quae
516 1559 82 57 est
562 1559 152 57 communior
679 1559 94 57 quam
738 1559 152 57 gignitio.
855 1559 82 57 sed
902 1559 82 57 non
937 1559 82 57 prae-

240 1599 148 63 cedit.
344 1599 118 63 vide
418 1599 104 63 vbi
477 1599 192 63 Spiratio.
625 1599 89 63 §.
654 1599 89 63 iii.

300 1687 107 70 ¶
342 1687 193 70 Utrum
471 1687 129 70 in
535 1687 236 70 diuinis
707 1687 214 70 psonis
857 1687 150 70 sit
921 1687 107 70 or-

242 1756 81 55 do
283 1756 95 55 vel
337 1756 176 55 paeoritas
472 1756 189 55 naturalis:
621 1756 203 55 Respondetur
784 1756 162 55 secundum
905 1756 122 55 Guil.
973 1756 54 55 in

237 1795 120 58 primo
317 1795 94 58 di.
370 1795 94 58 xx.
424 1795 94 58 per
477 1795 214 58 conclusionem
651 1795 107 58 quod
718 1795 107 58 sic.
785 1795 67 58 ¶
811 1795 160 58 Probatur
918 1795 94 58 primo

239 1834 172 63 auctoritate
376 1834 137 63 scilicet
479 1834 92 63 Aug.
536 1834 114 63 contra
616 1834 137 63 Maximum.
719 1834 80 63 Cum
765 1834 126 63 dicitur
857 1834 114 63 inquit
925 1834 92 63 filius

245 1885 64 53 a
271 1885 115 53 patre
347 1885 89 53 non
398 1885 153 53 signatur
513 1885 191 53 inequalitas
665 1885 178 53 substantie
806 1885 89 53 sed
856 1885 102 53 ordo
907 1885 115 53 nature.

248 1922 89 51 Hoc
299 1922 114 51 autem
375 1922 127 51 dictum
464 1922 152 51 secundum
578 1922 152 51 Bonauem.
692 1922 114 51 supra
768 1922 76 51 et
806 1922 114 51 Rich.
882 1922 76 51 e.
921 1922 89 51 di.
959 1922 63 51 xx.

242 1972 79 51 q.
281 1972 105 51 iii.
347 1972 79 51 et
387 1972 118 51 iiii.
465 1972 92 51 Non
518 1972 92 51 est
571 1972 224 51 intelligendum
755 1972 92 51 sic
808 1972 105 51 quod
873 1972 79 51 in
900 1972 118 51 diuinis

228 2001 101 53 sit
285 2001 115 53 ordo
357 2001 144 53 nature
458 2001 101 53 vel
515 2001 172 53 essentie
644 2001 101 53 ita
702 2001 115 53 quod
774 2001 187 53 ordinetur
903 2001 115 53 natura

238 2049 102 46 vel
297 2049 175 46 essentia
428 2049 131 46 quasi
515 2049 102 46 ibi
573 2049 175 46 ordinate
704 2049 146 46 nature
806 2049 146 46 plures
894 2049 116 46 essen-

243 2094 89 46 tum
294 2094 102 46 sint
358 2094 102 46 idem
422 2094 128 46 omnino
512 2094 77 46 in
550 2094 128 46 natura
640 2094 102 46 ipse
703 2094 141 46 persone
806 2094 141 46 divine.
908 2094 102 46 vnde
959 2094 64 46 non

227 2136 109 55 est
290 2136 109 55 ibi
352 2136 125 55 ordo
430 2136 156 55 nature
539 2136 203 55 ordinate.
695 2136 109 55 Sed
758 2136 109 55 est
820 2136 109 55 ibi
883 2136 94 55 in
914 2136 109 55 eadem

235 2175 143 57 natura
335 2175 115 57 ordo
406 2175 172 57 persone.
535 2175 157 57 Dicitur
650 2175 129 57 tamen
736 2175 115 57 ordo
807 2175 143 57 nature
907 2175 100 57 per
950 2175 72 57 Au-

234 2220 110 51 gu.
297 2220 126 51 quia
376 2220 110 51 est
439 2220 126 51 ordo
517 2220 205 51 naturalis
675 2220 205 51 originis.
832 2220 157 51 Natura
927 2220 94 51 enim

245 2259 122 50 dicit
327 2259 95 50 vim
381 2259 218 50 productiuam.
558 2259 109 50 quia
626 2259 95 50 est
681 2259 95 50 vis
735 2259 136 50 insita
831 2259 122 50 rebus
899 2259 122 50 similia

245 2304 76 42 ex
283 2304 165 42 similibus
411 2304 178 42 producens.
550 2304 76 42 vt
589 2304 153 42 habetur.
703 2304 89 42 ii.
754 2304 102 42 Phy.
818 2304 102 42 vnde
881 2304 165 42 genitiuus

234 2338 135 54 cilicet
332 2338 123 54 nature
418 2338 86 54 non
467 2338 185 54 construitur
615 2338 86 54 ibi
664 2338 185 54 subiectiue.
812 2338 111 54 sicut
886 2338 135 54 dicendo
972 2338 49 54 al

237 2385 124 50 bedo
314 2385 155 50 petri.
422 2385 108 50 Sed
484 2385 93 50 ex
530 2385 93 50 vi
577 2385 263 50 declarationis
793 2385 186 50 essentie
917 2385 108 50 sicut

231 2431 174 53 dicendo
357 2431 158 53 albedo
468 2431 237 53 claritatis.
657 2431 95 53 vt
704 2431 110 53 sit
768 2431 174 53 sensus.
894 2431 126 53 ordo
957 2431 63 53 na

242 2472 105 54 ture
307 2472 78 54 id
346 2472 91 54 est
399 2472 170 54 naturalis
529 2472 170 54 originis.
660 2472 105 54 quia
725 2472 78 54 in
765 2472 118 54 eadem
843 2472 91 54 vel
895 2472 78 54 ex
922 2472 91 54 eadem

244 2509 123 54 natura
330 2509 98 54 ordo
391 2509 98 54 iste
452 2509 135 54 oritur.
550 2509 61 54 ¶
575 2509 135 54 Secundo
673 2509 147 54 probatur
783 2509 147 54 ratione.
893 2509 98 54 quia
942 2509 74 54 per-

236 2551 171 56 fectiones
368 2551 106 56 quae
434 2551 106 56 sunt
500 2551 79 56 in
539 2551 92 56 deo
592 2551 224 56 distinguuntur
777 2551 79 56 et
816 2551 132 56 habent
895 2551 119 56 ordinem

248 2594 82 57 ex
289 2594 150 57 ratione
398 2594 163 57 formali.
520 2594 136 57 vtputa
616 2594 109 57 pror
684 2594 95 57 est
738 2594 204 57 intellectus
901 2594 109 57 quam
956 2594 54 57 vo

241 2633 128 56 luntas
331 2633 141 56 praeor.
434 2633 116 56 sceia
511 2633 103 56 quam
575 2633 167 56 dilecton.
703 2633 116 56 sicut
780 2633 116 56 patet
857 2633 167 56 manifeste
973 2633 51 56 in

252 2678 112 49 nobis
326 2678 87 49 vbi
376 2678 99 49 sunt
438 2678 149 49 realiter
550 2678 174 49 distincta.
687 2678 99 49 ergo
749 2678 75 49 et
786 2678 75 49 in
824 2678 124 49 diuins
911 2678 99 49 hunc
960 2678 50 49 ha

248 2721 109 78 bent
317 2721 150 78 ordinem
426 2721 82 78 ex
467 2721 150 78 ratione
576 2721 150 78 formali
685 2721 96 78 vbi
740 2721 96 78 non
794 2721 232 78 distinguuntur
971 2721 55 78 ni

1072 330 74 65 si
1109 330 185 65 formaliter.
1257 330 86 65 Nam
1306 330 185 65 generaliter
1454 330 86 65 hoc
1504 330 111 65 verum
1578 330 86 65 est
1627 330 99 65 quod
1689 330 123 65 quando
1763 330 111 65 aliquoa

1083 378 87 52 vbi
1132 378 211 52 distinguuntur
1306 378 149 52 realiter
1417 378 149 52 scilicet
1529 378 74 52 in
1566 378 112 52 nobis
1641 378 124 52 habent
1728 378 136 52 ordinem
1814 378 50 52 ex

1074 418 112 58 suam
1144 418 154 58 ratione
1256 418 168 58 formali.
1381 418 126 58 Etiam
1465 418 126 58 illum
1549 418 154 58 ordinem
1661 418 140 58 fruant
1758 418 98 58 vbi
1800 418 70 58 non

1080 460 95 53 sunt
1139 460 154 53 distincta
1258 460 154 53 realiter.
1376 460 142 53 scilicet
1483 460 71 53 in
1518 460 142 53 diuinis.
1625 460 95 53 quia
1684 460 118 53 stante
1755 460 107 53 ratione

1068 503 179 62 formali
1198 503 130 62 stat
1279 503 228 62 distinctio
1458 503 98 62 et
1507 503 146 62 ordo.
1605 503 114 62 Hec
1670 503 146 62 Guil.
1767 503 81 62 ¶
1784 503 81 62 Ter

1068 552 103 53 tio
1127 552 162 53 onditur
1245 552 236 53 declaratione
1437 552 177 53 secundum
1570 552 133 53 Bona.
1658 552 133 53 Rich.
1747 552 89 53 et
1776 552 89 53 Tho.

1084 585 96 52 quia
1144 585 144 52 ecclesia
1252 585 144 52 ordinate
1360 585 108 52 dicit
1432 585 120 52 patrem
1517 585 96 52 esse
1577 585 120 52 primam
1661 585 144 52 personam
1769 585 72 52 et
1793 585 72 52 fili

1093 635 70 47 um
1128 635 139 47 secundam
1233 635 70 47 et
1267 635 139 47 spiritum
1372 635 128 47 sanctum
1464 635 139 47 tertiam.
1569 635 81 47 Sed
1615 635 128 47 primum.
1708 635 70 47 ii
1743 635 70 47 et
1777 635 81 47 iii
1812 635 58 47 di-

1085 673 102 55 cunt
1149 673 153 55 ordinem.
1264 673 102 55 vnde
1327 673 115 55 licet
1404 673 76 55 in
1442 673 140 55 diuinis
1544 673 89 55 non
1595 673 89 55 sit
1646 673 102 55 ordo
1709 673 153 55 secundum
1811 673 64 55 po-

1082 710 158 60 sitionem
1200 710 92 60 nec
1253 710 158 60 secundum
1372 710 211 60 ancessionem.
1543 710 105 60 quia
1609 710 185 60 tolleretur
1741 710 132 60 simultas

1089 760 83 44 vel
1137 760 155 44 equalitas
1256 760 191 44 eternitatis.
1411 760 83 44 Est
1459 760 119 44 tamtum
1542 760 83 44 ibi
1590 760 95 44 ordo
1649 760 143 44 secundum
1745 760 119 44 originem

1083 801 80 49 et
1123 801 199 49 emanationem
1282 801 93 49 qua
1335 801 93 49 est
1388 801 119 49 inter
1467 801 199 49 producentem
1626 801 80 49 et
1666 801 186 49 productum.
1799 801 66 49 Qua

1077 842 136 54 propter
1176 842 112 54 sicut
1250 842 74 54 in
1287 842 124 54 diuins
1374 842 87 54 non
1424 842 87 54 est
1474 842 136 54 numerus
1573 842 136 54 proprie
1672 842 99 54 nisi
1734 842 87 54 cum
1771 842 87 54 deter

1087 885 161 47 minatione
1210 885 149 47 scilicet
1322 885 136 47 numerus
1421 885 186 47 personarum.
1570 885 87 47 sic
1619 885 87 47 non
1669 885 111 47 debet
1743 885 99 47 dici
1793 885 74 47 quod

1073 924 88 55 ibi
1124 924 88 55 sit
1174 924 100 55 ordo
1236 924 188 55 simpliciter
1386 924 100 55 nisi
1449 924 88 55 cum
1499 924 225 55 determinatione
1687 924 150 55 scilicet
1787 924 75 55 ordo

1073 967 143 66 origis
1173 967 100 66 qua
1230 967 114 66 vnus
1301 967 100 66 est
1359 967 86 66 ab
1401 967 129 66 alio.
1487 967 100 66 Hec
1544 967 86 66 ex
1587 967 200 66 praedictis
1730 967 86 66 doc.

1112 1003 111 75 ¶
1156 1003 156 75 Sed
1245 1003 133 75 an
1312 1003 133 75 in
1379 1003 245 75 diuinis
1557 1003 156 75 cum
1646 1003 200 75 ordie
1757 1003 111 75 sit

1082 1063 116 53 etiam
1160 1063 168 53 prioritas
1289 1063 142 53 nature.
1392 1063 78 53 De
1431 1063 91 53 hoc
1483 1063 91 53 est
1535 1063 91 53 vna
1586 1063 129 53 opinio
1677 1063 155 53 scilicet
1780 1063 78 53 Tho-

1075 1109 73 48 in
1111 1109 122 48 scrip.
1197 1109 110 48 primi
1270 1109 85 48 di.
1319 1109 85 48 xx.
1368 1109 73 48 q.
1404 1109 98 48 iii.
1465 1109 98 48 quod
1526 1109 110 48 inter
1600 1109 134 48 diuinas
1697 1109 146 48 personas
1795 1109 61 48 est

1070 1157 121 48 ordo.
1150 1157 81 48 et
1191 1157 94 48 non
1245 1157 121 48 prius
1326 1157 94 48 vel
1380 1157 189 48 praioritas
1528 1157 148 48 nature.
1636 1157 94 48 sed
1690 1157 162 48 rationis
1798 1157 67 48 vel

1075 1198 179 44 intellectus
1218 1198 131 44 tantum.
1314 1198 72 44 Et
1350 1198 108 44 dicit
1422 1198 96 44 quod
1481 1198 108 44 inter
1553 1198 120 44 patrem
1637 1198 72 44 et
1673 1198 120 44 filium
1756 1198 84 44 est
1792 1198 72 44 ordo

1084 1231 128 52 origis.
1177 1231 81 52 non
1224 1231 104 52 tamen
1293 1231 104 52 pater
1363 1231 81 52 est
1409 1231 104 52 prior
1479 1231 116 52 filio.
1560 1231 81 52 Sed
1606 1231 139 52 secundum
1710 1231 104 52 Guil.
1780 1231 70 52 e.
1803 1231 58 52 di.

1079 1281 87 51 ac
1122 1281 203 51 Scotorlis.
1281 1281 159 51 concor.
1397 1281 101 51 Non
1455 1281 174 51 sufficit
1586 1281 116 51 iste
1658 1281 130 51 modus
1731 1281 130 51 dicendi

1071 1320 106 54 Quia
1137 1320 185 54 praeoritas
1282 1320 93 54 est
1335 1320 132 54 passio
1428 1320 132 54 ordis.
1520 1320 93 54 non
1573 1320 93 54 est
1626 1320 106 54 ergo
1679 1320 185 54 intelligibi-

1081 1360 74 52 le
1118 1360 99 52 quod
1180 1360 74 52 in
1217 1360 124 52 aliquo
1304 1360 124 52 ordine
1390 1360 74 52 ex
1427 1360 111 52 parte
1502 1360 87 52 rei
1551 1360 99 52 sint
1613 1360 124 52 aliqua
1700 1360 161 52 ordinata.
1811 1360 50 52 Et

1079 1406 129 54 tamtum
1169 1406 103 54 illo
1234 1406 103 54 modo
1298 1406 103 54 vnum
1363 1406 90 54 non
1414 1406 167 54 praecedat
1543 1406 129 54 aliud.
1633 1406 155 54 Preterea
1736 1406 129 54 secundum

1077 1448 120 50 Fran.
1156 1448 133 50 Mayro.
1250 1448 93 50 di.
1303 1448 106 50 xii.
1369 1448 133 50 primi.
1462 1448 80 50 q.
1502 1448 80 50 ii
1542 1448 93 50 ar.
1595 1448 80 50 ii
1635 1448 160 50 arguitur
1755 1448 106 50 sic.
1808 1448 53 50 In

1084 1493 133 53 diuinis
1181 1493 85 53 est
1229 1493 133 53 primum.
1326 1493 73 53 vt
1362 1493 109 53 patet
1435 1493 109 53 etiam
1508 1493 85 53 per
1556 1493 109 53 ipsum
1629 1493 97 53 Tho.
1689 1493 121 53 supra.
1774 1493 73 53 et
1798 1493 61 53 per

1081 1528 122 54 vsum
1157 1528 182 54 loquendi
1294 1528 91 54 et
1339 1528 106 54 per
1400 1528 167 54 sanctos
1522 1528 182 54 doctores
1658 1528 106 54 qui
1704 1528 152 54 nominant

1081 1571 142 56 patrem
1180 1571 114 56 esse
1252 1571 142 56 primam
1351 1571 185 56 personam.
1494 1571 100 56 Sed
1551 1571 185 56 vbicumque
1693 1571 100 56 est
1736 1571 114 56 super-

1078 1617 153 57 latiuum
1190 1617 98 57 ibi
1245 1617 98 57 est
1301 1617 84 57 et
1343 1617 223 57 comparatiuum
1524 1617 153 57 tamquam
1636 1617 181 57 posterius
1775 1617 84 57 in
1803 1617 56 57 po

1078 1659 84 46 ri.
1126 1659 72 46 Si
1162 1659 96 46 ergo
1222 1659 84 46 est
1270 1659 108 46 prima
1342 1659 132 46 persona
1438 1659 72 46 in
1475 1659 120 46 diuis.
1559 1659 144 46 sequitur
1667 1659 96 46 quod
1727 1659 84 46 est
1763 1659 96 46 praeor

1088 1696 91 69 quam
1145 1696 91 69 illa
1202 1696 126 69 persona
1293 1696 91 69 quae
1350 1696 80 69 est
1396 1696 160 69 posterior.
1521 1696 69 69 et
1556 1696 80 69 sic
1601 1696 114 69 patet.
1681 1696 57 69 ¶
1704 1696 91 69 Alia
1761 1696 91 69 ergo
1807 1696 57 69 est

1080 1746 130 45 opinio
1171 1746 104 45 quae
1236 1746 156 45 fundatur
1353 1746 78 45 in
1392 1746 130 45 dictis
1484 1746 104 45 doc.
1549 1746 130 45 subti.
1640 1746 156 45 secundum
1744 1746 117 45 Scotor.

1079 1781 81 58 in
1119 1781 121 58 primo
1200 1781 94 58 di.
1254 1781 94 58 ix.
1308 1781 202 58 distinguedo
1470 1781 108 58 quod
1537 1781 175 58 prioritas
1672 1781 135 58 potest
1753 1781 108 58 accipi

1075 1830 169 48 quinque
1198 1830 154 48 modis.
1305 1830 138 48 Prima
1398 1830 123 48 enim
1475 1830 108 48 est
1536 1830 200 48 prioritas
1674 1830 185 48 durationis

1080 1871 177 55 Secunda
1209 1871 177 55 nature.
1337 1871 161 55 Tertia
1450 1871 161 55 perfec
1562 1871 177 55 tionis.
1691 1871 161 55 Quarta
1788 1871 64 55 ra

1071 1913 178 51 tionis.
1200 1913 162 51 Quinta
1314 1913 210 51 originis.
1476 1913 97 51 In
1524 1913 178 51 diuinis
1654 1913 146 51 autem
1751 1913 113 51 non
1799 1913 65 51 ca

1074 1954 123 54 dunt
1151 1954 139 54 prima
1243 1954 92 54 et
1289 1954 154 54 tertia
1397 1954 216 54 poritates.
1566 1954 123 54 quia
1643 1954 92 54 vt
1690 1954 139 54 dicit
1767 1954 92 54 Aug.

1071 1993 123 57 lib.
1148 1993 92 57 de
1194 1993 123 57 fide
1271 1993 92 57 ad
1317 1993 139 57 Petr.
1409 1993 92 57 de
1456 1993 185 57 personis
1594 1993 154 57 Nullus
1702 1993 108 57 ait
1748 1993 108 57 horum

1075 2035 200 55 praecedit
1229 2035 139 55 alium
1321 2035 231 55 eternitate:
1506 2035 108 55 aut
1568 2035 170 55 excedit
1676 2035 185 55 magnitudi-

1073 2082 80 44 ne.
1118 2082 80 44 aut
1164 2082 126 44 superat
1256 2082 160 44 potestate.
1381 2082 126 44 Ponitur
1473 2082 103 44 autem
1542 2082 69 44 in
1576 2082 103 44 patre
1645 2082 149 44 praoritas
1748 2082 114 44 rationis

1083 2120 77 60 et
1122 2120 128 60 origis
1211 2120 154 60 respectu
1327 2120 128 60 filii.
1416 2120 103 60 quia
1480 2120 115 60 agere
1557 2120 205 60 praesupponit
1724 2120 115 60 esse.
1788 2120 64 60 Sed

1086 2163 88 54 pater
1145 2163 117 54 producit
1233 2163 107 54 filium.
1311 2163 78 54 ergo
1359 2163 117 54 aliquius
1447 2163 107 54 ratione
1525 2163 59 54 et
1554 2163 107 54 origine
1632 2163 88 54 pater
1691 2163 88 54 praor
1749 2163 68 54 est
1779 2163 68 54 filio

1089 2202 93 55 Per
1142 2202 120 55 istam
1222 2202 120 55 autem
1301 2202 199 55 praoritatem
1461 2202 133 55 origis
1554 2202 120 55 nihil
1633 2202 120 55 aliud
1700 2202 146 55 intelligo

1070 2251 110 48 nisi
1139 2251 69 48 a
1167 2251 97 48 quo
1222 2251 124 48 alius
1305 2251 83 48 et
1346 2251 110 48 ipse
1415 2251 69 48 a
1442 2251 138 48 nullo.
1539 2251 97 48 Sed
1594 2251 221 48 praeoritatis
1760 2251 97 48 natu-

1083 2291 81 46 re
1123 2291 121 46 signa
1204 2291 108 46 bene
1271 2291 162 46 ponuntur
1392 2291 81 46 in
1433 2291 148 46 diuins.
1541 2291 121 46 patet
1621 2291 135 46 infra.
1716 2291 81 46 §.
1756 2291 94 46 vi.
1797 2291 67 46 Pre

1078 2334 111 51 terea
1152 2334 111 51 sexta
1225 2334 172 51 praioritas
1361 2334 135 51 ponitur
1459 2334 148 51 secundum
1570 2334 148 51 Bonauem.
1680 2334 111 51 licet
1754 2334 74 51 ad
1779 2334 86 51 prae-

1083 2373 132 53 dictos
1175 2373 119 53 modos
1255 2373 132 53 possit
1348 2373 132 53 reduci
1440 2373 159 53 scilicet
1559 2373 185 53 praeoritas
1705 2373 185 53 auctoritis

1087 2418 71 62 vt
1123 2418 107 62 prius
1194 2418 131 62 dicatur
1289 2418 71 62 id
1325 2418 83 62 est
1373 2418 202 62 principalius.
1539 2418 71 62 et
1575 2418 83 62 hec
1623 2418 107 62 etiam
1694 2418 107 62 cadit
1766 2418 71 62 in
1789 2418 60 62 deo

1086 2455 73 66 rt
1122 2455 109 66 patet
1195 2455 85 66 vbi
1243 2455 145 66 Spiritus
1352 2455 145 66 sanctus.
1461 2455 73 66 §.
1485 2455 97 66 xxvii.

1129 2487 192 89 Item
1249 2487 144 89 An
1321 2487 144 89 in
1393 2487 264 89 diuinis
1586 2487 168 89 sit
1658 2487 192 89 gradus

1081 2562 111 51 sicut
1155 2562 87 51 est
1204 2562 111 51 ordo:
1279 2562 186 51 Respondetur
1427 2562 149 51 secundum
1539 2562 74 51 e.
1576 2562 111 51 Guil.
1650 2562 74 51 e.
1688 2562 87 51 di.
1737 2562 87 51 xx.
1774 2562 87 51 primi

1076 2608 130 46 quod
1157 2608 97 46 in
1206 2608 179 46 diuinis
1336 2608 114 46 est
1400 2608 146 46 ordo.
1498 2608 114 46 sed
1563 2608 114 46 non
1628 2608 179 46 gradus.
1758 2608 130 46 Unde

1070 2646 225 49 Eusebius.
1242 2646 104 49 In
1294 2646 190 49 diuinis
1432 2646 121 49 est
1502 2646 207 49 numerus.
1657 2646 121 49 sed
1726 2646 121 49 non
1778 2646 69 49 or

1066 2697 89 43 do
1111 2697 89 43 id
1155 2697 104 43 est
1215 2697 149 43 gradus
1319 2697 178 43 secundum
1453 2697 164 43 Glosas.
1572 2697 89 43 Et
1616 2697 134 43 ratio
1705 2697 119 43 est.
1765 2697 89 43 quia

1067 2732 160 68 gradus
1179 2732 112 68 est
1243 2732 80 68 a
1275 2732 144 68 magis
1371 2732 192 68 perfecto
1515 2732 96 68 ad
1563 2732 144 68 minus
1659 2732 208 68 perfectum
1803 2732 64 68 In
