2311 3312
232 312 109 66 esse
301 312 178 66 perfectum
437 312 150 66 hominis
547 312 82 66 et
588 312 96 66 nil
642 312 82 66 de
683 312 96 66 his
738 312 109 66 sibi
806 312 123 66 deest
888 312 82 66 vt
916 312 109 66 patuit

287 361 121 46 Secundo
375 361 88 46 modo
430 361 143 46 perfectum
539 361 121 46 dicitur
627 361 132 46 secundum
726 361 132 46 virtutem
825 361 132 46 scilicet
923 361 88 46 quod
967 361 55 46 ham

253 385 96 64 det
308 385 164 64 virtutem
431 385 82 64 in
472 385 109 64 esse
540 385 177 64 completam
676 385 82 64 et
717 385 96 64 non
772 385 164 64 deficit.
895 385 96 64 sed
936 385 96 64 habet

251 445 160 48 intantum
371 445 107 48 quod
437 445 93 48 non
491 445 173 48 exceditur
624 445 80 48 ab
664 445 133 48 aliquo
757 445 80 48 in
797 445 107 48 tali
864 445 160 48 virtute.
971 445 53 48 et

240 484 104 53 sic
300 484 164 53 etiamsi
419 484 179 53 loquimur
553 484 238 53 simpliciter.
747 484 134 53 solus
836 484 119 53 deus
896 484 134 53 dicitur

250 527 161 54 perfectus.
376 527 69 54 Si
410 527 138 54 secundum
514 527 103 54 quid:
582 527 80 54 sic
628 527 126 54 dicitur
720 527 92 54 iste
777 527 126 54 medicus
869 527 149 54 perfectus
973 527 57 54 vel

246 569 229 51 grammaticus
429 569 107 51 qui
490 569 137 51 habet
581 569 137 51 talem
673 569 137 51 artem
765 569 122 51 sine
841 569 168 51 defectu
948 569 76 51 il-

243 610 113 51 lius
314 610 127 51 artis
398 610 170 51 intantum
526 610 113 51 quod
597 610 71 51 a
625 610 127 51 nullo
710 610 85 51 in
752 610 113 51 tali
823 610 113 51 arte
880 610 141 51 excedium

243 652 84 48 Et
285 652 112 48 iste
355 652 127 48 modus
440 652 169 48 capiendi
566 652 183 48 perfectum
707 652 127 48 solet
791 652 183 48 aliquando
918 652 98 48 etiam

251 704 92 44 ad
297 704 122 44 mala
373 704 229 44 tranfferri.
556 704 92 44 vt
602 704 107 44 cum
663 704 168 44 dicimus
786 704 122 44 Iste
862 704 107 44 est
908 704 122 44 perfe-

248 743 126 52 ctus
327 743 142 52 latro
422 743 110 52 vel
485 743 205 52 perfectus
643 743 189 52 deceptor
784 743 142 52 sicut
879 743 142 52 bonus
958 743 63 52 la

242 783 80 51 tro
287 783 92 51 etc.
345 783 57 51 ¶
367 783 114 51 Tertio
448 783 92 51 modo
505 783 126 51 dicitur
596 783 137 51 secundum
699 783 103 51 finem
768 783 137 51 scilicet
871 783 92 51 quod
928 783 80 51 est
962 783 69 51 asse

248 822 138 47 cutum
339 822 122 47 suum
416 822 138 47 finem
507 822 92 47 ad
553 822 122 47 quem
630 822 214 47 ordinatur.
798 822 138 47 sicut
889 822 122 47 homo
951 822 76 47 bo-

254 865 89 45 nus
305 865 140 45 dicitur
407 865 165 45 perfectus
534 865 127 45 quando
623 865 140 45 adeptus
725 865 89 45 est
776 865 153 45 salutem.
890 865 76 45 et
928 865 89 45 sic
966 865 64 45 eti

250 907 84 63 am
292 907 167 63 perfectu
417 907 125 63 solet
501 907 181 63 quandoque
640 907 195 63 tranfferri
793 907 84 63 ad
835 907 125 63 mala:
905 907 125 63 dicendo

259 947 96 62 Hoc
314 947 96 62 est
369 947 164 62 perfecte
492 947 164 62 perditum
614 947 96 62 vel
669 947 178 62 corruptum
792 947 82 62 etc.

262 984 130 83 ¶
314 984 182 83 Sed
418 984 311 83 qualibus
651 984 233 83 modis
807 984 182 83 per
884 984 156 83 oppo

259 1047 106 49 situm
330 1047 130 49 dicatur
424 1047 189 49 imperfectum.
577 1047 94 49 Nota
636 1047 141 49 secundum
742 1047 71 49 e.
778 1047 106 49 Guil.
848 1047 118 49 ibidem
931 1047 94 49 quod
978 1047 59 49 tri

252 1093 104 52 bus
312 1093 134 52 etiam
401 1093 134 52 modis
490 1093 134 52 iuxta
579 1093 164 52 regulam
698 1093 223 52 philosophi.
876 1093 89 52 v.
906 1093 134 52 Metaph.

254 1132 128 56 Quot
334 1132 144 56 modis
430 1132 176 56 dicitur
557 1132 128 56 vnum
637 1132 239 56 oppositorum
829 1132 112 56 tot
892 1132 144 56 modis
972 1132 64 56 di

250 1184 134 47 citur
340 1184 89 47 et
384 1184 179 47 reliquum
518 1184 119 47 etc.
593 1184 75 47 ¶
623 1184 134 47 Primo
712 1184 119 47 modo
787 1184 164 47 dicitur
891 1184 149 47 imperfe-

249 1226 119 43 ctum
323 1226 104 43 quo
383 1226 89 43 ad
427 1226 134 43 esse.
516 1226 89 43 Et
561 1226 104 43 hoc
620 1226 223 43 dupliciter.
798 1226 119 43 quia
873 1226 104 43 aut
932 1226 134 43 tota¬

258 1260 132 56 liter
346 1260 132 56 caret
435 1260 118 56 esse
508 1260 132 56 sicut
596 1260 118 56 sunt
670 1260 118 56 pure
743 1260 220 56 negationes.
919 1260 88 56 et
949 1260 88 56 pec-

246 1301 152 55 cata:
347 1301 236 55 formaliter
533 1301 220 55 capiendo.
702 1301 118 55 Aut
770 1301 135 55 quia
854 1301 169 55 aliquo
956 1301 84 55 ca-

259 1348 99 46 ret
316 1348 113 46 esse
386 1348 113 46 quod
457 1348 113 46 sibi
528 1348 142 46 posset
628 1348 142 46 inesse
727 1348 99 46 vel
784 1348 156 46 ratione
897 1348 128 46 entis
968 1348 71 46 vel

274 1386 169 54 teneris
396 1386 123 54 sui.
473 1386 107 54 vel
534 1386 153 54 nature
642 1386 184 54 proprie.
779 1386 123 54 Isto
856 1386 123 54 modo
917 1386 123 54 queli-

250 1435 105 49 bet
310 1435 180 49 creatura
445 1435 105 49 est
505 1435 225 49 imperfecta.
685 1435 120 49 quia
760 1435 180 49 cuilibet
880 1435 165 49 inquantum

261 1481 103 47 est
320 1481 103 47 ens
379 1481 103 47 non
437 1481 176 47 repugnat
569 1481 191 47 infinitas
716 1481 103 47 que
775 1481 103 47 est
834 1481 205 47 perfectio.
980 1481 59 47 et

253 1511 150 57 tamen
353 1511 200 57 quelibet
503 1511 200 57 creatura
653 1511 117 57 est
720 1511 183 57 finita.
836 1511 200 57 Queadmodum

255 1555 85 55 et
297 1555 85 55 de
340 1555 198 55 priuatione
495 1555 99 55 vbi
552 1555 127 55 supra
637 1555 156 55 Aristo.
750 1555 127 55 dicit
835 1555 113 55 quod
906 1555 127 55 talpa
976 1555 57 55 di

254 1599 138 51 citur
346 1599 123 51 ceca
423 1599 108 51 non
484 1599 200 51 inquantum
638 1599 138 51 talpa
730 1599 108 51 sed
792 1599 200 51 inquantum
930 1599 108 51 anima

257 1637 131 58 quia
338 1637 180 58 animali
469 1637 115 58 non
535 1637 196 58 repugnat
682 1637 147 58 visio
780 1637 115 58 vel
846 1637 180 58 videre.
960 1637 82 58 sed

266 1682 157 50 talpe
370 1682 105 50 vt
423 1682 157 50 talpa
528 1682 227 50 repugnat.
702 1682 87 50 ¶
737 1682 192 50 Secundo
877 1682 140 50 modo
947 1682 105 50 dici

261 1729 91 46 tur
313 1729 195 46 imperfectum
469 1729 91 46 quo
520 1729 78 46 ad
559 1729 169 46 virtutem.
689 1729 104 46 quod
754 1729 156 46 scilicet
870 1729 91 46 non
922 1729 117 46 habet
987 1729 65 46 ple

268 1768 106 48 nam
329 1768 182 48 virtutem
465 1768 122 48 sibi
541 1768 167 48 debitam
663 1768 106 48 vel
724 1768 304 48 correspondentem.
967 1768 76 48 si-

263 1807 109 49 cut
326 1807 171 49 dicitur
450 1807 233 49 imperfectus
636 1807 171 49 medicus
760 1807 109 49 qui
822 1807 109 49 non
884 1807 140 49 habet
961 1807 78 49 art

261 1845 259 56 sufficientem.
474 1845 76 56 ¶
505 1845 152 56 Tertio
611 1845 122 56 modo
687 1845 168 56 dicitur
809 1845 229 56 imperfectum
977 1845 76 56 quo

269 1900 78 41 ad
308 1900 117 41 finem
386 1900 157 41 scilicet
504 1900 104 41 quod
569 1900 117 41 caret
647 1900 131 41 debito
739 1900 117 41 fine.
817 1900 117 41 sicut
895 1900 104 41 sunt
948 1900 104 41 peruer

269 1937 78 44 si
308 1937 156 44 spiritus
425 1937 156 44 maligni.
542 1937 78 44 Et
581 1937 117 44 etiam
659 1937 78 44 ea
697 1937 91 44 que
749 1937 156 44 auertunt
866 1937 65 44 a
892 1937 104 44 fine
957 1937 78 44 id
983 1937 65 44 est

272 1975 83 53 a
306 1975 116 53 deo
372 1975 116 53 vel
438 1975 83 53 a
471 1975 232 53 beatitudie
653 1975 99 53 vt
703 1975 133 53 sunt
786 1975 149 53 mala.
885 1975 116 53 Hec
935 1975 116 53 omnia

267 2020 107 60 ex
303 2020 125 60 Guil.

260 2052 110 81 ¶
304 2052 176 81 Quid
414 2052 154 81 est
502 2052 286 81 perfectio
721 2052 330 81 simpliciter
963 2052 88 81 et

283 2128 173 45 Respondetur
422 2128 138 45 secundum
526 2128 104 45 Guil.
595 2128 81 45 in.
641 2128 127 45 secundi
733 2128 92 45 lib.
791 2128 138 45 prologo.
895 2128 69 45 Et
929 2128 104 45 Fran.
987 2128 69 45 may.

275 2164 78 48 in
314 2164 156 48 conflat.
431 2164 117 48 primi
509 2164 117 48 dist.
587 2164 156 48 xxxiiii.
703 2164 104 48 quod
768 2164 117 48 sicut
846 2164 117 48 docet
924 2164 130 48 Ansel.
1002 2164 52 48 in

264 2206 115 51 suo
329 2206 164 51 Monol.
444 2206 99 51 c.
494 2206 115 51 xv.
559 2206 214 51 Perfectio
723 2206 246 51 simpliciter
921 2206 115 51 est
970 2206 82 51 que

266 2248 78 58 in
305 2248 156 58 qualibet
422 2248 130 58 melius
513 2248 91 58 est
565 2248 117 58 ipsam
643 2248 104 58 esse
709 2248 104 58 quam
774 2248 91 58 non
826 2248 117 58 esse.
904 2248 78 58 Et
930 2248 130 58 secundum

272 2292 134 49 mentem
365 2292 107 49 doc.
432 2292 134 49 subti.
526 2292 80 49 in
566 2292 120 49 primo
646 2292 94 49 suo
699 2292 120 49 dist.
779 2292 94 49 ii.
833 2292 80 49 q.
873 2292 120 49 iiii.
953 2292 94 49 non
993 2292 67 49 de-

278 2331 101 50 bet
335 2331 188 50 intelligi
480 2331 173 50 absolute
610 2331 116 50 quod
682 2331 87 50 in
726 2331 173 50 qualibet
856 2331 145 50 natura
957 2331 101 50 est
1000 2331 58 50 me

275 2375 114 48 lius
346 2375 114 48 vnam
417 2375 228 48 perfectionem
602 2375 214 48 simpliciter
773 2375 114 48 esse
844 2375 114 48 quam
916 2375 100 48 non
958 2375 100 48 esse.

282 2414 113 51 Sed
347 2414 146 51 debet
444 2414 210 51 intelligi
605 2414 97 51 in
654 2414 194 51 quolibet
799 2414 210 51 supposito
945 2414 113 51 abso-

271 2460 112 51 lute
341 2460 211 51 considerato
510 2460 98 51 non
566 2460 211 51 considerata
735 2460 112 51 eius
805 2460 155 51 natura.
917 2460 126 51 patet
988 2460 70 51 ex-

277 2503 148 48 emplo.
381 2503 193 48 Sapientia
529 2503 119 48 enim
604 2503 104 48 est
663 2503 193 48 perfectio
812 2503 237 48 simpliciter.
990 2503 59 48 no

284 2548 119 51 tamen
363 2548 132 51 melius
456 2548 93 51 est
509 2548 106 51 cani
575 2548 172 51 inquantum
707 2548 119 51 canis
786 2548 159 51 scilicet
905 2548 106 51 quod
971 2548 93 51 sit
1011 2548 53 51 sa

274 2590 129 49 piens
360 2590 115 49 quam
432 2590 115 49 quod
503 2590 100 49 non
561 2590 100 49 sit
618 2590 172 49 sapiens.
747 2590 86 49 Si
790 2590 115 49 enim
862 2590 129 49 esset
934 2590 129 49 sapiens

272 2619 114 61 iam
337 2619 114 61 non
402 2619 147 61 esset
500 2619 163 61 canis.
614 2619 114 61 Sed
679 2619 163 61 melius
793 2619 147 61 esset
875 2619 179 61 supposite

279 2668 158 65 canis.
390 2668 111 65 non
453 2668 237 65 considerata
643 2668 142 65 canis
738 2668 174 65 natura.
864 2668 111 65 Hec
928 2668 95 65 ex
959 2668 111 65 Guil.

232 2706 199 71 supra.

1077 303 134 78 ¶
1131 303 242 78 Utrum
1292 303 242 78 omnia
1454 303 161 78 ea
1534 303 188 78 que
1615 303 269 78 ponuntur

1074 375 90 58 in
1119 375 166 58 diuinis
1240 375 151 58 dicant
1345 375 241 58 perfectionem
1541 375 226 58 simpliciter
1707 375 166 58 Responde-

1076 421 94 44 tur
1129 421 161 44 secundum
1250 421 121 44 Fran.
1330 421 134 44 mayro.
1424 421 80 44 in
1465 421 161 44 conflat.
1585 421 121 44 primi
1666 421 121 44 dist.
1733 421 134 44 xxxiiii.

1083 461 104 53 vbi
1143 461 134 53 inter
1232 461 134 53 multa
1322 461 134 53 dicit
1411 461 164 53 Notando
1531 461 119 53 quod
1605 461 194 53 perfectio
1740 461 134 53 simpli-

1081 507 122 45 citer
1163 507 163 45 secundum
1285 507 135 45 mentem
1379 507 108 45 doc.
1447 507 135 45 nostri
1542 507 95 45 est
1596 507 108 45 illa
1664 507 95 45 que
1718 507 95 45 est
1759 507 108 45 melior

1083 548 200 47 quocumque
1237 548 123 47 sibi
1314 548 293 47 incompossibili.
1560 548 200 47 Propterea
1699 548 169 47 sapientia

1089 590 104 49 est
1149 590 193 49 perfectio
1297 590 238 49 simpliciter.
1490 590 119 49 quia
1565 590 119 49 nata
1639 590 104 49 est
1699 590 149 49 habere
1788 590 74 49 mo-

1087 630 99 46 dum
1143 630 225 46 infinitatis.
1326 630 84 46 Et
1368 630 141 46 habere
1467 630 99 46 hoc
1523 630 169 46 scilicet
1650 630 127 46 modum
1720 630 141 46 infinita

1085 673 113 46 tis
1149 673 193 46 repugnat
1294 673 97 46 ei
1342 673 129 46 quod
1423 673 113 46 non
1487 673 113 46 est
1551 673 209 46 perfectio
1696 673 177 46 simplici-

1087 714 114 45 ter.
1158 714 114 45 quia
1230 714 143 45 nullum
1330 714 114 45 tale
1401 714 143 45 potest
1501 714 114 45 esse
1573 714 186 45 infinitum
1701 714 172 45 formaliter

1096 757 160 50 Ideoque
1213 757 189 50 perfectio
1358 757 218 50 simpliciter
1532 757 145 50 melior
1633 757 102 50 est
1691 757 189 50 quocumque
1822 757 58 50 si

1083 797 90 49 bi
1128 797 285 49 incompossibili.
1368 797 75 49 ¶
1398 797 120 49 Unde
1473 797 105 49 pro
1534 797 150 49 regula
1639 797 180 49 generali
1774 797 105 49 est
1819 797 60 49 te

1083 842 146 49 nendum
1185 842 117 49 quod
1258 842 131 49 omnis
1346 842 189 49 perfectio
1491 842 102 49 que
1550 842 102 49 est
1608 842 87 49 in
1652 842 102 49 deo
1695 842 175 49 formaliter

1087 883 105 43 est
1147 883 150 43 melior
1252 883 120 43 omni
1327 883 225 43 perfectione
1508 883 105 43 que
1568 883 105 43 non
1628 883 105 43 est
1688 883 90 43 in
1733 883 105 43 deo
1778 883 105 43 forma

1082 924 141 49 liter
1176 924 110 49 Nam
1239 924 188 49 alioquin
1380 924 125 49 deus
1459 924 157 49 posset
1568 924 204 49 intelligi
1725 924 157 49 melior
1819 924 63 49 si

1097 966 125 46 vicem
1181 966 153 46 haberet
1292 966 111 46 quod
1362 966 97 46 est
1417 966 139 46 melius
1515 966 111 46 quod
1585 966 84 46 in
1626 966 84 46 se
1668 966 97 46 non
1724 966 139 46 habet.
1807 966 70 46 Et:

1090 1008 98 45 hoc
1146 1008 98 45 est
1202 1008 224 45 inconueniens
1384 1008 112 45 quia
1454 1008 182 45 Anselmus.
1595 1008 126 45 supra
1679 1008 126 45 dicit
1763 1008 112 45 quod
1819 1008 70 45 de-

1080 1050 109 55 us
1134 1050 127 55 est
1207 1050 181 55 summum
1333 1050 163 55 bonum
1442 1050 127 55 quo
1514 1050 163 55 maius
1623 1050 127 55 vel
1695 1050 163 55 minus
1786 1050 90 55 in-

1098 1091 178 49 telligi
1227 1091 113 49 non
1292 1091 178 49 potest.
1422 1091 81 49 ¶
1454 1091 113 49 Sed
1519 1091 97 49 ad
1568 1091 195 49 quesitum
1714 1091 162 49 vicem.
1811 1091 65 49 An

1098 1132 133 51 omnia
1187 1132 88 51 ea
1231 1132 103 51 que
1290 1132 177 51 ponuntur
1422 1132 88 51 in
1467 1132 162 51 diuinis
1584 1132 147 51 dicant
1673 1132 206 51 perfectionem

1071 1176 230 52 simpliciter.

1170 1209 217 88 Adhuc
1314 1209 168 88 pro
1411 1209 313 88 euidentia
1651 1209 193 88 Nota
1748 1209 120 88 se-

1092 1282 132 43 cundo
1180 1282 88 43 ex
1224 1282 132 43 eodem
1312 1282 146 43 Franc.
1414 1282 146 43 supra.
1516 1282 117 43 Quod
1589 1282 88 43 in
1633 1282 190 43 creaturis
1765 1282 102 43 Primo

1089 1320 121 47 sunt
1165 1320 152 47 quedam
1271 1320 106 47 que
1331 1320 273 47 imperfectionem
1559 1320 197 47 includunt
1695 1320 182 47 quiditati-

1091 1367 98 50 ue.
1147 1367 84 50 et
1189 1367 126 50 primo
1273 1367 112 50 modo
1344 1367 154 50 dicendi
1456 1367 98 50 per
1512 1367 98 50 se.
1568 1367 126 50 sicut
1652 1367 154 50 cecitas
1765 1367 98 50 que
1807 1367 70 50 est

1102 1406 142 49 puatio
1201 1406 142 49 visus.
1301 1406 85 49 et
1344 1406 199 49 huiusmodi.
1501 1406 157 49 Secundo
1614 1406 142 49 quedam
1714 1406 114 49 sunt
1785 1406 100 49 que
1828 1406 57 49 im

1103 1449 229 44 perfectionem
1289 1449 186 44 includunt
1432 1449 86 44 in
1475 1449 158 44 secundo
1590 1449 115 44 modo
1662 1449 158 44 dicendi
1777 1449 100 44 per
1820 1449 57 44 se

1102 1491 136 44 sicut
1192 1491 196 44 humanitas
1343 1491 90 44 et
1388 1491 181 44 quelibet
1524 1491 166 44 species
1644 1491 226 44 cuiuscumque
1810 1491 75 44 ge-

1096 1532 143 42 neris.
1196 1532 114 42 quia
1267 1532 143 42 potest
1367 1532 214 42 demonstrari
1538 1532 228 42 creabilitas.
1723 1532 86 42 et
1766 1532 100 42 per
1809 1532 71 42 con

1097 1574 142 49 sequens
1200 1574 142 49 finitas
1303 1574 77 49 et
1342 1574 167 49 huiusmodi
1471 1574 77 49 in
1509 1574 142 49 secundo
1612 1574 103 49 modo
1677 1574 90 49 per
1728 1574 77 49 se
1767 1574 77 49 In
1793 1574 90 49 omni-

1090 1617 106 51 bus
1150 1617 121 51 enim
1226 1617 197 51 creaturis
1377 1617 106 51 que
1438 1617 106 51 non
1499 1617 121 51 sunt
1574 1617 197 51 perfectio
1710 1617 167 51 simplici-

1093 1658 106 42 ter
1153 1658 121 42 isto
1229 1658 121 42 modo
1304 1658 211 42 includitur
1470 1658 241 42 imperfecton.
1666 1658 151 42 Tertio
1756 1658 121 42 quedam

1105 1695 111 54 sunt
1174 1695 97 54 que
1230 1695 125 54 solum
1313 1695 97 54 per
1368 1695 166 54 accidens
1493 1695 180 54 includunt
1631 1695 249 54 imperfectionem
1825 1695 55 54 si

1107 1743 107 50 cut
1168 1743 199 50 sapientia
1321 1743 92 50 in
1367 1743 215 50 creaturis.
1536 1743 107 50 Nam
1598 1743 199 50 sapientia
1751 1743 92 50 in
1782 1743 107 50 crea-

1097 1783 108 47 tura
1164 1783 94 47 est
1218 1783 148 47 finita.
1326 1783 108 47 ideo
1393 1783 81 47 vt
1434 1783 94 47 sic
1488 1783 121 47 dicit
1568 1783 243 47 imperfectionem
1757 1783 135 47 secundum

1105 1823 115 53 quid
1176 1823 86 53 et
1219 1823 201 53 diminutam.
1377 1823 129 53 tamen
1463 1823 172 53 secundum
1592 1823 115 53 eius
1664 1823 172 53 rationem
1779 1823 100 53 forma

1108 1871 100 52 lem
1165 1871 86 52 vt
1208 1871 185 52 abstrahit
1350 1871 71 52 a
1379 1871 143 52 finito
1478 1871 86 52 et
1521 1871 171 52 infinito
1650 1871 128 52 dicit
1721 1871 171 52 perfectio-

1103 1910 109 51 nem
1166 1910 249 51 simpliciter.
1368 1910 125 51 quia
1446 1910 93 51 vt
1493 1910 109 51 sic
1555 1910 125 51 nata
1633 1910 109 51 est
1695 1910 156 51 habere
1789 1910 109 51 modum

1095 1951 226 47 infinitatis
1276 1951 90 47 vt
1321 1951 90 47 in
1366 1951 211 47 precedenti
1532 1951 166 47 proximo
1653 1951 181 47 notabili
1773 1951 121 47 patuit

1116 1992 119 46 Sed
1184 1992 221 46 humanitas
1354 1992 102 46 et
1405 1992 187 46 species
1540 1992 255 46 cuiuscumque
1727 1992 170 46 generis.

1104 2033 65 46 et
1137 2033 119 46 albedo.
1223 2033 65 46 et
1256 2033 97 46 talia
1320 2033 108 46 dicunt
1396 2033 151 46 tantummodo
1515 2033 173 46 perfectionem
1655 2033 130 46 secundum
1753 2033 86 46 quid
1796 2033 108 46 scilicet

1102 2083 105 46 in
1155 2083 263 46 determinato
1366 2083 193 46 genere.
1506 2083 123 46 sed
1576 2083 140 46 null
1664 2083 158 46 omodo
1752 2083 140 46 dicunt

1108 2120 223 53 perfectionem
1289 2120 223 53 simpliciter.
1471 2120 112 53 quia
1540 2120 112 53 illa
1610 2120 98 53 non
1666 2120 195 53 conueniunt
1805 2120 84 53 esse

1105 2167 195 49 formaliter
1258 2167 84 49 in
1300 2167 98 49 deo
1356 2167 126 49 sicut
1440 2167 181 49 sapientia
1579 2167 112 49 est.
1649 2167 153 49 Denique
1747 2167 139 49 proprie-

1101 2210 138 47 tates
1193 2210 185 47 absolute
1331 2210 138 47 sicut
1424 2210 246 47 intellectus.
1624 2210 200 47 scientia.
1762 2210 123 47 volun-

1099 2245 121 50 tas.
1174 2245 196 50 potentia.
1325 2245 90 50 et
1370 2245 136 50 talia
1461 2245 151 50 dicunt
1566 2245 241 50 perfectionem
1747 2245 151 50 simplice

1102 2290 114 51 ter.
1173 2290 114 51 quia
1244 2290 128 51 talia
1330 2290 143 51 melius
1430 2290 100 51 est
1487 2290 214 51 simpliciter
1658 2290 143 51 habere
1758 2290 114 51 quam
1815 2290 71 51 non

1100 2331 174 49 habere.
1226 2331 110 49 que
1290 2331 126 49 sunt
1368 2331 95 49 in
1416 2331 158 49 diuina
1526 2331 189 49 essentia
1668 2331 110 49 per
1731 2331 142 49 modum
1810 2331 79 49 rei

1110 2373 222 49 intrinsece.
1287 2373 118 49 vnde
1361 2373 133 49 talia
1450 2373 192 49 inquantum
1598 2373 222 49 accipiuntur
1775 2373 89 49 in
1804 2373 89 49 gene

1107 2417 137 50 rali:
1198 2417 198 50 analogice
1350 2417 91 50 de
1396 2417 182 50 creatore
1532 2417 91 50 et
1578 2417 182 50 creatura
1715 2417 152 50 dicunt
1806 2417 91 50 per-

1102 2456 209 55 fectionem
1262 2456 257 55 simpliciter.
1471 2456 112 55 sed
1535 2456 112 55 non
1599 2456 209 55 inquantum
1744 2456 160 55 accipiun

1099 2507 126 42 tur
1171 2507 126 42 cum
1243 2507 144 42 modo
1333 2507 126 42 quo
1405 2507 306 42 determinantur
1658 2507 108 42 ad
1694 2507 198 42 creaturam

1107 2536 98 51 vt
1156 2536 163 51 patuit
1269 2536 146 51 etiam
1367 2536 146 51 supra
1465 2536 114 51 vbi
1530 2536 228 51 Attributa.
1709 2536 98 51 §.
1758 2536 114 51 vi.
1806 2536 98 51 Quar

1106 2582 79 51 to
1145 2582 105 51 modo
1211 2582 131 51 quadam
1302 2582 105 51 sunt
1368 2582 92 51 qua
1420 2582 118 51 nullo
1499 2582 105 51 modo
1564 2582 170 51 includunt
1682 2582 210 51 imperfectionem

1108 2623 114 49 sicut
1184 2623 139 49 deitas.
1285 2623 76 49 Et
1323 2623 101 49 sola
1386 2623 101 49 ista
1449 2623 76 49 de
1487 2623 126 49 quarto
1575 2623 76 49 et
1613 2623 76 49 de
1651 2623 126 49 tertio
1739 2623 126 49 tantum
1815 2623 88 49 modis

1124 2665 109 49 dicunt
1201 2665 175 49 perfectionem
1343 2665 175 49 simpliciter.
1485 2665 88 49 ista
1540 2665 109 49 quidem
1616 2665 66 49 de
1649 2665 109 49 quarto
1726 2665 66 49 de
1759 2665 77 49 se.
1803 2665 77 49 sed
1835 2665 66 49 illa

1119 2707 74 79 de
1156 2707 124 79 tertio
1242 2707 87 79 per
1292 2707 111 79 accts
1366 2707 99 79 quia
1428 2707 87 79 non
1477 2707 148 79 conuenit
1589 2707 87 79 eis
1638 2707 161 79 perfectio
1749 2707 161 79 simpliciter
