2217 3290
338 296 104 57 nisi
403 296 91 57 per
455 296 156 57 accidens
572 296 156 57 scilicet
689 296 78 57 vt
728 296 104 57 sunt
794 296 91 57 vel
846 296 104 57 nata
911 296 104 57 sunt
976 296 104 57 esse
1041 296 78 57 in
1067 296 65 57 deo

347 350 111 51 per
411 350 143 51 modum
506 350 111 51 rei
570 350 223 51 intrinsece
745 350 143 51 Secus
841 350 96 51 vt
888 350 127 51 sunt
968 350 96 51 in
1000 350 127 51 creatu

344 396 106 46 ris.
410 396 80 46 Et
450 396 93 46 sic
503 396 80 46 ad
543 396 159 46 quesitum
662 396 212 46 Respondendum
834 396 93 46 est
887 396 106 46 quod
953 396 93 46 non
1006 396 119 46 omnia
1073 396 66 46 que

350 437 158 48 ponuntur
468 437 79 48 in
508 437 145 48 diuinis
613 437 132 48 dicunt
705 437 211 48 perfectionem
877 437 198 48 simpliciter
1035 437 79 48 vt
1061 437 66 48 pa-

342 481 105 47 tet
402 481 90 47 de
447 481 135 47 illis
537 481 105 47 que
598 481 120 47 sunt
673 481 90 47 de
718 481 165 47 secundo
838 481 120 47 modo
913 481 180 47 predicto
1049 481 90 47 et
1079 481 60 47 de

347 516 267 48 relationibus
565 516 100 48 de
615 516 167 48 quibus
732 516 184 48 clarius
866 516 100 48 in
899 516 234 48 sequentibus.

347 572 108 83 ¶
391 572 151 83 Sed
477 572 151 83 que
564 572 173 83 sunt
672 572 173 83 illa
780 572 151 83 que
866 572 216 83 dicunt
996 572 130 83 per-

349 646 179 50 fectionem
487 646 206 50 simpliciter
651 646 110 50 Nota
720 646 165 50 secundum
844 646 124 50 Fran.
926 646 137 50 supra.
1008 646 124 50 Regulas

380 689 72 48 ¶
408 689 130 48 Prima
495 689 116 48 est.
568 689 116 48 Quod
640 689 130 48 nulla
727 689 188 48 perfectio
872 689 217 48 quiditatiua
1031 689 101 48 dicit

351 728 228 58 perfectionem
536 728 228 58 simpliciter.
721 728 100 58 Sed
779 728 114 58 voco
850 728 143 58 inquit
935 728 200 58 perfectionem

357 768 227 55 quiditatiuam
541 768 99 55 que
598 768 99 55 est
655 768 185 55 perfectio
797 768 142 55 artata
897 768 185 55 specifica
1039 768 99 55 vel
1081 768 57 55 de

354 813 151 55 genere
460 813 212 55 substantie
626 813 106 55 vel
687 813 136 55 etiam
778 813 91 55 de
823 813 197 55 quocumque
974 813 121 55 alio
1035 813 106 55 gene-

350 855 90 50 re.
402 855 181 50 accipiendo
544 855 142 50 proprie
647 855 116 50 talia
725 855 103 50 quae
789 855 90 50 per
841 855 78 50 se
880 855 103 50 sunt
944 855 78 50 in
983 855 142 50 genere.
1073 855 65 50 Nam

354 901 139 46 inter
446 901 139 46 illas
539 901 139 46 spens
631 901 154 46 natura
740 901 185 46 angelica
879 901 139 46 tenet
971 901 154 46 primum
1064 901 77 46 gra

357 940 82 49 dum
404 940 70 49 et
439 940 105 49 tamen
510 940 82 49 non
556 940 82 49 est
603 940 152 49 perfecton
720 940 187 49 simpliciter.
873 940 94 49 Unde
931 940 59 49 a
955 940 141 49 fortiori
1048 940 94 49 humani

355 978 94 54 tas
408 978 94 54 vel
462 978 175 54 equinitas
597 978 81 54 et
637 978 175 54 huiusmodi
772 978 94 54 non
826 978 108 54 sunt
893 978 215 54 perfectiones
1054 978 81 54 sim-

352 1028 185 48 pliciter.
494 1028 128 48 licet
579 1028 170 48 nobilius
707 1028 156 48 habeant
820 1028 114 48 esse
891 1028 85 48 in
934 1028 99 48 deo
991 1028 114 48 quam
1062 1028 85 48 in
1090 1028 57 48 se

355 1064 102 52 De
406 1064 119 52 hoc
474 1064 170 52 supra.
593 1064 119 52 vbi
661 1064 221 52 Attributa
830 1064 85 52 ¶
864 1064 102 52 Si
915 1064 153 52 dicas
1000 1064 136 52 Sapien

353 1103 89 55 tia
404 1103 89 55 est
455 1103 77 55 de
494 1103 128 55 genere
583 1103 179 55 qualitatis
724 1103 77 55 et
762 1103 115 55 tamen
839 1103 89 55 est
890 1103 166 55 perfectio
1005 1103 140 55 simplici-

354 1145 93 56 ter
407 1145 106 56 Dico
473 1145 133 56 inquit
566 1145 120 56 Fran.
646 1145 106 56 quod
712 1145 173 56 sapientia
845 1145 106 56 quae
912 1145 93 56 est
965 1145 173 56 perfectio
1085 1145 66 56 sim

360 1190 163 54 pliciter
482 1190 95 54 non
537 1190 95 54 est
591 1190 81 54 in
632 1190 136 54 genere
727 1190 95 54 per
781 1190 81 54 se
822 1190 95 54 sed
876 1190 95 54 per
930 1190 95 54 eam
971 1190 176 54 circumloqui

353 1236 91 48 mur
405 1236 143 48 aliquid
509 1236 78 48 in
548 1236 130 48 genere
640 1236 156 48 scilicet
757 1236 169 48 sapientia
887 1236 143 48 creatam
992 1236 91 48 que
1044 1236 91 48 est
1083 1236 52 48 in

352 1273 126 55 genere
441 1273 177 55 qualitatis
580 1273 177 55 Similiter.
718 1273 151 55 spiritus
832 1273 76 55 vt
870 1273 76 55 in
908 1273 88 55 deo
958 1273 164 55 perfectio
1072 1273 63 55 sim

352 1322 181 46 pliciter.
491 1322 97 46 non
547 1322 97 46 est
602 1322 83 46 in
644 1322 153 46 genere.
755 1322 125 46 licet
838 1322 153 46 dicamus
950 1322 167 46 spiritum
1061 1322 83 46 ange

350 1354 142 56 licum
445 1354 111 56 qui
508 1354 111 56 est
572 1354 95 56 in
619 1354 158 56 genere
730 1354 221 56 substantie
904 1354 127 56 etc.
983 1354 79 56 ¶
999 1354 142 56 Secunda

349 1400 148 53 regula
453 1400 119 53 quod
527 1400 134 53 nulla
616 1400 193 53 perfectio
765 1400 89 53 in
809 1400 193 53 creaturis
958 1400 89 53 si
1003 1400 104 53 non
1047 1400 104 53 inue-

347 1442 127 53 niatur
436 1442 76 53 in
474 1442 89 53 deo
525 1442 89 53 est
576 1442 165 53 perfectio
703 1442 190 53 simpliciter
855 1442 114 53 Sicut
931 1442 89 53 est
982 1442 127 53 fides:
1058 1442 89 53 spes:

346 1483 212 52 temperantia
515 1483 85 52 et
558 1483 198 52 huiusmodi.
713 1483 127 52 Ratio
798 1483 113 52 quia
869 1483 184 52 quecunque
1010 1483 99 52 non
1052 1483 99 52 inue-

350 1528 181 50 niuntur
481 1528 99 50 in
530 1528 115 50 deo
596 1528 197 50 repugnat
744 1528 115 50 eis
809 1528 214 50 infinitas
974 1528 115 50 Est
1023 1528 115 50 autem

372 1563 60 60 ¶
396 1563 120 60 Tertia
480 1563 144 60 scilicet
588 1563 120 60 regula
672 1563 72 60 Ex
708 1563 180 60 generaliter
853 1563 108 60 omnis
925 1563 156 60 perfectio
1045 1563 84 60 cui
1081 1563 60 60 re-

347 1603 153 64 pugnat
454 1603 199 64 infinitas
607 1603 184 64 repugnat
745 1603 92 64 ei
791 1603 123 64 esse
868 1603 245 64 perfectionem
1052 1603 92 64 sim-

351 1644 157 62 pliciter.
472 1644 97 62 Unde
532 1644 193 62 philosophus.
689 1644 72 62 v.
725 1644 133 62 metaph.
821 1644 84 62 ca.
870 1644 72 62 de
906 1644 145 62 perfecto
1014 1644 109 62 dicit
1075 1644 60 62 Sim

352 1696 163 49 pliciter
474 1696 176 49 perfectum
610 1696 95 49 est
664 1696 122 49 illud
745 1696 81 49 in
786 1696 95 49 quo
840 1696 203 49 reperiuntur
1003 1696 122 49 omnes
1070 1696 68 49 no-

354 1736 191 51 bilitates
501 1736 205 51 cuiuslibet
662 1736 147 51 entis.
765 1736 103 51 per
824 1736 132 51 modum
912 1736 132 51 tamen
985 1736 147 51 altiorem

356 1774 93 57 ergo
414 1774 151 57 perfectum
531 1774 174 57 simpliciter
670 1774 81 57 non
717 1774 116 57 potest
798 1774 93 57 esse
856 1774 93 57 nisi
914 1774 93 57 vnum
972 1774 93 57 quod
1030 1774 81 57 est
1065 1774 70 57 deus

348 1812 108 57 qui
409 1812 139 57 solus
502 1812 108 57 est
564 1812 201 57 infinitus
718 1812 93 57 et
764 1812 93 57 ea
811 1812 108 57 que
872 1812 123 57 sunt
949 1812 93 57 in
996 1812 93 57 eo
1027 1812 123 57 essen-

354 1859 154 58 tialia
461 1859 77 58 ¶
492 1859 154 58 Quarta
600 1859 169 58 regula.
723 1859 200 58 Quecumque
877 1859 123 58 sunt
954 1859 92 58 in
1000 1859 108 58 deo
1047 1859 92 58 nisi

356 1906 107 46 sint
423 1906 161 46 communia
543 1906 134 46 tribus
637 1906 161 46 personis
757 1906 94 46 non
811 1906 134 46 dicunt
904 1906 214 46 perfectionem
1065 1906 80 46 sim-

356 1943 182 51 pliciter.
496 1943 112 51 Unde
567 1943 211 51 paternitas:
735 1943 168 51 filiatio
861 1943 182 51 spiratio:
1002 1943 112 51 etc.
1058 1943 84 51 nul-

356 1986 109 49 lam
419 1986 156 49 dicunt
528 1986 218 49 perfectonm
699 1986 187 49 loquendo
839 1986 234 49 formaliter.
1026 1986 109 49 Nec
1073 1986 62 49 di

349 2028 119 51 cunt
424 2028 268 51 imperfectionem
647 2028 89 51 vt
692 2028 134 51 dicit
781 2028 134 51 etiam
871 2028 134 51 Guil.
960 2028 104 51 sed
1005 2028 134 51 loquen-

358 2072 90 45 do
403 2072 179 45 identice
537 2072 149 45 dicunt
642 2072 209 45 perfectonm
806 2072 105 45 cum
866 2072 120 45 sint
941 2072 120 45 idem
1015 2072 105 45 cum
1060 2072 75 45 di-

359 2110 113 48 uina
430 2110 184 48 essentia.
572 2110 99 48 Nam
628 2110 85 48 si
671 2110 170 48 dicerent
799 2110 199 48 formaliter
940 2110 199 48 perfectionem

364 2149 157 57 equeretur
485 2149 97 57 quod
545 2149 121 57 aliqua
629 2149 145 57 scilicet
738 2149 157 57 perfectio
859 2149 109 57 esset
931 2149 72 57 in
967 2149 109 57 patre
1039 2149 84 57 qua
1076 2149 60 57 non

350 2197 123 51 esset
433 2197 82 51 in
474 2197 123 51 filio
556 2197 82 51 et
597 2197 192 51 econuerso.
748 2197 110 51 quia
816 2197 192 51 paternitas
967 2197 96 51 est
1022 2197 82 51 in
1049 2197 96 51 patre

359 2240 90 53 non
410 2240 77 53 in
449 2240 115 53 filio
526 2240 192 53 formaliter.
680 2240 77 53 et
718 2240 154 53 filiatio
833 2240 90 53 est
885 2240 77 53 in
923 2240 115 53 filio
987 2240 154 53 formaliter

349 2281 103 46 non
408 2281 88 46 in
452 2281 147 46 patre.
556 2281 88 46 et
600 2281 103 46 sic
659 2281 103 46 vna
718 2281 133 46 esset
806 2281 221 46 perfectior.
983 2281 147 46 Patuit
1071 2281 74 46 vbi

359 2325 135 46 Notio.
454 2325 81 46 §.
495 2325 95 46 ix.
549 2325 81 46 in
589 2325 95 46 fi.
643 2325 68 46 ¶
670 2325 135 46 Quinta
765 2325 149 46 regula.
873 2325 108 46 Quod
941 2325 122 46 omnia
1022 2325 108 46 quae
1076 2325 54 46 di

350 2361 122 48 cunt
426 2361 122 48 esse
502 2361 198 48 absolutum
654 2361 91 48 in
700 2361 107 48 deo
761 2361 152 48 dicunt
868 2361 244 48 perfectionem
1051 2361 91 48 sim-

355 2408 137 51 pliciter
457 2408 103 51 sicut
526 2408 68 51 in
560 2408 80 51 deo
605 2408 114 51 Ratio:
685 2408 160 51 subsantie:
810 2408 148 51 spiritus:
924 2408 148 51 entitatis
1027 2408 114 51 deitatis

359 2443 79 52 et
398 2443 119 52 etiam
478 2443 185 52 heceitatis
623 2443 132 52 diuine
715 2443 92 52 que
768 2443 158 52 scilicet
887 2443 158 52 heceitas
1006 2443 79 52 in
1046 2443 92 52 deo
1085 2443 53 52 se

348 2493 109 50 habet
420 2493 84 50 per
469 2493 109 50 modum
541 2493 157 50 indiuidui
662 2493 72 50 Et
698 2493 72 50 vt
734 2493 84 50 sic
782 2493 145 50 scilicet
891 2493 72 50 in
927 2493 84 50 deo
975 2493 84 50 est
1011 2493 121 50 infinita

355 2532 170 59 Itaque
474 2532 153 59 omnia
576 2532 204 59 absoluta
729 2532 238 59 accipiendo
917 2532 102 59 ab
951 2532 187 59 indiuiduo

346 2586 131 50 vsque
434 2586 87 50 ad
478 2586 233 50 transcendens
667 2586 146 50 dicunt
769 2586 233 50 perfectionem
944 2586 189 50 simpliciter

338 2619 96 50 vt
386 2619 129 50 sunt
467 2619 96 50 in
515 2619 129 50 deo.
595 2619 145 50 Secus
692 2619 96 50 vt
740 2619 96 50 in
788 2619 209 50 creaturis
949 2619 129 50 quia
1029 2619 96 50 vt
1062 2619 80 50 sic

335 2662 194 45 repugnat
480 2662 113 45 eis
545 2662 210 45 infinitas
706 2662 129 45 etc.
787 2662 81 45 ¶
819 2662 129 45 Unde
900 2662 129 45 nota
981 2662 129 45 quod
1045 2662 97 45 dei-

343 2707 104 66 tas
402 2707 89 66 et
447 2707 133 66 omnes
536 2707 237 66 proprietates
728 2707 178 66 absolute
861 2707 133 66 sicut
935 2707 207 66 intellectus:

1191 277 167 71 voluntas
1317 277 84 71 et
1358 277 181 71 potentia.
1498 277 181 71 scientia.
1637 277 195 71 sapientia.
1791 277 84 71 Et
1833 277 126 71 omnes
1902 277 84 71 qua-

1188 337 84 55 si
1230 337 98 55 per
1286 337 84 55 se
1328 337 182 55 passiones
1467 337 154 55 proprie
1579 337 140 55 solius
1677 337 98 55 dei
1733 337 168 55 absolute
1858 337 126 55 sicut
1928 337 56 55 in

1186 386 172 49 finitas.
1315 386 201 49 eternitas.
1473 386 215 49 necessitas.
1645 386 115 49 etc.
1717 386 115 49 sunt
1774 386 201 49 perfectiones

1192 424 237 54 simpliciter
1382 424 126 54 etc.
1460 424 126 54 Dico
1539 424 158 54 quasi.
1650 424 126 54 quia
1729 424 158 54 deitas
1839 424 95 54 se
1871 424 110 54 habet

1194 463 93 59 ad
1240 463 139 59 modum
1333 463 170 59 speciei
1456 463 262 59 specialissime
1672 463 93 59 ad
1719 463 124 59 deum
1796 463 139 59 sicut
1873 463 108 59 huma-

1184 512 133 48 nitas
1273 512 88 48 ad
1317 512 177 48 hominem.
1450 512 192 48 Infinitas
1597 512 133 48 autem
1685 512 88 48 et
1729 512 192 48 eternitas
1877 512 88 48 et
1906 512 74 48 hu-

1193 546 180 59 iusmodi
1323 546 98 59 se
1372 546 163 59 habent
1487 546 147 59 sicut
1585 546 261 59 risibilitas.
1797 546 82 59 ¶
1830 546 147 59 Sexta
1911 546 82 59 re-

1201 585 102 69 gula
1265 585 76 69 de
1303 585 165 69 relatiuis
1430 585 153 69 scilicet
1545 585 102 69 quod
1608 585 114 69 nulla
1685 585 140 69 relatio
1786 585 114 69 dicit
1850 585 140 69 perfecti-

1204 630 117 60 onem
1277 630 234 60 simpliciter.
1468 630 102 60 Nam
1526 630 132 60 sicut
1614 630 161 60 tiomune
1731 630 102 60 est
1789 630 117 60 omni
1848 630 146 60 relatio-

1197 671 78 62 ni
1236 671 105 62 quod
1301 671 91 62 non
1354 671 91 62 sit
1406 671 131 62 quanta
1497 671 91 62 nec
1550 671 91 62 vna
1602 671 91 62 est
1654 671 118 62 maior
1733 671 105 62 alia
1798 671 157 62 secundum
1903 671 78 62 for-

1202 719 120 58 male
1277 719 120 58 esse
1352 719 211 58 relationis
1518 719 105 58 non
1578 719 120 58 enim
1653 719 135 58 maior
1743 719 165 58 relatio
1864 719 105 58 est
1909 719 75 58 in-

1202 757 90 56 ter
1254 757 128 56 patrem
1343 757 77 56 et
1382 757 128 56 filium
1472 757 103 56 quam
1536 757 116 56 inter
1613 757 141 56 fratrem
1716 757 77 56 et
1754 757 141 56 sororem
1857 757 116 56 licet
1921 757 64 56 ma-

1199 800 93 53 ior
1252 800 93 53 sit
1305 800 160 53 cognatio
1425 800 160 53 secundum
1545 800 133 53 gradum
1638 800 266 53 consanguinitatis
1864 800 93 53 ibi
1904 800 80 53 quam

1204 841 111 53 hic.
1274 841 97 53 Ita
1329 841 125 53 etiam
1413 841 153 53 commune
1524 841 97 53 est
1579 841 111 53 omni
1649 841 181 53 relationi
1788 841 111 53 quod
1857 841 125 53 vicem
1927 841 69 53 nul

1203 879 103 59 lam
1262 879 236 59 perfectionem
1454 879 147 59 dicat.
1557 879 88 59 Et
1601 879 103 59 hec
1660 879 147 59 regula
1763 879 177 59 expresse
1881 879 103 59 patu-

1186 929 85 59 it
1228 929 99 59 vbi
1285 929 142 59 Notio.
1384 929 85 59 §.
1427 929 99 59 ix.
1484 929 85 59 in
1512 929 71 59 fi.

1207 962 124 84 ¶
1257 962 174 84 Sed
1356 962 199 84 quid
1481 962 149 84 de
1555 962 398 84 relationibus
1854 962 124 84 con

1198 1038 161 44 munibus
1315 1038 263 44 respicientibus
1534 1038 161 44 aliquid
1651 1038 88 44 ad
1695 1038 131 44 extra
1783 1038 131 44 sicut
1870 1038 102 44 est
1914 1038 73 44 iu-

1205 1075 154 48 sticia.
1317 1075 224 48 misericordia
1499 1075 84 48 et
1541 1075 196 48 huiusmodi.
1696 1075 182 48 Respondet
1836 1075 112 48 idem
1892 1075 98 48 Fran.

1199 1111 86 56 Et
1242 1111 100 56 pro
1299 1111 143 56 regula
1399 1111 100 56 sit
1457 1111 115 56 quod
1528 1111 129 56 omnia
1614 1111 100 56 que
1672 1111 115 56 sunt
1743 1111 86 56 ad
1786 1111 186 56 creaturam
1915 1111 72 56 non

1208 1156 105 50 sunt
1274 1156 171 50 perfectio
1405 1156 197 50 simpliciter
1563 1156 158 50 loquendo
1681 1156 184 50 formaliter
1825 1156 158 50 scilicet
1930 1156 66 50 in-

1196 1195 158 57 quantum
1310 1195 158 57 relatio
1425 1195 86 57 ad
1468 1195 201 57 creaturam.
1625 1195 129 57 licet
1711 1195 186 57 inquantum
1855 1195 115 57 sunt
1912 1195 86 57 idem

1196 1231 109 60 cum
1259 1231 187 60 essentia
1399 1231 94 60 in
1446 1231 109 60 deo
1509 1231 172 60 possint
1634 1231 125 60 dici
1712 1231 219 60 perfectio.
1868 1231 125 60 Simili

1195 1279 90 56 ter
1247 1279 116 56 dicit
1324 1279 116 56 etiam
1401 1279 77 56 de
1439 1279 154 56 scientia
1555 1279 154 56 visionis
1671 1279 103 56 quod
1735 1279 116 56 vicem
1812 1279 90 56 non
1864 1279 90 56 est
1902 1279 103 56 perfe-

1208 1328 124 47 ctio
1286 1328 249 47 simpliciter.
1489 1328 140 47 Sicut
1582 1328 109 47 nec
1644 1328 187 47 iusticia
1784 1328 109 47 nec
1831 1328 171 47 misericor

1203 1371 103 51 dia
1262 1371 88 51 et
1306 1371 147 51 talia:
1410 1371 103 51 que
1469 1371 118 51 sunt
1542 1371 88 51 ad
1586 1371 206 51 creaturam.
1748 1371 103 51 Hec
1807 1371 133 51 omnia
1881 1371 118 51 praedi

1209 1408 112 67 cta
1273 1408 96 67 ex
1321 1408 144 67 Fran.
1417 1408 80 67 ¶
1449 1408 96 67 Ad
1497 1408 112 67 hec
1561 1408 144 67 etiam
1656 1408 128 67 vide
1736 1408 112 67 vbi
1784 1408 224 67 Omnipotentia

1202 1454 100 73 §.
1236 1454 100 73 xxv.

1193 1491 118 76 ¶
1241 1491 142 76 An
1312 1491 166 76 sit
1407 1491 379 76 perfectionis
1715 1491 142 76 in
1786 1491 166 76 deo
1857 1491 142 76 gene

1196 1555 100 57 rare
1259 1555 100 57 sibi
1322 1555 138 57 simile:
1422 1555 150 57 Arguitur
1535 1555 100 57 quod
1598 1555 100 57 sic.
1660 1555 100 57 quia
1723 1555 201 57 philosophus.
1886 1555 113 57 iiii.
1949 1555 50 57 Me

1198 1598 130 52 theo.
1284 1598 130 52 dicit
1371 1598 116 52 quod
1443 1598 202 52 vnumquoque
1603 1598 116 52 tunc
1675 1598 188 52 perfectum
1819 1598 101 52 est
1877 1598 101 52 cum
1921 1598 72 52 po-

1196 1638 116 60 test
1268 1638 189 60 producere
1413 1638 116 60 sibi
1486 1638 160 60 simile.
1602 1638 116 60 ergo
1674 1638 116 60 etc.
1747 1638 102 60 Sed
1805 1638 87 60 in
1834 1638 160 60 oppositum

1201 1681 111 58 quia
1271 1681 167 58 generare
1395 1681 97 58 est
1451 1681 83 58 in
1493 1681 125 58 patre
1576 1681 83 58 et
1617 1681 97 58 non
1673 1681 83 58 in
1715 1681 125 58 filio
1798 1681 97 58 nec
1853 1681 83 58 in
1881 1681 125 58 spiritu

1204 1718 147 53 iancto.
1310 1718 107 53 ergo
1377 1718 120 53 pater
1457 1718 107 53 erit
1524 1718 187 53 perfectior
1671 1718 120 53 filio
1751 1718 80 53 et
1791 1718 147 53 spiritu
1885 1718 120 53 sancto.

1204 1763 172 56 Respondetur
1341 1763 138 56 secundum
1445 1763 103 56 Rich.
1514 1763 103 56 super
1583 1763 103 56 primo
1652 1763 103 56 dist.
1721 1763 80 56 ii.
1767 1763 69 56 q.
1801 1763 69 56 i.
1836 1763 92 56 quod
1882 1763 126 56 praedicta

1197 1809 189 53 autoritas
1343 1809 204 53 philosophi
1503 1809 102 53 est
1562 1809 233 53 intelligenda
1751 1809 87 53 in
1780 1809 219 53 generabilibus

1204 1851 91 51 et
1249 1851 287 51 corruptibilibus
1491 1851 227 51 tantummodo.
1672 1851 106 51 Nam
1733 1851 136 51 solem
1824 1851 106 51 non
1869 1851 136 51 iudica-

1194 1902 107 44 mus
1255 1902 123 44 esse
1332 1902 230 44 imperfectum
1515 1902 92 44 eo
1561 1902 123 44 quod
1638 1902 107 44 non
1699 1902 153 44 potest
1806 1902 138 44 alium
1883 1902 107 44 solem

1199 1932 179 57 generare
1334 1932 105 57 nec
1393 1932 164 57 angelum
1513 1932 90 57 eo
1558 1932 120 57 quod
1632 1932 105 57 non
1692 1932 149 57 potest
1797 1932 134 57 alium
1872 1932 134 57 angelum

1194 1975 194 57 generare.
1343 1975 119 57 vnde
1418 1975 194 57 producere
1567 1975 119 57 sibi
1641 1975 149 57 simile
1746 1975 104 57 non
1805 1975 104 57 est
1850 1975 149 57 perfecti

1205 2024 110 46 onis
1274 2024 82 46 in
1315 2024 302 46 incorruptibilibus.
1576 2024 82 46 et
1617 2024 96 46 per
1672 2024 192 46 consequens
1823 2024 96 46 nec
1865 2024 137 46 insdiui-

1189 2062 90 47 nis
1240 2062 115 47 dicit
1317 2062 205 47 perfectionem
1484 2062 103 47 etc.
1548 2062 77 47 Ex
1587 2062 180 47 praedictis
1728 2062 128 47 itaque
1817 2062 115 47 patet
1894 2062 103 47 quod
1946 2062 51 47 ge

1191 2096 167 59 neratio
1312 2096 137 59 sicut
1404 2096 91 59 et
1449 2096 213 59 paternitas
1616 2096 91 59 in
1662 2096 167 59 diuinis
1783 2096 106 59 nec
1829 2096 167 59 perfectio

1198 2146 107 48 nem
1259 2146 168 48 aliquam
1381 2146 138 48 dicit
1473 2146 107 48 nec
1534 2146 291 48 imperfectionem.
1779 2146 122 48 quia
1856 2146 122 48 alio
1917 2146 92 48 quin

1193 2181 109 51 non
1256 2181 156 51 posset
1365 2181 156 51 vitari
1475 2181 125 51 quin
1553 2181 172 51 aliquod
1678 2181 203 51 suppositu
1834 2181 172 51 diuinum
1943 2181 63 51 ha

1197 2230 140 47 beret
1291 2230 249 47 perfectionem
1494 2230 203 47 diminuta.
1649 2230 94 47 vt
1696 2230 140 47 patet
1790 2230 109 47 per
1852 2230 156 47 Scotum
1946 2230 62 47 et

1198 2269 152 67 Fran.
1282 2269 135 67 supra.

1369 2344 478 104 Ermissio.
1737 2344 221 104 de
1810 2344 184 104 hoc

1385 2435 115 66 nota
1457 2435 173 66 secundum
1586 2435 129 66 Guil.
1672 2435 86 66 in
1715 2435 129 66 primo
1802 2435 129 66 dist.
1888 2435 86 66 xl
1917 2435 86 66 vii.

1384 2484 116 53 quod
1456 2484 87 53 in
1499 2484 188 53 theologia
1644 2484 188 53 permissio
1789 2484 130 53 solet
1876 2484 116 53 capi
1934 2484 72 53 tri

1193 2502 198 80 pliciter.
1345 2502 167 80 Dicitur
1467 2502 122 80 enim
1543 2502 137 80 primo
1634 2502 213 80 permittere
1801 2502 91 80 vt
1832 2502 167 80 opponitur

1187 2568 227 55 punitioni.
1365 2568 97 55 Et
1414 2568 130 55 tunc
1495 2568 130 55 idem
1577 2568 114 55 est
1642 2568 130 55 quod
1723 2568 114 55 non
1788 2568 162 55 punire
1885 2568 114 55 sicut

1198 2604 203 59 christus
1350 2604 152 59 dicit
1452 2604 169 59 Matth.
1570 2604 135 59 xix.
1655 2604 203 59 Permisit
1807 2604 169 59 Moyses
1908 2604 85 59 li.

1188 2651 150 51 bellum
1293 2651 180 51 repudiid
1429 2651 105 51 est
1489 2651 105 51 non
1549 2651 180 51 puniuit.
1684 2651 165 51 Secundo
1805 2651 165 51 dicitur
1910 2651 90 51 per-

1199 2696 134 67 missio
1292 2696 80 67 vt
1332 2696 174 67 opponitur
1466 2696 227 67 prohibitioni.
1653 2696 107 67 quia
1720 2696 94 67 non
1773 2696 187 67 prohibetur
1907 2696 107 67 sicnut
