2234 3288
398 293 128 59 vltima
488 293 205 59 actualitate.
655 293 90 59 Nam
706 293 90 59 per
758 293 77 59 se
796 293 103 59 vnum
860 293 141 59 dicitur
963 293 141 59 proprie
1066 293 103 59 quod
1117 293 64 59 est

401 339 138 49 omvnino
502 339 175 49 distinctum
639 339 75 49 ab
677 339 113 49 aliis
752 339 75 49 et
790 339 75 49 in
827 339 75 49 se
865 339 213 49 indistinctum.
1040 339 100 49 vnde
1090 339 88 49 sicut

397 381 155 49 homines
510 381 225 49 particulares
692 381 183 49 distincti
833 381 113 49 sunt
904 381 113 49 suis
974 381 169 49 propriis
1087 381 84 49 qua-

397 422 184 52 litatibus.
541 422 92 52 ita
594 422 118 52 pater
673 422 131 52 filius
765 422 79 52 et
804 422 158 52 spiritus
922 422 145 52 sanctus
1027 422 105 52 suis
1080 422 92 52 notio

407 465 128 46 nibus.
497 465 77 46 et
535 465 90 46 sic
586 465 102 46 sunt
650 465 154 46 persone.
766 465 90 46 Ite
817 465 141 46 dicitur
919 465 115 46 quasi
996 465 90 46 per
1047 465 77 46 se
1073 465 102 46 sonans

395 511 108 48 quia
462 511 148 48 quandam
569 511 121 48 dicit
650 511 188 48 dignitate.
798 511 108 48 Inde
866 511 94 48 est
919 511 108 48 quod
987 511 108 48 viri
1040 511 135 48 excellen

392 548 94 47 tes
445 548 80 47 in
485 548 161 47 ecclesia
606 548 120 47 sicut
686 548 134 47 curati
780 548 161 47 dicuntur
900 548 147 47 persone
1007 548 120 47 quasi
1087 548 94 47 per
1127 548 54 47 se

400 588 172 51 sonantes
529 588 115 51 etc.
601 588 86 51 eo
644 588 115 51 quod
716 588 144 51 habent
816 588 86 51 in
859 588 172 51 ecclesia
988 588 144 51 gradum
1074 588 101 51 hono-

399 632 102 45 ris.
463 632 128 45 sicuti
553 632 218 45 praepositure.
732 632 166 45 epetatus.
860 632 77 45 et
898 632 192 45 canonicatus
1052 632 102 45 etc.
1103 632 77 45 vnde

401 675 158 51 secundum
519 675 105 51 Boe.
585 675 105 51 lib.
651 675 79 51 de
691 675 132 51 duabus
783 675 145 51 naturis
889 675 79 51 et
928 675 92 51 vna
981 675 145 51 persona
1073 675 119 51 christi

412 719 75 43 vt
449 719 112 43 ponit
524 719 112 43 etiam
598 719 100 43 Tho.
660 719 75 43 e.
698 719 112 43 dist.
772 719 124 43 xxiii.
859 719 75 43 et
897 719 174 43 communiter
1034 719 137 43 doctur.
1121 719 62 43 No-

398 759 109 50 men
461 759 171 50 persone
585 759 171 50 sumptum
710 759 109 50 est
772 759 78 50 a
803 759 109 50 per
865 759 93 50 se
912 759 171 50 sonando
1036 759 124 50 apud
1099 759 93 50 lati

398 800 125 46 nos.
476 800 109 46 cui
539 800 249 46 correspondet
741 800 93 46 in
788 800 140 46 greco
881 800 218 46 serummione
1037 800 156 46 prosopon

402 846 74 45 A
432 846 103 45 pro
491 846 118 45 quod
564 846 103 45 est
623 846 88 45 in
667 846 88 45 et
712 846 133 45 sopos
800 846 118 45 quod
874 846 103 45 est
933 846 162 45 facies.
1050 846 118 45 Quia
1109 846 74 45 ho-

399 882 97 52 mo
447 882 194 52 laruatus
593 882 178 52 ponebat
723 882 162 52 laruas
836 882 130 52 ante
917 882 162 52 facies
1030 882 97 52 ad
1063 882 130 52 repre-

401 925 186 47 sentandum
544 925 229 47 proprietates
730 925 172 47 alicuius
859 925 158 47 hominis
974 925 143 47 famosi
1074 925 100 47 vel
1117 925 57 47 ho

412 974 140 43 norati
510 974 98 43 aut
566 974 84 43 in
608 974 182 43 dignitate
748 974 196 43 existentis
901 974 84 43 et
943 974 98 43 sic
999 974 182 43 resonabat
1125 974 56 43 in

395 1017 193 45 comediis
540 1017 97 45 et
588 1017 209 45 tragediis
749 1017 225 45 decantando
926 1017 145 45 gesta
1023 1017 161 45 illius
1120 1017 64 45 de

404 1050 97 52 quo
460 1050 139 52 fiebat
557 1050 125 52 sermo
641 1050 153 52 Ideoque
752 1050 181 52 dicebatur
892 1050 153 52 persona
1003 1050 125 52 quasi
1087 1050 97 52 per
1128 1050 56 52 se

396 1088 169 55 sonans.
518 1088 123 55 quia
595 1088 153 55 melius
702 1088 199 55 distincte
856 1088 230 55 personabat.
1040 1088 123 55 Inde
1101 1088 77 55 quo

412 1133 100 52 que
469 1133 158 52 tractum
584 1133 100 52 est
641 1133 86 52 ad
684 1133 244 52 significandum
884 1133 158 52 hominem
999 1133 158 52 famosum
1099 1133 72 52 qut

406 1178 101 50 est
463 1178 173 50 sonorosi
593 1178 130 50 noins
679 1178 101 50 vel
737 1178 216 50 dignitatis.
909 1178 86 50 Et
953 1178 158 50 proinde
1053 1178 130 50 tractum

399 1226 106 43 est
459 1226 136 43 nomen
550 1226 167 43 persone
672 1226 91 43 in
717 1226 106 43 vsu
778 1226 91 43 ad
823 1226 258 43 significandum
1020 1226 167 43 quodlibet

399 1262 148 50 hominis
506 1262 201 50 indiuiduum.
667 1262 107 50 quia
734 1262 134 50 potest
828 1262 80 50 de
868 1262 161 50 quolibet
989 1262 107 50 tali
1056 1262 121 50 fieri
1123 1262 67 50 nar

402 1308 127 49 ratio.
491 1308 101 49 vnde
554 1308 177 49 siguificat
693 1308 152 49 proprium
807 1308 177 49 suppositum
947 1308 152 49 complete
1048 1308 139 49 substanti

399 1347 151 57 nature
505 1347 287 57 intellectualis.
746 1347 106 57 Hec
806 1347 91 57 ex
852 1347 211 57 praedictis
1002 1347 91 57 doc.

435 1381 169 81 Que
532 1381 362 81 requiruntur
821 1381 145 81 ad
894 1381 217 81 ronem
1014 1381 169 81 perso

418 1451 70 45 ne
453 1451 176 45 Respondetur
594 1451 141 45 secundum
700 1451 141 45 Bonauem.
805 1451 82 45 in.
852 1451 94 45 iii.
911 1451 82 45 di.
958 1451 70 45 v.
993 1451 70 45 q.
1028 1451 70 45 ii
1063 1451 82 45 ar.
1110 1451 82 45 ii.
1145 1451 47 45 Et

406 1491 106 56 cum
466 1491 91 56 eo
512 1491 136 56 Guil.
602 1491 121 56 quod
678 1491 227 56 requiruntur
859 1491 136 56 tria.
950 1491 136 56 Primo
1026 1491 166 56 singulari

404 1535 129 44 tas.
485 1535 146 44 sicut
582 1535 113 44 dum
646 1535 129 44 dico
727 1535 162 44 Sortes
840 1535 113 44 seu
905 1535 113 44 hic
970 1535 146 44 homo.
1051 1535 146 44 Secundo

404 1576 289 46 incommunicabilitas.
656 1576 88 46 hoc
706 1576 88 46 est
756 1576 75 46 vt
794 1576 88 46 non
845 1576 88 46 sit
895 1576 226 46 communicabile.
1083 1576 88 46 nec
1121 1576 63 46 per

407 1614 120 49 modum
487 1614 134 49 partis
580 1614 120 49 sicut
660 1614 214 49 communicatur
834 1614 120 49 anima
914 1614 147 49 corpori
1021 1614 160 49 respectu
1128 1614 53 49 to

405 1658 98 50 tius
466 1658 147 50 hominis.
577 1658 160 50 ppterquod
699 1658 110 50 anima
773 1658 147 50 separata
883 1658 86 50 non
932 1658 86 50 est
981 1658 135 50 persona
1067 1658 123 50 secundum

412 1697 91 49 doc.
468 1697 170 49 communiter.
604 1697 91 49 vnde
661 1697 136 49 Magister
763 1697 159 49 contrarium
887 1697 113 49 dicit.
967 1697 68 49 in
1001 1697 79 49 hoc
1046 1697 79 49 non
1080 1697 113 49 tenetur.

427 1736 85 45 Nec
475 1736 85 45 sit
524 1736 207 45 communicabile
694 1736 85 45 per
743 1736 109 45 modum
816 1736 182 45 vniuersalis
962 1736 109 45 sicut
1023 1736 170 45 communicatur

406 1777 198 49 superius.
558 1777 122 49 puta
635 1777 153 49 animal
741 1777 214 49 inferiori.
909 1777 122 49 puta
986 1777 137 49 asino
1077 1777 107 49 vel
1123 1777 61 49 ho

412 1820 114 52 siue
483 1820 85 52 vt
525 1820 99 52 Quo
582 1820 227 52 communicatur
767 1820 85 52 ei
810 1820 85 52 vt
852 1820 128 52 Quod.
937 1820 142 52 Tertio
1023 1820 170 52 requiritur

419 1863 151 46 eminens
529 1863 178 46 dignitas.
666 1863 110 46 quia
735 1863 123 46 ratio
817 1863 151 46 persone
927 1863 178 46 reperitur
1064 1863 123 46 solum
1132 1863 55 46 in

417 1904 130 65 natura
508 1904 221 65 intellectuali
690 1904 78 65 et
729 1904 182 65 rationali.
871 1904 104 65 quod
936 1904 91 65 est
988 1904 182 65 dignitatis
1118 1904 78 65 etc.

458 1946 131 74 An
524 1946 241 74 persona
699 1946 153 74 sit
786 1946 175 74 idem
896 1946 175 74 quod
983 1946 219 74 supposi-

407 2009 90 49 tum
459 2009 77 49 et
497 2009 180 49 indiuiduum
639 2009 77 49 et
677 2009 206 49 particulare:
845 2009 193 49 Respondetur
999 2009 154 49 secundum
1102 2009 90 49 Guil.

407 2055 81 45 in
447 2055 121 45 primo
528 2055 94 45 di.
582 2055 135 45 xxiii.
676 2055 81 45 et
717 2055 121 45 Fran.
798 2055 135 45 mayro.
892 2055 162 45 aliosque
1014 2055 121 45 circa
1095 2055 94 45 di.
1135 2055 54 45 e.

415 2094 108 48 quod
483 2094 95 48 non
537 2094 108 48 sunt
605 2094 108 48 idem
672 2094 95 48 sed
726 2094 189 48 differunt.
875 2094 162 48 habentes
996 2094 81 48 se
1037 2094 95 48 per
1077 2094 122 48 ordinem

416 2136 101 52 Nam
473 2136 130 52 primo
560 2136 130 52 omnis
646 2136 159 52 persona
762 2136 101 52 est
819 2136 202 52 suppositum
978 2136 101 52 non
1021 2136 159 52 econuerse

419 2177 103 51 quia
483 2177 141 51 persona
586 2177 90 51 est
638 2177 116 51 solum
715 2177 77 51 in
753 2177 128 51 natura
843 2177 218 51 intellectuali
1023 2177 90 51 aut
1062 2177 128 51 rationa-

416 2221 92 48 li.
468 2221 183 48 Suppositum
612 2221 105 48 vero
678 2221 79 48 in
717 2221 105 48 omni
783 2221 183 48 substantia
927 2221 105 48 est.
992 2221 79 48 vt
1032 2221 105 48 iste
1097 2221 92 48 leo
1137 2221 52 48 vl

419 2260 119 52 lapis
498 2260 158 52 dicuntur
617 2260 185 52 supposita.
762 2260 92 52 non
815 2260 158 52 persone.
933 2260 145 52 Secundo
1039 2260 106 52 omne
1092 2260 92 52 super

406 2310 154 43 positum
518 2310 98 43 est
574 2310 195 43 indiuiduum
727 2310 98 43 non
783 2310 195 43 econuerso.
937 2310 112 43 quia
1006 2310 126 43 ratio
1076 2310 112 43 indiui

414 2345 87 52 dui
463 2345 162 52 reperitur
588 2345 112 52 etiam
663 2345 75 52 in
700 2345 212 52 accidentibus.
875 2345 112 52 sicut
950 2345 137 52 dicitur
1050 2345 87 52 hic
1087 2345 100 52 color.

408 2383 105 55 hec
468 2383 165 55 albedo.
588 2383 105 55 non
648 2383 135 55 tamen
738 2383 105 55 est
798 2383 135 55 ratio
889 2383 195 55 suppositi
1024 2383 165 55 Indiuidua

411 2429 146 46 tionem
514 2429 117 46 enim
587 2429 132 46 facit
674 2429 175 46 heccitas
806 2429 102 46 vel
864 2429 219 46 differentia
1025 2429 161 46 indiuidua

411 2467 91 55 lis
463 2467 78 55 vt
502 2467 142 55 patebit
605 2467 103 55 lib.
670 2467 78 55 ii
709 2467 91 55 vbi
760 2467 142 55 Angeli.
864 2467 78 55 .
902 2467 142 55 xxxiii.
1006 2467 91 55 et.
1058 2467 155 55 xxxiiii.

406 2512 89 43 Et
451 2512 179 43 clarius.
585 2512 149 43 xxxix.
689 2512 149 43 Tertio
794 2512 179 43 secundum
928 2512 134 43 Fran.
1017 2512 119 43 Omne
1077 2512 119 43 indiui

405 2556 99 52 duum
466 2556 86 52 est
516 2556 197 52 particulare.
676 2556 86 52 sed
725 2556 86 52 non
774 2556 172 52 econuerso.
910 2556 99 52 quia
971 2556 148 52 speciens
1082 2556 86 52 est
1119 2556 74 52 quid

402 2596 247 49 particulare.
602 2596 124 49 quia
679 2596 124 49 pars
757 2596 170 49 generis
880 2596 232 49 subiectiua.
1065 2596 108 49 Nam
1112 2596 77 49 ho-

401 2637 83 50 mo
443 2637 97 50 vel
498 2637 139 50 quidam
596 2637 111 50 homo
665 2637 208 50 particulare
832 2637 125 50 dicit
915 2637 97 50 non
971 2637 125 50 tamen
1054 2637 97 50 est
1096 2637 97 50 indi-

397 2679 132 63 uiduum.
493 2679 108 63 tamen
565 2679 84 63 sic
613 2679 144 63 capiendo
721 2679 132 63 dicitur
818 2679 156 63 improprie
938 2679 180 63 particulare
1070 2679 120 63 secundum

1238 278 113 78 Guil.
1314 278 88 78 nec
1364 278 88 78 sic
1414 278 138 78 vtuntur
1515 278 189 78 philosophi.
1691 278 101 78 Nota
1754 278 113 78 etiam
1829 278 101 78 quod
1892 278 113 78 greci
1955 278 63 78 lo-

1231 340 82 51 co
1272 340 150 51 persone
1381 340 150 51 vtuntur
1491 340 136 51 nomine
1586 340 205 51 hypostasis.
1750 340 96 51 ita
1805 340 109 51 quod
1873 340 96 51 vbi
1927 340 96 51 nos
1968 340 55 51 di

1239 390 142 42 timus
1334 390 126 42 tres
1413 390 190 42 personas
1555 390 95 42 in
1603 390 190 42 diuinis.
1745 390 142 42 greci
1839 390 158 42 dicunt
1934 390 95 42 tres

1242 423 201 73 hypostases.
1403 423 81 73 vt
1443 423 121 73 dicit
1523 423 121 73 Guil.
1604 423 81 73 et
1644 423 188 73 communiter
1792 423 107 73 doc.
1872 423 148 73 Propterea

1235 471 140 66 adhuc
1329 471 156 66 restat
1438 471 202 66 querendum
1578 471 124 66 vicem.

1298 523 136 75 An
1366 523 249 75 persona
1547 523 136 75 et
1615 523 317 75 hypostasis
1864 523 136 75 et
1910 523 113 75 res

1234 587 142 49 nature
1333 587 113 49 sint
1404 587 127 49 idem:
1489 587 85 49 Ad
1531 587 113 49 quod
1602 587 212 49 respondetur
1772 587 85 49 ex
1815 587 142 49 dictis
1914 587 113 49 Tho.
1970 587 57 49 et

1240 628 181 47 aliquorum
1379 628 125 47 circa
1463 628 125 47 dist.
1546 628 125 47 xxvi.
1630 628 139 47 primi.
1727 628 153 47 Notando
1838 628 111 47 quod
1908 628 125 47 sicut
1977 628 56 47 in

1238 668 191 54 creaturis
1385 668 206 54 substantia
1547 668 132 54 prima
1635 668 118 54 puta
1709 668 147 54 petrus
1812 668 132 54 habet
1885 668 147 54 diuersos

1247 721 187 45 respectus.
1394 721 161 45 scilicet
1514 721 107 45 vnum
1581 721 80 45 ad
1621 721 147 45 naturam
1729 721 187 45 ctiomunem.
1876 721 107 45 puta
1929 721 94 45 huma-

1246 753 164 44 nitatem.
1369 753 123 44 alium
1451 753 82 44 ad
1492 753 218 44 proprietates
1669 753 136 44 quibus
1765 753 164 44 substat.
1888 753 96 44 ita
1929 753 96 44 etiam

1238 795 78 48 in
1277 795 91 48 deo
1329 795 78 48 id
1368 795 104 48 quod
1433 795 91 48 est
1485 795 104 48 loco
1550 795 117 48 prime
1628 795 182 48 substantie
1772 795 169 48 respectum
1902 795 117 48 habet
1980 795 78 48 ad

1236 840 142 55 naturam
1339 840 167 55 ctiomunem
1468 840 129 55 primo.
1558 840 77 55 et
1596 840 90 55 sic
1648 840 129 55 potest
1738 840 193 55 considerari
1880 840 154 55 dupliciter

1249 874 104 58 quia
1314 874 91 58 vel
1366 874 156 58 secundum
1483 874 104 58 esse
1548 874 104 58 rei.
1613 874 78 58 Et
1653 874 91 58 hoc
1705 874 104 58 modo
1770 874 143 58 dicitur
1874 874 91 58 res
1913 874 104 58 nature

1249 919 84 56 vel
1297 919 145 56 secundum
1406 919 97 56 esse
1466 919 145 56 rationis
1575 919 72 56 et
1611 919 205 56 attributionis
1780 919 84 56 sic
1828 919 133 56 dicitur
1912 919 121 56 supposi-

1231 958 143 53 tum.
1320 958 125 53 Nam
1392 958 125 53 res
1463 958 178 53 nature
1588 958 125 53 est
1659 958 160 53 nomen
1766 958 160 53 prime
1855 958 178 53 intentio

1250 1006 111 56 nis.
1319 1006 97 56 sed
1375 1006 194 56 suppositum
1527 1006 97 56 est
1582 1006 125 56 nomen
1665 1006 152 56 secunde
1776 1006 208 56 intentionis
1956 1006 83 56 Item

1253 1044 125 55 ecundo
1341 1044 113 55 habet
1416 1044 163 55 respectum
1541 1044 75 55 ad
1579 1044 213 55 proprietates.
1754 1044 75 55 Et
1792 1044 88 55 sic
1842 1044 113 55 etiam
1917 1044 125 55 potest
1992 1044 50 55 du

1243 1090 169 54 pliciter
1369 1090 169 54 signari.
1496 1090 112 54 quia
1566 1090 98 54 vel
1622 1090 84 54 vt
1665 1090 197 54 distinctum
1805 1090 225 54 proprietatibus

1243 1132 216 44 cuiuscunque
1415 1132 144 44 nature
1516 1132 230 44 generaliter.
1703 1132 101 44 sic
1760 1132 230 44 significatur
1933 1132 115 44 nomine

1256 1173 206 49 hypostasis.
1421 1173 96 49 vel
1476 1173 82 49 vt
1517 1173 192 49 distinctum
1668 1173 247 49 proprietatibus
1860 1173 178 49 partinenti-

1249 1222 105 44 bus
1309 1222 90 44 ad
1354 1222 210 44 dignitatem
1519 1222 210 44 rationalis
1685 1222 150 44 nature
1790 1222 240 44 specialiter.
1970 1222 75 44 sic

1243 1255 151 43 dicitur
1353 1255 165 43 persona.
1477 1255 110 43 Unde
1546 1255 151 43 persona
1656 1255 83 43 et
1697 1255 193 43 hypostasis
1848 1255 83 43 et
1890 1255 96 43 res
1931 1255 110 43 nature

1251 1296 92 54 in
1297 1296 169 54 diuinis
1419 1296 123 54 idem
1496 1296 123 54 sunt
1573 1296 92 54 er
1619 1296 138 54 parte
1711 1296 107 54 rei
1772 1296 184 54 signate.
1910 1296 107 54 sed
1956 1296 77 54 non

1242 1344 90 44 ex
1287 1344 135 44 parte
1377 1344 120 44 modi
1452 1344 240 44 significandi
1648 1344 165 44 omnino.
1768 1344 105 44 Sed
1828 1344 150 44 nomine
1918 1344 120 44 indiui

1239 1380 103 44 dui
1298 1380 88 44 et
1342 1380 234 44 particularis
1532 1380 88 44 et
1576 1380 220 44 singularis:
1752 1380 88 44 in
1796 1380 161 44 diuinis
1913 1380 103 44 non
1957 1380 88 44 vti-

1254 1417 93 55 mur
1307 1417 159 55 proprie.
1426 1417 106 55 quia
1492 1417 106 55 sunt
1558 1417 132 55 nomina
1651 1417 146 55 secunde
1757 1417 199 55 intentionis
1916 1417 79 55 et
1942 1417 106 55 circum

1247 1465 106 66 eunt
1313 1465 93 66 non
1366 1465 132 66 tantum
1458 1465 119 66 genus
1538 1465 185 66 substantie
1683 1465 93 66 sed
1736 1465 172 66 quodlibet
1855 1465 106 66 genus.

1285 1535 175 93 Sed
1385 1535 150 93 an
1460 1535 225 93 nomen
1610 1535 275 93 persone
1811 1535 175 93 sit
1886 1535 150 93 pri-

1244 1601 86 70 me
1287 1601 216 70 intentionis
1460 1601 101 70 vel
1517 1601 173 70 secunde.
1647 1601 144 70 patuit
1748 1601 101 70 vbi
1805 1601 187 70 Intentio.
1949 1601 86 70 .
1978 1601 72 70 ii.

1292 1678 206 85 Utrum
1429 1678 252 85 persona
1612 1678 229 85 diuina
1772 1678 229 85 possit
1933 1678 114 85 a
1955 1678 92 85 no

1250 1756 89 52 bis
1301 1756 179 52 diffiniri:
1442 1756 191 52 Respondetur
1595 1756 153 52 secundum
1709 1756 115 52 Rich.
1786 1756 77 52 in
1824 1756 115 52 primo
1901 1756 115 52 dist.
1964 1756 77 52 xxv.

1253 1798 94 50 ar.
1306 1798 81 50 i.
1347 1798 81 50 q.
1387 1798 81 50 ii
1428 1798 108 50 quod
1495 1798 121 50 exquo
1576 1798 189 50 diffinire:
1724 1798 94 50 est
1778 1798 148 50 dicendo
1885 1798 135 50 finire
1966 1798 81 50 ren.

1245 1840 107 48 quod
1312 1840 94 48 fit
1365 1840 94 48 cum
1419 1840 161 48 terminus
1540 1840 94 48 rei
1593 1840 188 48 attingitur
1741 1840 94 48 vel
1795 1840 241 48 compehenditur.
1982 1840 54 48 vt

1250 1883 174 44 dicitur.
1380 1883 116 44 vii.
1452 1883 130 44 Meta.
1539 1883 174 44 Terminos
1670 1883 130 44 autem
1757 1883 145 44 diuine
1858 1883 159 44 persone
1960 1883 72 44 nos

1257 1923 181 50 dicendo
1388 1923 214 50 attingere
1552 1923 115 50 non
1618 1923 214 50 possumus.
1782 1923 131 50 quia
1864 1923 115 50 est
1914 1923 131 50 infini

1252 1964 96 49 ta.
1307 1964 110 49 ergo
1376 1964 193 49 tantummodo
1527 1964 83 49 ab
1569 1964 193 49 intellectu
1720 1964 138 49 diuino
1816 1964 179 49 infinito:
1940 1964 110 49 potest

1255 2007 178 49 diffiniri
1392 2007 219 49 diffinitione
1570 2007 164 49 perfecte
1693 2007 82 49 et
1734 2007 192 49 distincte:
1871 2007 164 49 exprimente

1250 2049 99 53 rem
1306 2049 127 53 ipsam
1391 2049 141 53 diuine
1490 2049 170 53 persone.
1618 2049 85 53 et
1660 2049 99 53 sic
1717 2049 99 53 non
1773 2049 141 53 potest
1872 2049 71 53 a
1900 2049 127 53 nobis
1971 2049 85 53 difi

1239 2092 164 49 finiri.
1358 2092 119 49 vnde
1433 2092 254 49 diffinitiones
1642 2092 164 49 persone
1761 2092 104 49 que
1821 2092 179 49 ponuntur
1955 2092 75 49 a
1970 2092 75 49 ma-

1249 2134 150 51 gistris
1359 2134 82 51 de
1399 2134 150 51 persona
1509 2134 136 51 diuine
1604 2134 96 51 non
1659 2134 136 51 habent
1754 2134 123 51 veram
1836 2134 164 51 rationem
1945 2134 96 51 diffi

1249 2172 169 47 nitionis
1375 2172 169 47 perfecte
1502 2172 169 47 respectu
1628 2172 141 47 diuine
1727 2172 169 47 persone.
1853 2172 98 47 sed
1895 2172 141 47 similitu

1250 2224 119 47 dinem
1329 2224 145 47 aliquam
1434 2224 224 47 diffinitionis
1619 2224 145 47 tamquam
1725 2224 237 47 descriptiones.
1922 2224 79 47 Et
1949 2224 92 47 patet

1300 2259 142 55 Prima
1394 2259 158 55 namque
1505 2259 221 55 diffinitio
1678 2259 173 55 persone
1804 2259 110 55 est
1868 2259 126 55 quam
1931 2259 110 55 ponit

1264 2296 113 52 Boe.
1335 2296 113 52 lib.
1405 2296 85 52 de
1448 2296 141 52 duabus
1546 2296 155 52 naturis
1660 2296 85 52 et
1702 2296 99 52 vna
1758 2296 155 52 persona
1871 2296 155 52 christi
1970 2296 71 52 dt.

1256 2340 145 56 Persona
1361 2340 92 56 est
1414 2340 185 56 rationalis
1560 2340 132 56 nature
1652 2340 172 56 indiuidua
1784 2340 185 56 substantia
1929 2340 79 56 et
1956 2340 79 56 etc.

1281 2384 158 57 Secunda
1396 2384 201 57 diffinitio
1554 2384 100 57 est
1611 2384 144 57 verior
1712 2384 86 57 vt
1755 2384 129 57 dicit
1841 2384 115 57 Sco.
1898 2384 144 57 corripi-

1251 2423 108 50 ens
1312 2423 108 50 vel
1374 2423 185 50 exponens
1512 2423 154 50 Boetii
1620 2423 108 50 iam
1682 2423 169 50 dictam.
1805 2423 92 50 et
1851 2423 108 50 est
1897 2423 139 50 diffini

1238 2473 95 44 tio
1293 2473 122 44 Rich.
1374 2473 108 44 lib.
1441 2473 81 44 de
1482 2473 108 44 tri.
1549 2473 135 44 dicit.
1644 2473 108 44 sic.
1712 2473 149 44 Persona
1820 2473 95 44 est
1860 2473 176 44 intellectu-

1240 2510 118 50 alis
1314 2510 148 50 nature
1418 2510 296 50 incommunicabilis
1669 2510 222 50 existentia.
1876 2510 148 50 Tertia
1965 2510 74 50 est

1239 2559 174 47 diffinitio
1376 2559 187 47 magistralis
1525 2559 100 47 quam
1587 2559 125 47 ponunt
1675 2559 112 47 doct.
1749 2559 174 47 communiter
1886 2559 125 47 dicit.
1961 2559 75 47 quod

1239 2594 163 54 persona
1358 2594 104 54 est
1417 2594 207 54 hypostasis
1579 2594 192 54 distincta
1727 2594 222 54 proprietate
1905 2594 89 54 ad
1934 2594 104 54 digni

1239 2638 133 47 tatem
1328 2638 221 47 partinente.
1505 2638 103 47 Sed
1564 2638 148 47 clarum
1667 2638 103 47 est
1726 2638 118 47 quod
1800 2638 207 47 hypostasis
1947 2638 89 47 quam

1253 2681 129 65 pocat
1338 2681 129 65 Rich.
1424 2681 214 65 existentiam
1595 2681 286 65 incommunicabile.
1838 2681 86 65 Et
1881 2681 114 65 Boe.
1938 2681 100 65 indi
