2300 3308
246 282 162 64 dicitur.
367 282 108 64 Tres
434 282 148 64 persone
542 282 108 64 sunt
610 282 121 64 vnius
691 282 175 64 essentie.
826 282 108 64 iste
880 282 148 64 genitiuus

255 346 187 48 importat
396 346 234 48 habitudinem
582 346 140 48 cause
676 346 202 48 formalis:
832 346 93 48 vt
878 346 187 48 dicendo.

262 388 152 52 Mulier
368 388 167 52 egregie
490 388 152 52 forme.
596 388 91 52 Et
641 388 121 52 quia
717 388 182 52 essentia
854 388 91 52 se
900 388 121 52 hbet
960 388 61 52 ac

258 435 144 48 personam
366 435 72 48 in
402 435 132 48 ratione
499 435 108 48 forme
571 435 144 48 secundum
679 435 108 48 modum
751 435 205 48 intelligendi.
920 435 96 48 ergo
968 435 60 48 etc

249 475 162 44 Denique
367 475 103 44 hec
426 475 176 44 negatur.
558 475 118 44 Tres
631 475 162 44 persone
749 475 118 44 sunt
822 475 132 44 vnius
910 475 118 44 dei.
969 475 59 44 et

261 512 103 46 hec.
325 512 103 46 Unus
389 512 103 46 deus
454 512 90 46 est
505 512 115 46 trium
582 512 90 46 per
633 512 141 46 onarum.
736 512 103 46 quia
800 512 115 46 talis
864 512 167 46 constructio

257 558 223 52 intelligitur
438 558 97 52 per
494 558 125 52 modum
577 558 195 52 possessiue
730 558 223 52 gubernantis.
911 558 97 52 sed
952 558 70 52 hec

256 606 201 42 conceditur.
417 606 94 42 Una
470 606 134 42 natura
564 606 94 42 vel
618 606 161 42 essentia
739 606 94 42 est
793 606 121 42 trium
860 606 161 42 personarum

266 639 106 60 Item
332 639 93 60 hec
385 639 159 60 negatur.
505 639 106 60 Tres
571 639 146 60 persone
677 639 106 60 sunt
743 639 159 60 essentie
850 639 172 60 simpliciter

250 676 104 58 sed
310 676 119 58 bene
384 676 223 58 conceditur:
562 676 163 58 addendo
681 676 134 58 vnius
770 676 193 58 essentie.
918 676 104 58 Hec
963 676 59 58 ex

254 723 119 62 Tho.
329 723 134 62 Uide.
418 723 89 62 §.
448 723 119 62 sequi.

243 752 166 90 Sed
338 752 214 90 quare
481 752 190 90 hec.
600 752 190 90 Tres
718 752 261 90 persone
885 752 143 90 sunt

267 821 112 61 vnius
341 821 87 61 vel
391 821 137 61 eiusdem
490 821 99 61 dei:
552 821 137 61 negatur
651 821 149 61 proprie.
763 821 87 61 Hec
813 821 112 61 autem
875 821 161 61 conceditur.

258 868 114 54 ¶Tres
334 868 139 54 persone
435 868 101 54 sunt
498 868 114 54 vnius
574 868 164 54 essentie.
700 868 164 54 Similiter
826 868 88 54 hec
864 868 164 54 conceditur.

263 910 105 56 Tres
328 910 144 56 persone
433 910 105 56 sunt
499 910 118 56 vnius
577 910 92 56 vel
630 910 144 56 eiusdem
735 910 170 56 deitatis.
866 910 92 56 cum
918 910 118 56 tamen
984 910 52 56 ly

265 952 109 53 dei:
333 952 191 53 significat
483 952 177 53 essentiam
619 952 163 53 diuinam:
742 952 123 53 sicut
824 952 82 53 et
865 952 123 53 nomen
933 952 95 53 essen

252 993 83 56 tie
299 993 83 56 vel
347 993 153 56 deitatis.
465 993 71 56 Ad
500 993 83 56 hoc
547 993 142 56 dicendum
653 993 142 56 secundum
759 993 94 56 Tho.
818 993 94 56 vbi.
877 993 118 56 supra.
948 993 71 56 quod

259 1035 103 53 licet
327 1035 172 53 significent
465 1035 161 53 essentiam:
592 1035 103 53 tamen
661 1035 115 53 aliter
741 1035 69 53 et
776 1035 126 53 aliter:
868 1035 92 53 quia
925 1035 80 53 hoc
960 1035 80 53 nomen

250 1085 126 48 deus:
334 1085 195 48 significat
487 1085 84 48 in
529 1085 168 48 concreto
655 1085 182 48 essentiam
795 1085 84 48 et
837 1085 98 48 per
892 1085 126 48 modum
962 1085 70 48 sup

254 1119 133 55 positi
347 1119 93 55 non
400 1119 80 55 in
439 1119 80 55 in
479 1119 212 55 abstractione
652 1119 93 55 nec
705 1119 93 55 per
758 1119 119 55 modum
837 1119 133 55 forme.
917 1119 119 55 Iomnque

251 1168 92 46 non
304 1168 132 46 potest
396 1168 105 46 esse
462 1168 198 46 constructio
620 1168 119 46 cause
699 1168 171 46 formalis:
830 1168 92 46 sed
883 1168 119 46 quasi
949 1168 79 46 pos-

260 1204 154 54 sessiua.
375 1204 154 54 Essentia
491 1204 115 54 autem
567 1204 77 54 se
606 1204 102 54 hbet
670 1204 77 54 ad
708 1204 154 54 personas
823 1204 77 54 in
862 1204 141 54 ratione
951 1204 77 54 for-

251 1248 88 44 me:
302 1248 75 44 et
339 1248 125 44 deitas
427 1248 75 44 in
464 1248 213 44 abstractione.
639 1248 100 44 ergo
702 1248 100 44 etc.
765 1248 138 44 Denique
865 1248 150 44 secundum
965 1248 75 44 eum.

251 1291 108 52 Tho.
319 1291 95 52 hec
373 1291 163 52 negatur.
495 1291 108 52 Tres
563 1291 149 52 persone
671 1291 108 52 sunt
739 1291 163 52 essentie
847 1291 190 52 simpliciter.

256 1338 95 46 quia
316 1338 131 46 quamuis
411 1338 179 46 philosophus
554 1338 119 46 dicat.
638 1338 95 46 Quod
697 1338 107 46 eadem
769 1338 83 46 est
816 1338 107 46 ratio
888 1338 83 46 rei
936 1338 72 46 et
959 1338 60 46 vni

257 1379 113 46 rei.
327 1379 99 46 vi.
384 1379 169 46 Metaphy.
510 1379 127 46 Tamen
595 1379 99 46 pro
651 1379 169 46 veritate
778 1379 99 46 hus
820 1379 211 46 propositionis

253 1417 153 49 oportet
364 1417 111 49 addi
434 1417 181 49 genitiuum
573 1417 195 49 designante
727 1417 167 49 scilicet
852 1417 167 49 vnitatem
963 1417 70 49 vel

251 1460 205 50 identitatis
415 1460 164 50 essentie
539 1460 219 50 conditionem:
716 1460 164 50 dicendo.
840 1460 109 50 Tres
894 1460 137 50 persone.

254 1498 111 50 sunt
323 1498 125 50 vnius
407 1498 180 50 essentie.
545 1498 97 50 vel
601 1498 153 50 eiusdem
712 1498 180 50 essentie.
851 1498 97 50 vel
892 1498 139 50 increate

254 1549 171 47 essentie:
385 1549 105 47 quia
451 1549 197 47 simpliciter
609 1549 145 47 dicendo
714 1549 105 47 erit
780 1549 118 47 falsa
859 1549 105 47 etc.
925 1549 92 47 cum
964 1549 66 47 ibi

251 1584 101 56 sit
308 1584 216 56 constructio
481 1584 130 56 quasi
567 1584 216 56 possessiua:
740 1584 101 56 per
798 1584 130 56 modum
870 1584 158 56 principii

252 1626 190 62 creantis
395 1626 95 62 et
442 1626 238 62 gubernantis
617 1626 95 62 etc.

230 1699 111 93 ¶
274 1699 134 93 An
341 1699 178 93 tres
452 1699 245 93 persone
630 1699 245 93 possint
808 1699 178 93 dici
897 1699 134 93 tres

245 1766 110 69 res
308 1766 110 69 vel
371 1766 158 69 entes.
482 1766 126 69 Uide
560 1766 110 69 vbi
623 1766 126 69 Res.
702 1766 95 69 §.
734 1766 110 69 viii.

230 1837 107 92 ¶
272 1837 192 92 Utrum
400 1837 256 92 respectu
592 1837 298 92 personarum
805 1837 213 92 essentia

255 1915 74 54 se
292 1915 123 54 habeat
378 1915 74 54 vt
415 1915 148 54 materia:
526 1915 74 54 Ad
562 1915 86 54 hoc
612 1915 185 54 respondetur
759 1915 86 54 per
809 1915 185 54 conclusioem
944 1915 74 54 quoe

250 1967 103 43 non.
314 1967 77 43 vt
353 1967 116 43 patet
430 1967 116 43 etiam
507 1967 90 43 per
559 1967 103 43 Aug.
623 1967 77 43 et
662 1967 167 43 magistrum
790 1967 77 43 in
829 1967 129 43 primo.
919 1967 90 43 di.
958 1967 64 43 xix

247 2009 79 45 vbi
292 2009 202 45 sententialiter
460 2009 112 45 dicit.
539 2009 90 45 Quod
595 2009 79 45 non
640 2009 135 45 secundum
740 2009 112 45 eandem
819 2009 135 45 tiomunem
909 2009 112 45 materiam

246 2048 108 49 tres
313 2048 148 49 persone
420 2048 161 49 dicuntur
541 2048 94 49 vna
595 2048 175 49 essentia.
729 2048 121 49 sicut
810 2048 81 49 si
850 2048 81 49 ex
891 2048 121 49 eodem
958 2048 67 49 au-

241 2095 89 42 ro
286 2095 163 42 fierent
404 2095 119 42 tres
479 2095 163 42 statue:
597 2095 193 42 diceremus
746 2095 119 42 tres
820 2095 134 42 illas
894 2095 134 42 statuas

254 2138 114 38 vnum
325 2138 143 38 aurem.
425 2138 100 38 Non
482 2138 100 38 sic
539 2138 157 38 dicimus
654 2138 200 38 trinitatem
811 2138 114 38 vnum
882 2138 129 38 deum.
954 2138 71 38 Hec

256 2168 93 56 ibi.
315 2168 105 56 Ratio
384 2168 140 56 secundum
489 2168 93 56 Bon.
548 2168 128 56 ibidem.
641 2168 70 56 q.
676 2168 93 56 iii.
734 2168 93 56 quia
792 2168 128 56 materia
885 2168 105 56 inter
943 2168 82 56 omnia

251 2214 117 53 entia
329 2214 91 53 est
381 2214 104 53 quid
446 2214 260 53 imperfectissimum
667 2214 78 53 ac
706 2214 78 53 in
745 2214 156 53 potentia
862 2214 78 53 ad
901 2214 117 53 omnem
966 2214 52 53 fo

253 2258 94 49 mam.
312 2258 94 49 Unde
371 2258 94 49 Aug.
429 2258 82 49 li.
476 2258 129 49 confes.
570 2258 106 49 dicit
640 2258 82 49 eam
687 2258 94 49 esse
746 2258 117 49 factam
828 2258 106 49 prope
898 2258 117 49 nihil.
968 2258 59 49 sed

252 2294 99 49 deus
313 2294 86 49 est
363 2294 222 49 perfectissimus
548 2294 111 49 actus
622 2294 74 49 et
659 2294 111 49 purus
733 2294 86 49 nil
783 2294 173 49 depedentie
919 2294 124 49 habens
993 2294 37 49 a

255 2340 149 51 potentia
366 2340 87 51 vel
416 2340 174 51 possibili.
553 2340 99 51 ergo
615 2340 99 51 etc.
677 2340 62 51 ¶
702 2340 174 51 Declaratur
839 2340 112 51 etiam
913 2340 87 51 hec
950 2340 75 51 com-

253 2388 115 45 clusio
334 2388 138 45 secundum
438 2388 104 45 Guil.
507 2388 69 45 in
541 2388 69 45 i.
576 2388 81 45 di.
622 2388 69 45 v.
657 2388 92 45 quia
714 2388 184 45 intelligimus
864 2388 92 45 quod
910 2388 115 45 quiditas

243 2422 117 43 sicut
321 2422 91 43 est
373 2422 169 43 humanitas
504 2422 104 43 hbet
569 2422 104 43 tria
634 2422 65 43 ¶
660 2422 130 43 Primum
751 2422 91 43 est
803 2422 104 43 quod
869 2422 91 43 est
908 2422 117 43 communi

242 2463 140 53 cabilis
344 2463 153 53 pluribus
459 2463 76 53 et
497 2463 89 53 hoc
548 2463 89 53 est
598 2463 191 53 perfectois.
751 2463 153 53 Secundum
866 2463 89 53 est
917 2463 102 53 quod
967 2463 64 53 con

238 2504 164 52 trahitur
361 2504 96 52 per
416 2504 219 52 differentias
594 2504 232 52 indiuiduales.
785 2504 82 52 et
826 2504 96 52 hoc
881 2504 96 52 est
922 2504 109 52 imper-

252 2552 203 44 fectionis.
412 2552 160 44 Tertium
529 2552 102 44 est
587 2552 116 44 quod
659 2552 102 44 est
717 2552 102 44 quo
775 2552 189 44 indiuidua
921 2552 116 44 sunt
979 2552 58 44 ta

252 2589 106 44 lia.
318 2589 79 44 vt
357 2589 92 44 quo
410 2589 132 44 sortes
503 2589 92 44 est
556 2589 106 44 homo
622 2589 79 44 et
661 2589 119 44 plato
740 2589 106 44 homo
806 2589 79 44 et
846 2589 92 44 sic
899 2589 79 44 de
925 2589 106 44 aliis.

260 2631 192 53 Relinquamus
414 2631 103 53 ergo
478 2631 154 53 secundum
594 2631 103 53 quod
658 2631 90 53 est
709 2631 244 53 imperfectionis.
915 2631 77 53 et
940 2631 90 53 acci-

251 2674 130 51 piamus
342 2674 130 51 primum
433 2674 78 51 et
472 2674 156 51 tertium:
589 2674 104 51 quae
653 2674 104 51 sunt
718 2674 182 51 perfection
861 2674 78 51 s.
900 2674 78 51 et
939 2674 65 51 t
952 2674 78 51 ibua

250 2718 103 51 mus
309 2718 117 51 deo.
382 2718 103 51 Nam
441 2718 147 51 diuina
544 2718 176 51 essentia
676 2718 103 51 est
735 2718 264 51 communicabilis
940 2718 103 51 eadem

1085 295 143 73 numero
1185 295 143 73 tribus
1284 295 100 73 qua
1341 295 86 73 ad
1384 295 157 73 primum.
1498 295 86 73 Et
1541 295 100 73 est
1598 295 100 73 quo
1655 295 171 73 quelibet
1769 295 86 73 per-

1085 352 108 54 sona
1152 352 94 54 est
1206 352 108 54 deus
1273 352 94 54 quo
1326 352 81 54 ad
1367 352 161 54 tertium.
1488 352 108 54 ergo
1555 352 161 54 sequitur
1676 352 108 54 quod
1743 352 94 54 non
1783 352 81 54 hent

1092 396 165 54 essentiam
1219 396 152 54 rationem
1334 396 114 54 quasi
1410 396 152 54 materie:
1524 396 89 54 sed
1575 396 178 54 quiditatis
1714 396 76 54 in
1740 396 114 54 divinis

1081 440 107 42 quo
1142 440 91 42 ad
1187 440 198 42 personas.
1340 440 107 42 Nam
1401 440 168 42 quamuis
1523 440 168 42 relatio
1645 440 107 42 est
1690 440 168 42 posterior

1076 485 153 41 respectu
1191 485 166 41 essentie.
1319 485 77 41 et
1357 485 89 41 per
1408 485 179 41 consequens
1549 485 153 41 videatur
1664 485 115 41 quasi
1740 485 77 41 in
1766 485 102 41 poten-

1092 521 90 54 tia
1144 521 77 54 ad
1182 521 180 54 relationes
1324 521 193 54 personarum.
1479 521 90 54 tam
1530 521 90 54 est
1582 521 90 54 hoc
1633 521 90 54 non
1685 521 90 54 est
1736 521 90 54 per
1775 521 90 54 modum

1079 563 169 56 materie:
1206 563 99 56 sed
1262 563 141 56 potius
1361 563 99 56 per
1417 563 127 56 modum
1502 563 197 56 quiditatis
1657 563 183 56 formalis.
1783 563 85 56 etc.

1059 655 115 67 ¶
1105 655 206 67 Quare
1243 655 252 67 persone
1426 655 229 67 diuine
1587 655 161 67 non
1656 655 206 67 equali-

1087 712 99 57 ter
1143 712 184 57 producunt
1285 712 184 57 personas.
1426 712 113 57 Uide
1496 712 99 57 vbi
1553 712 127 57 Deus.
1637 712 85 57 §.
1680 712 113 57 xxi.
1736 712 85 57 etc.

1067 782 110 89 ¶
1111 782 176 89 Item
1221 782 132 89 de
1287 782 242 89 persona
1463 782 176 89 vide
1573 782 220 89 aliqua
1705 782 154 89 etiam

1088 860 122 66 vbi
1157 860 105 66 De
1192 860 245 66 Proprietate.

1085 923 100 90 ¶
1125 923 180 90 Utrum
1245 923 220 90 persona
1405 923 140 90 sit
1485 923 160 90 pars
1585 923 200 90 divine
1705 923 160 90 essen-

1083 998 103 54 tie:
1148 998 116 54 quasi
1225 998 155 54 essentia
1341 998 90 54 sit
1392 998 103 54 quid
1457 998 180 54 integratum
1598 998 77 54 ex
1637 998 155 54 personis
1740 998 116 54 tamquam

1091 1043 136 45 partibus.
1195 1043 157 45 Respondetur
1320 1043 73 45 per
1362 1043 157 45 conclusioem
1488 1043 84 45 quod
1540 1043 84 45 non.
1592 1043 63 45 vt
1624 1043 94 45 patet
1686 1043 73 45 per
1728 1043 136 45 magistrum
1822 1043 42 45 in

1098 1085 124 46 primo.
1185 1085 87 46 di.
1234 1085 99 46 xix.
1296 1085 87 46 cum
1346 1085 99 46 Aug.
1408 1085 174 46 probantem.
1545 1085 87 46 di.
1595 1085 87 46 Nec
1644 1085 87 46 est
1694 1085 124 46 aliqua
1769 1085 99 46 perso-

1085 1128 128 47 narum
1170 1128 142 47 trium:
1270 1128 114 47 pars
1341 1128 100 47 dei
1398 1128 100 47 vel
1455 1128 142 47 diuine
1554 1128 185 47 essentie.
1696 1128 114 47 quia
1753 1128 114 47 singu-

1085 1169 79 46 la
1124 1169 119 46 harum
1204 1169 119 46 verus
1283 1169 106 46 deus
1349 1169 92 46 est
1402 1169 79 46 et
1441 1169 132 46 plenus
1534 1169 106 46 deus
1600 1169 106 46 est.
1666 1169 79 46 et
1706 1169 106 46 tota
1772 1169 79 46 et
1798 1169 66 46 ple

1091 1214 82 47 na
1132 1214 137 47 diuina
1228 1214 165 47 essentia
1352 1214 110 47 est.
1420 1214 82 47 et
1461 1214 110 47 ideo
1530 1214 123 47 nulla
1612 1214 151 47 istarum
1722 1214 82 47 in
1749 1214 110 47 trini-

1085 1254 116 42 tate
1157 1254 116 42 pars
1229 1254 116 42 est.
1301 1254 116 42 Unde
1374 1254 116 42 Aug.
1446 1254 101 42 li.
1504 1254 87 42 ii
1547 1254 145 42 contra
1648 1254 202 42 Maximianum
1793 1254 72 42 he-

1091 1296 121 47 reticum
1179 1296 99 47 dicit
1245 1296 99 47 Pater
1311 1296 66 47 et
1344 1296 110 47 filius
1421 1296 66 47 et
1454 1296 132 47 spiritus
1554 1296 132 47 sanctus:
1653 1296 121 47 propter
1730 1296 132 47 indiuiduam

1098 1340 160 48 peitatem
1218 1340 107 48 vnus
1284 1340 107 48 deus
1351 1340 107 48 est.
1417 1340 80 48 et
1457 1340 146 48 propter
1564 1340 226 48 vniuscuiusque
1737 1340 133 48 proprie-

1097 1382 115 46 tatem
1174 1382 102 46 tres
1237 1382 140 46 persone
1339 1382 115 46 sunt.
1416 1382 76 46 et
1454 1382 140 46 propter
1556 1382 178 46 singulorum
1684 1382 178 46 perfectionem

1084 1428 141 43 partes
1183 1428 127 43 vnius
1268 1428 99 43 dei
1324 1428 99 43 non
1381 1428 127 43 sunt.
1466 1428 99 43 Hec
1522 1428 113 43 ibi.
1593 1428 127 43 Ratio
1678 1428 170 43 secundum
1791 1428 71 43 Bo-

1085 1463 94 58 na.
1138 1463 121 58 Rich.
1219 1463 81 58 et
1260 1463 108 58 Tho.
1327 1463 135 58 supra.
1422 1463 108 58 quia
1489 1463 108 58 deus
1557 1463 94 58 est
1611 1463 121 58 summe
1692 1463 162 58 simplex.
1800 1463 67 58 sed

1090 1499 196 62 compositio
1244 1499 84 62 ex
1286 1499 168 62 partibus
1412 1499 168 62 repugnat
1537 1499 238 62 simplicitati.
1733 1499 112 62 ergo
1789 1499 70 62 etc

1096 1548 130 50 Item.
1182 1548 116 50 omne
1255 1548 130 50 totum
1341 1548 101 50 est
1399 1548 130 50 maius
1486 1548 101 50 sua
1544 1548 145 50 parte.
1645 1548 101 50 sed
1703 1548 87 50 in
1746 1548 101 50 deo
1790 1548 72 50 nil

1092 1591 153 67 maius.
1199 1591 107 67 nec
1260 1591 107 67 due
1321 1591 168 67 persone
1443 1591 122 67 sunt
1519 1591 168 67 aliquid
1641 1591 137 67 maius
1733 1591 122 67 quam
1794 1591 76 67 vna

1103 1629 83 65 vt
1145 1629 125 65 dicit
1228 1629 111 65 Aug.
1297 1629 111 65 ergo
1353 1629 83 65 etc.

1076 1661 111 87 ¶
1120 1661 155 87 Sed
1209 1661 133 87 an
1275 1661 177 87 tota
1386 1661 266 87 trinitas
1586 1661 155 87 sit
1674 1661 133 87 in
1719 1661 155 87 singu

1086 1735 86 51 lis
1135 1735 159 51 personis.
1257 1735 98 51 Aug.
1318 1735 110 51 dicit
1391 1735 98 51 quod
1452 1735 98 51 sic.
1514 1735 98 51 Unde
1575 1735 159 51 arguitur.
1697 1735 73 51 Si
1734 1735 110 51 tota.
1795 1735 73 51 ergo

1086 1776 105 47 habet
1156 1776 117 47 partes
1238 1776 94 47 etc.
1297 1776 175 47 Respondetur
1437 1776 140 47 secundum
1542 1776 105 47 Bona.
1613 1776 117 47 supra.
1695 1776 94 47 quod
1753 1776 105 47 Totum
1812 1776 58 47 vno

1078 1820 117 48 modo
1151 1820 160 48 capitur
1268 1820 189 48 absolute.
1413 1820 87 48 et
1457 1820 102 48 sic
1515 1820 131 48 totum
1603 1820 117 48 idem
1676 1820 102 48 est
1734 1820 117 48 quod
1792 1820 73 48 per

1082 1863 155 49 fectum.
1195 1863 84 49 ii
1237 1863 141 49 physi.
1335 1863 113 49 Alio
1406 1863 113 49 modo
1476 1863 155 49 capitur
1589 1863 211 49 comparatiue
1757 1863 84 49 ad
1786 1863 84 49 par-

1089 1900 96 50 tes.
1149 1900 84 50 Nam
1197 1900 144 50 secundum
1305 1900 132 50 logicos
1401 1900 108 50 totum
1473 1900 168 50 resoluitur
1606 1900 72 50 id
1642 1900 84 50 est
1690 1900 144 50 qualibet
1786 1900 84 50 pars.

1097 1947 177 49 Auctoritas
1237 1947 114 49 autem
1313 1947 139 49 August.
1414 1947 203 49 intelligenda
1579 1947 101 49 est.
1642 1947 89 49 non
1693 1947 139 49 secundo
1782 1947 76 49 modo

1093 1994 199 46 capiendo
1242 1994 165 46 totum:
1358 1994 116 46 sed
1424 1994 149 46 primo
1524 1994 149 46 modo:
1623 1994 99 46 vt
1672 1994 116 46 sit
1722 1994 149 46 sensus.

1084 2030 114 53 Tota
1155 2030 170 53 trinitas
1283 2030 99 53 est
1339 2030 85 53 in
1382 2030 170 53 singulis
1510 2030 170 53 personis
1638 2030 85 53 id
1680 2030 99 53 est
1723 2030 142 53 perfecta

1090 2070 176 67 essentia
1223 2070 206 67 trinitatis
1384 2070 103 67 est
1443 2070 118 67 eque
1516 2070 118 67 tota
1590 2070 88 67 in
1619 2070 162 67 singulis.

1073 2141 96 86 ¶
1111 2141 115 86 An
1169 2141 134 86 vna
1245 2141 211 86 persona
1399 2141 134 86 sit
1476 2141 115 86 in
1533 2141 153 86 alia
1629 2141 134 86 per
1686 2141 173 86 circum-

1081 2209 214 79 incessionem
1252 2209 100 79 vel
1309 2209 100 79 per
1366 2209 185 79 illapsum.
1508 2209 114 79 Uide
1579 2209 100 79 vbi
1622 2209 242 79 Circumincessis.

1071 2286 107 82 ¶
1113 2286 150 82 Quo
1199 2286 279 82 probantur
1414 2286 172 82 tres
1521 2286 236 82 persone
1693 2286 172 82 fore
1779 2286 86 82 in

1088 2358 195 60 diuinis.
1234 2358 130 60 Uide
1315 2358 114 60 vbi
1380 2358 146 60 Deus.
1477 2358 97 60 §.
1510 2358 97 60 xix.

1067 2425 109 99 ¶
1111 2425 196 99 Utrum
1241 2425 239 99 persone
1415 2425 217 99 divine
1567 2425 282 99 differant
1762 2425 109 99 nu-

1087 2501 111 58 mero
1157 2501 125 58 inter
1240 2501 97 58 se:
1295 2501 97 58 ita
1351 2501 111 58 quod
1420 2501 97 58 ibi
1476 2501 97 58 sit
1532 2501 139 58 ponere
1629 2501 222 58 differentiam
1796 2501 69 58 nu-

1095 2546 149 50 meralem.
1206 2546 74 50 ex
1244 2546 74 50 eo
1281 2546 99 50 quod
1343 2546 99 50 vere
1405 2546 174 50 numerantur
1541 2546 149 50 persone.
1653 2546 124 50 dicit.
1740 2546 99 50 vna.
1790 2546 74 50 due.

1102 2588 84 55 res.
1155 2588 158 55 Respondetur
1281 2588 126 55 secundum
1376 2588 84 55 Bon.
1429 2588 74 55 ea.
1471 2588 74 55 di.
1513 2588 84 55 xix.
1566 2588 63 55 q.
1597 2588 74 55 vl.
1639 2588 84 55 quod
1692 2588 84 55 non.
1745 2588 105 55 Ratio:
1808 2588 63 55 quia

1087 2634 86 54 ad
1130 2634 230 54 diuersitatem
1316 2634 187 54 numeralem
1460 2634 187 54 concurrit
1604 2634 201 54 diuersitas
1747 2634 115 54 ipsius

1098 2675 86 51 quo
1147 2675 86 51 est
1196 2675 74 51 et
1233 2675 99 51 quod
1295 2675 99 51 est.
1356 2675 74 51 et
1393 2675 86 51 qui
1443 2675 86 51 est
1492 2675 74 51 id
1529 2675 86 51 est
1578 2675 123 51 nature
1665 2675 74 51 et
1701 2675 160 51 suppositi
1812 2675 62 51 si-

1089 2717 89 55 ue
1134 2717 221 55 hypostasis.
1311 2717 103 55 sed
1370 2717 251 55 principaliter
1576 2717 148 55 ipsius
1679 2717 118 55 quod
1753 2717 118 55 est.
1812 2717 74 55 Ni
