2412 3327
274 265 149 88 Sicut
374 265 199 88 Anselmus
523 265 133 88 cqui
606 265 133 88 fuit
689 265 249 88 philosophus
888 265 100 88 et
938 265 232 88 theologus:

294 336 140 65 dicit
387 336 233 65 Impossibile
573 336 93 65 de
619 336 155 65 trunco
728 336 140 65 fieri
821 336 186 65 vitulum.
960 336 93 65 Et
991 336 155 65 verginem

280 381 150 56 parere.
390 381 137 56 Hmodoi
485 381 109 56 enim
554 381 164 56 dicuntur
677 381 219 56 impossibilia
855 381 164 56 secundum
978 381 109 56 quid
1046 381 82 56 id
1074 381 68 56 est

280 425 168 61 secundum
406 425 182 61 naturalem
545 425 196 61 potentiam.
699 425 70 61 ¶
727 425 140 61 Tertio
825 425 154 61 aliquid
936 425 154 61 dicitur
1034 425 112 61 Impos-

274 462 141 56 sibile
373 462 170 56 secundum
500 462 113 56 Bon.
571 462 127 56 ppter
655 462 226 56 limitationem
839 462 141 56 nostre
924 462 226 56 intelligentie.

273 506 86 52 qua
322 506 86 52 non
371 506 122 52 potest
456 506 122 52 capere
542 506 171 52 huiusmodi.
676 506 110 52 puta:
750 506 86 52 duo
799 506 135 52 corpora
896 506 98 52 esse
958 506 135 52 similis
1055 506 73 52 in
1080 506 61 52 eo-

268 549 100 54 dem
325 549 129 54 loco.
411 549 100 54 vel
468 549 115 54 Unum
540 549 143 54 corpus
640 549 158 54 similis
755 549 115 54 esse
827 549 86 54 in
870 549 172 54 diuersis
999 549 143 54 locis.
1085 549 57 54 vl

266 591 137 59 Maius
357 591 91 59 in
403 591 152 59 minori
509 591 137 59 loco.
600 591 122 59 quia
676 591 137 59 talia
768 591 106 59 non
829 591 152 59 potest
935 591 152 59 capere
1026 591 122 59 intel-

272 635 181 49 ligentia
407 635 151 49 nostra
513 635 105 49 vel
573 635 226 49 imaginatio.
754 635 105 49 sed
814 635 135 49 dicit
904 635 211 49 oppositum.
1055 635 90 49 Unde

274 678 78 54 vt
313 678 116 54 talia
391 678 129 54 credat
481 678 129 54 nostra
572 678 129 54 ratio:
662 678 142 54 necesse
766 678 91 54 est
818 678 78 54 vt
856 678 155 54 eleuetur
973 678 116 54 supra
1050 678 91 54 se:
1089 678 65 54 cre

281 719 115 61 dendo
358 719 102 61 fide
422 719 141 61 quoniam
524 719 90 61 sic
575 719 102 61 deus
639 719 115 61 dicit
716 719 102 61 esse
780 719 77 61 in
818 719 141 61 sactero
921 719 128 61 ecese.
1010 719 102 61 ergo
1061 719 90 61 infal

287 763 193 55 libiliter
436 763 104 55 sic
495 763 119 55 est.
569 763 134 55 Ticem
658 763 119 55 enim
732 763 104 55 nos
792 763 104 55 non
851 763 178 55 possumus
970 763 178 55 intellige-

282 811 95 46 re:
337 811 122 46 tamen
418 811 109 46 deus
486 811 109 46 plus
554 811 136 46 potest
649 811 136 46 facere
744 811 109 46 quam
812 811 95 46 nos
866 811 163 46 possimus
975 811 176 46 intelligere

276 852 89 44 vt
321 852 148 44 patuit
424 852 89 44 in
468 852 222 44 praecedenti
646 852 74 44 ¶
675 852 148 44 Quarto
779 852 163 44 dicitur
897 852 163 44 aliquid
1000 852 148 44 impossi-

285 892 110 52 bile
354 892 165 52 secundum
478 892 151 52 ordinem
588 892 137 52 diuine
684 892 192 52 sapientie.
835 892 124 52 iuxta
917 892 110 52 Bon.
986 892 82 52 et
1014 892 137 52 illustra

287 935 150 54 tionem
392 935 195 54 veritatis
542 935 165 54 eterne.
662 935 90 54 vt
707 935 225 54 Impossibile
888 935 105 54 est
948 935 105 54 duo
993 935 165 54 contradi-

294 986 117 42 ctoria
376 986 128 42 similis
469 986 93 42 esse
527 986 105 42 vera.
597 986 93 42 etc.
656 986 151 42 Similiter
772 986 82 42 duo
819 986 140 42 contraia
924 986 128 42 similis
1017 986 117 42 inesse
1087 986 58 42 ei-

286 1019 99 51 dem
343 1019 170 51 secundum
470 1019 128 51 idem.
555 1019 85 51 Et
598 1019 113 51 omne
669 1019 113 51 quod
740 1019 170 51 includit
867 1019 269 51 contradictionem
1080 1019 71 51 Si-

292 1070 81 54 ue
332 1070 94 54 per
386 1070 94 54 se:
440 1070 121 54 sicut
521 1070 94 54 ddo
575 1070 148 54 Hominem
682 1070 94 54 non
736 1070 108 54 esse
804 1070 135 54 animal
898 1070 189 54 rationale.
1046 1070 81 54 et
1073 1070 81 54 Tri-

293 1109 179 49 angulum
423 1109 114 49 non
488 1109 163 49 habere
603 1109 131 49 tres
684 1109 196 49 angulos.
831 1109 98 49 et
880 1109 114 49 Duo
945 1109 98 49 ac
994 1109 131 49 tria
1059 1109 82 49 non

295 1151 109 52 esse
364 1151 164 52 quinque.
486 1151 82 52 et
527 1151 191 52 huiusmodi.
677 1151 109 52 Siue
745 1151 164 52 includat
868 1151 259 52 contradictionem
1072 1151 82 52 per-

282 1194 166 48 accns.
398 1194 133 48 puta
481 1194 232 48 Preteritum
664 1194 149 48 motum
763 1194 166 48 solis:
879 1194 166 48 facere
995 1194 133 48 quod
1061 1194 83 48 non

299 1232 160 46 fuerit.
416 1232 87 46 et
459 1232 203 46 huiusmodi.
619 1232 102 46 Nam
677 1232 131 46 talia
764 1232 131 46 impsa
851 1232 160 46 veritas
968 1232 145 46 eterna
1055 1232 87 46 iudi

299 1278 105 50 cat
359 1278 120 50 esse
434 1278 256 50 impossibilia.
645 1278 120 50 quia
720 1278 195 50 fundantur
870 1278 90 50 in
915 1278 150 50 primis
1006 1278 150 50 principi

295 1319 80 52 is
335 1319 94 52 per
388 1319 80 52 se
429 1319 134 52 notis.
523 1319 80 52 vt
563 1319 134 52 patuit
657 1319 134 52 etiam.
750 1319 134 52 supra.
844 1319 188 52 Possibile.
992 1319 80 52 §.
1019 1319 80 52 iii.

314 1361 171 60 Proinde
439 1361 140 60 iuxta
532 1361 109 60 hec
594 1361 93 60 ad
641 1361 202 60 quaesitum
796 1361 187 60 ponuntur
921 1361 233 60 conclusiones.

380 1402 126 47 rima
459 1402 204 47 conclusio
616 1402 110 47 Qod
679 1402 236 47 Impossibile
868 1402 142 47 primo
962 1402 126 47 modo
1025 1402 126 47 dictum

312 1449 116 47 peus
385 1449 102 47 non
443 1449 145 47 potest
545 1449 160 47 facere.
662 1449 175 47 videliem
792 1449 218 47 Impossibile
952 1449 204 47 simpliciter.

324 1487 59 59 ¶
348 1487 131 59 Secunda
443 1487 95 59 quod
502 1487 166 59 Impossibil
633 1487 59 59 e
657 1487 131 59 secundo
752 1487 95 59 modo
811 1487 119 59 dictum
894 1487 143 59 scilicet
1001 1487 119 59 secudm
1073 1487 71 59 quid

310 1534 86 47 pe
353 1534 115 47 deus
424 1534 158 47 facere.
539 1534 115 47 quia
611 1534 100 47 Dei
668 1534 172 47 potentia
797 1534 100 47 est
854 1534 129 47 supra
940 1534 158 47 naturam
1041 1534 100 47 infi-

304 1574 111 52 nita
374 1574 70 52 ¶
401 1574 139 52 Tertia
499 1574 111 52 quod
568 1574 209 52 Impossibile
735 1574 139 52 tertio
832 1574 111 52 modo
902 1574 153 52 dictum:
999 1574 153 52 similiter

310 1622 92 46 deus
367 1622 115 46 potest
447 1622 126 46 facere.
539 1622 92 46 quia
596 1622 92 46 plus
654 1622 115 46 potest
734 1622 92 46 quam
792 1622 172 46 intellectus
929 1622 115 46 nostur
1010 1622 115 46 capit.
1079 1622 57 46 Nam

305 1661 99 47 dum
362 1661 170 47 christus
489 1661 170 47 intrauit
617 1661 142 47 ianuis
716 1661 156 47 clausis
830 1661 142 47 prieus
915 1661 227 47 resurrectionem

300 1700 83 53 ad
342 1700 208 53 discipulos:
508 1700 97 53 ibi
563 1700 83 53 in
605 1700 111 53 loco
674 1700 125 53 ianue
757 1700 152 53 similis
867 1700 111 53 fuit
937 1700 138 53 corpus
1020 1700 125 53 christi

305 1747 84 46 et
347 1747 126 46 ianue
431 1747 98 46 pro
487 1747 126 46 eodem
571 1747 168 46 instanti
697 1747 182 46 introitus
837 1747 168 46 christi.
963 1747 84 46 Et
1005 1747 84 46 in
1033 1747 112 46 eucha-

312 1788 133 46 ristia
405 1788 133 46 corpus
498 1788 146 46 christi
604 1788 146 46 similis
711 1788 93 46 est
764 1788 80 46 in
804 1788 160 46 diuersis
923 1788 133 46 locis.
1016 1788 80 46 et
1043 1788 93 46 maius

293 1836 76 52 in
331 1836 127 52 minori
420 1836 101 52 loco
483 1836 152 52 scilicet
597 1836 139 52 speciei
699 1836 190 52 eucharistie
851 1836 89 52 etc
901 1836 63 52 ¶
927 1836 127 52 Quarta
1003 1836 139 52 conclusio

299 1870 106 52 quod
365 1870 199 52 Impossibile
524 1870 132 52 quarto
616 1870 106 52 modo
683 1870 146 52 dictum:
789 1870 106 52 deus
855 1870 93 52 non
908 1870 132 52 potest
1000 1870 93 52 per
1040 1870 106 52 omnipo

292 1911 163 50 tentiam.
414 1911 108 50 quia
482 1911 108 50 tale
550 1911 95 50 non
604 1911 95 50 est
658 1911 122 50 posse
740 1911 163 50 ordinate
861 1911 108 50 quod
929 1911 95 50 est
983 1911 135 50 contra
1065 1911 81 50 ordi

287 1953 86 50 nem
336 1953 159 50 sapientie
458 1953 86 50 dei
507 1953 73 50 et
544 1953 122 50 contra
630 1953 122 50 primam
715 1953 159 50 veritatem
838 1953 73 50 vt
875 1953 159 50 praetebit
997 1953 122 50 infra.
1071 1953 73 50 Unde

287 1999 157 54 secundum
405 1999 131 54 Guill.
496 1999 131 54 duneut
588 1999 92 54 est
640 1999 196 54 simpliciter
798 1999 105 54 quod
863 1999 92 54 deo
915 1999 118 54 nihil
994 1999 92 54 est
1033 1999 105 54 impos-

299 2044 143 62 sibile
399 2044 100 62 vt.
456 2044 128 62 supra
541 2044 71 62 §
556 2044 71 62 xv.

336 2074 109 79 ¶
380 2074 197 79 Quare
511 2074 240 79 dicitur
686 2074 175 79 deus
795 2074 328 79 omnipotens:
1036 2074 109 79 An-

295 2131 75 64 lon
338 2131 86 64 quia
392 2131 162 64 simpliciter
521 2131 108 64 potest
597 2131 108 64 omnia:
672 2131 65 64 An
704 2131 86 64 ideo
758 2131 108 64 tantum
834 2131 86 64 quia
888 2131 108 64 potest
963 2131 97 64 omnia
1028 2131 86 64 quae
1071 2131 75 64 vult:

343 2192 67 51 a
369 2192 93 51 hoc
423 2192 160 51 Magister
543 2192 80 51 in
583 2192 147 51 littera
690 2192 80 51 e.
730 2192 93 51 di.
783 2192 120 51 xlii.
863 2192 160 51 arguendo
983 2192 147 51 inducit
1077 2192 53 51 Au

346 2241 96 46 isti.
411 2241 75 46 li.
453 2241 64 46 de
485 2241 139 46 quaestio.
593 2241 75 46 ve.
635 2241 64 46 ac
668 2241 75 46 no.
710 2241 75 46 le.
753 2241 129 46 dicetem.
850 2241 96 46 Omnia
914 2241 118 46 quaidem
999 2241 107 46 potest
1064 2241 64 46 deus

300 2268 85 62 emd
348 2268 85 62 non
397 2268 109 62 facit
470 2268 97 62 nisi
530 2268 97 62 quod
591 2268 145 62 conuenit
700 2268 97 62 eius
760 2268 145 62 veritati
869 2268 73 62 et
906 2268 158 62 iusticie.
1027 2268 97 62 ergo
1075 2268 61 62 vi-

284 2320 105 62 Uetur
354 2320 93 62 quod
412 2320 93 62 ideo
471 2320 105 62 deus.
540 2320 128 62 dicitur
634 2320 105 62 omps:
703 2320 93 62 quia
762 2320 105 62 omnia
831 2320 116 62 potet.
913 2320 58 62 ¶
936 2320 116 62 Contra
1018 2320 81 62 Non
1053 2320 81 62 potes

280 2357 100 55 Deus
342 2357 199 55 condictoria.
504 2357 100 55 ergo
566 2357 100 55 etc.
628 2357 162 55 Respondet
753 2357 112 55 Rich.
828 2357 75 55 e.
865 2357 87 55 di.
915 2357 75 55 q.
952 2357 125 55 vltis.
1039 2357 100 55 Quod
1089 2357 50 55 de

276 2407 74 50 Qs
313 2407 87 50 est
362 2407 173 50 omnipotens
498 2407 87 50 non
548 2407 111 50 solum
622 2407 99 50 quia
684 2407 124 50 potest
771 2407 111 50 omnia
845 2407 99 50 quae
907 2407 99 50 vult
969 2407 74 50 se
1006 2407 124 50 posse:
1080 2407 50 50 se

259 2445 96 52 Ton
314 2445 124 52 etiam
397 2445 110 52 quia
465 2445 82 52 pt
506 2445 110 52 omne
575 2445 124 52 illud
657 2445 110 52 quod
726 2445 96 52 est
781 2445 178 52 possibile
918 2445 165 52 absolute
1028 2445 110 52 quania

253 2499 102 44 Ttum
317 2499 89 44 est
368 2499 76 44 ex
406 2499 115 44 parte
483 2499 102 44 sua.
546 2499 76 44 Et
584 2499 89 44 hoc
635 2499 89 44 est
686 2499 102 44 omne
750 2499 102 44 quod
814 2499 89 44 non
865 2499 140 44 icludit
954 2499 178 44 contradictio

260 2528 92 67 em.
313 2528 79 67 et
352 2528 159 67 quicquid
471 2528 119 67 habet
550 2528 159 67 rationem
669 2528 119 67 velle
749 2528 79 67 et
788 2528 106 67 vere
854 2528 159 67 potentie
973 2528 79 67 in
1013 2528 92 67 deo
1066 2528 79 67 vt
1092 2528 53 67 pa

265 2570 104 70 Fuit
330 2570 131 70 etiam.
422 2570 78 70 §.
461 2570 118 70 xxii.
539 2570 157 70 secundum
657 2570 104 70 Bon.
722 2570 104 70 Unde
787 2570 78 70 et
827 2570 78 70 in
866 2570 144 70 littera
970 2570 144 70 allatur
1062 2570 78 70 Aug.

323 2620 78 60 li.
367 2620 111 60 supra.
445 2620 111 60 dicit.
523 2620 111 60 Potuit
600 2620 89 60 deus
656 2620 111 60 cuncta
734 2620 122 60 similis
822 2620 122 60 facere:
911 2620 78 60 sed
955 2620 144 60 prohibuit
1055 2620 78 60 ratio

253 2656 82 56 d¶
294 2656 95 56 Sed
349 2656 82 56 d.
389 2656 82 56 Ex
430 2656 95 56 hoc
485 2656 163 56 sequitur
607 2656 109 56 quod
675 2656 95 56 dei
730 2656 109 56 pona
798 2656 95 56 est
852 2656 177 56 impotens.
988 2656 109 56 quia
1042 2656 82 56 prae

309 2694 74 56 ta
346 2694 159 56 prohibere
468 2694 123 56 ratio:
554 2694 74 56 Ad
591 2694 86 56 hoc
640 2694 147 56 duicitur
750 2694 147 56 secundum
861 2694 98 56 Bon.
922 2694 110 56 ibiud
996 2694 74 56 in
1033 2694 74 56 q.
1057 2694 86 56 circa

255 2736 106 81 Titr.
326 2736 94 81 quod
384 2736 106 81 ratio
455 2736 82 81 hoc
502 2736 129 81 vocatur
596 2736 141 81 voluntas
702 2736 164 81 rationalis
831 2736 94 81 quae
889 2736 82 81 est
936 2736 94 81 idem
995 2736 94 81 quod
1042 2736 94 81 divina

1210 285 174 85 essentia:
1344 285 174 85 inquantum
1478 285 107 85 vult
1545 285 80 85 ea
1585 285 107 85 quae
1652 285 147 85 congrue
1759 285 107 85 sunt
1826 285 147 85 volita.
1920 285 80 85 Unde

1219 352 87 60 dei
1268 352 149 60 potentia
1380 352 87 60 non
1430 352 174 60 prohibetur
1567 352 87 60 nec
1617 352 137 60 artatur
1717 352 137 60 quantum
1816 352 75 60 ad
1854 352 125 60 posse:
1928 352 75 60 quia

1229 399 104 47 potest
1301 399 93 47 omnia
1363 399 83 47 quae
1415 399 83 47 vult
1467 399 104 47 posse.
1540 399 62 47 et
1571 399 124 47 quicquid
1664 399 104 47 potest
1737 399 93 47 velle
1799 399 104 47 potest
1872 399 114 47 facere.
1944 399 52 47 sed

1226 444 84 58 deus
1278 444 73 58 non
1320 444 105 58 potest
1393 444 94 58 velle
1456 444 73 58 duo
1498 444 115 58 similis
1582 444 189 58 contradictoria
1739 444 84 58 esse
1792 444 94 58 vera.
1855 444 84 58 ergo
1907 444 84 58 etc.
1949 444 42 58 Si

1213 478 106 67 enim
1279 478 132 67 posset
1371 478 92 67 hoc
1424 478 132 67 velle:
1517 478 106 67 tunc
1583 478 132 67 posset
1675 478 79 67 et
1715 478 145 67 facere.
1820 478 92 67 Sed
1860 478 132 67 ipossibi

1206 515 70 79 le
1241 515 82 79 est
1288 515 105 79 velle
1359 515 105 79 contr
1429 515 117 79 primam
1511 515 164 79 veritatem.
1640 515 82 79 hoc
1687 515 94 79 enim
1745 515 105 79 esset
1816 515 117 79 negare
1898 515 70 79 se
1921 515 82 79 deum.

1216 562 121 63 ergo
1291 562 106 63 non
1352 562 166 63 potest.
1458 562 76 63 etc

1210 595 97 81 ¶
1248 595 175 81 Utrum
1365 595 312 81 omnipotentia
1619 595 136 81 sit
1697 595 273 81 perfectio.
1892 595 97 81 sim

1220 665 142 59 pliciter:
1329 665 164 59 Respondetur
1461 665 131 59 secundum
1559 665 109 59 Guill.
1636 665 77 59 di.
1680 665 109 59 xliii.
1756 665 109 59 primi.
1833 665 88 59 Quod
1877 665 120 59 omnipoten

1211 715 89 44 tia
1262 715 128 44 potest
1352 715 192 44 considerari
1505 715 192 44 dupliciter.
1659 715 89 44 Uno
1710 715 102 44 modo
1774 715 153 44 absolute
1876 715 115 44 inquan-

1212 758 80 49 tum
1257 758 80 49 est
1303 758 114 49 divine
1383 758 137 49 essentie
1485 758 171 49 attributum.
1622 758 68 49 et
1657 758 80 49 sic
1702 758 80 49 est
1748 758 148 49 perfectio
1851 758 148 49 simpliciter

1224 791 107 55 sicut
1295 791 107 55 etiam
1367 791 178 55 intellectus
1509 791 71 55 et
1545 791 155 55 voluntas.
1664 791 95 55 Alio
1724 791 95 55 modo
1783 791 119 55 potest
1854 791 143 55 considera-

1217 835 73 63 ri
1253 835 158 63 inquantum
1375 835 85 63 sub
1424 835 122 63 quadam
1509 835 146 63 rationis
1619 835 146 63 respectu
1729 835 134 63 dicitur
1826 835 73 63 ad
1851 835 146 63 creaturas.

1221 883 71 58 et
1257 883 83 58 sic
1304 883 165 58 formaliter
1434 883 83 58 non
1481 883 83 58 est
1528 883 153 58 perfectio
1646 883 189 58 simpliciter.
1799 883 94 58 quia
1858 883 94 58 ille
1906 883 94 58 respe-

1218 919 87 61 ctus
1272 919 130 61 rationis
1370 919 76 61 non
1414 919 76 61 est
1457 919 141 61 perfecton
1566 919 174 61 simpliciter.
1707 919 65 61 et
1739 919 76 61 ita
1783 919 76 61 est
1826 919 98 61 etiam
1891 919 65 61 de
1913 919 87 61 aliis.

1220 962 82 60 Nam
1267 962 70 60 et
1302 962 128 60 sceitia
1395 962 82 60 dei
1442 962 140 60 absolute
1547 962 175 60 considerata
1686 962 82 60 est
1733 962 151 60 perfecton
1838 962 163 60 simpliciter.

1222 1005 78 54 sed
1266 1005 100 54 tamen
1333 1005 78 54 sub
1377 1005 133 54 respectu
1477 1005 67 54 ad
1511 1005 100 54 scita
1577 1005 111 54 creata
1655 1005 78 54 non
1699 1005 78 54 est
1744 1005 144 54 perfecton
1844 1005 155 54 simpliciter.

1228 1048 107 69 Hec
1289 1048 91 69 ex
1334 1048 137 69 Guil.
1426 1048 91 69 Ad
1471 1048 122 69 idem
1547 1048 152 69 patuit
1654 1048 107 69 vbi
1715 1048 213 69 Perfecton.
1882 1048 91 69 §.
1913 1048 91 69 vii.

1206 1088 109 78 ¶
1250 1088 196 78 Utrum
1381 1088 174 78 deus
1490 1088 196 78 pater
1620 1088 196 78 dicat
1729 1088 262 78 omnipotens

1224 1151 143 51 potentia
1331 1151 83 51 vel
1379 1151 131 51 virtute
1474 1151 131 51 genita;
1569 1151 178 51 Respondetur
1712 1151 143 51 secundum
1819 1151 95 51 Ric.
1878 1151 71 51 in
1902 1151 95 51 primo.

1213 1199 78 54 di.
1257 1199 111 54 xxxii.
1335 1199 89 54 art.
1390 1199 78 54 ii.
1435 1199 67 54 q.
1468 1199 67 54 i.
1501 1199 122 54 similis
1590 1199 67 54 et
1623 1199 100 54 Bona.
1690 1199 67 54 e.
1723 1199 89 54 dis.
1778 1199 67 54 q.
1812 1199 122 54 vltimo.
1900 1199 89 54 Quod
1945 1199 55 54 non

1220 1238 81 55 est
1267 1238 104 55 talis
1336 1238 162 55 propositio
1463 1238 173 55 concedenda.
1602 1238 92 55 quia
1660 1238 81 55 est
1706 1238 81 55 fla
1752 1238 69 55 et
1787 1238 162 55 impropria:
1903 1238 92 55 dicen-

1211 1281 83 53 do.
1258 1281 106 53 Pater
1329 1281 83 53 est
1377 1281 118 53 potens
1459 1281 142 53 potentia
1566 1281 130 53 genita.
1660 1281 106 53 sicut
1731 1281 71 53 et
1767 1281 106 53 ista.
1838 1281 106 53 Pater
1908 1281 83 53 est
1944 1281 59 53 pos

1221 1324 88 48 tens
1276 1324 77 48 per
1320 1324 122 48 filium.
1409 1324 77 48 sed
1453 1324 77 48 hec
1497 1324 77 48 est
1542 1324 100 48 vera.
1608 1324 100 48 Pater
1674 1324 133 48 operatur
1774 1324 77 48 per
1818 1324 122 48 verbum.
1906 1324 88 48 Unde
1951 1324 55 48 Io.

1209 1363 67 51 i.
1242 1363 101 51 Omnia
1310 1363 79 51 per
1355 1363 101 51 ipsum
1422 1363 135 51 scilicet
1523 1363 112 51 verbum
1602 1363 112 51 factam
1680 1363 79 51 se.
1725 1363 67 51 et
1759 1363 79 51 hec
1804 1363 180 51 intelligenda
1939 1363 67 51 sunt

1207 1407 170 55 appropriate:
1345 1407 85 55 quia
1398 1407 95 55 pater
1462 1407 74 55 per
1504 1407 117 55 seipsum
1589 1407 64 55 et
1621 1407 74 55 per
1663 1407 106 55 verbum
1738 1407 64 55 et
1769 1407 74 55 per
1812 1407 127 55 spiritum
1897 1407 95 55 sanctum

1222 1454 135 43 operatur
1323 1454 113 43 omnia:
1402 1454 124 43 proprie
1492 1454 146 43 loquendo.
1605 1454 79 43 sed
1650 1454 135 43 operatio
1751 1454 56 43 a
1774 1454 169 43 propropatur
1909 1454 113 43 verbo.

1223 1493 69 59 eo
1257 1493 92 59 quod
1314 1493 138 59 operatio
1417 1493 80 59 est
1463 1493 80 59 per
1509 1493 149 59 virtutem:
1624 1493 80 59 per
1670 1493 92 59 quam
1727 1493 138 59 potentia
1830 1493 92 59 exit
1887 1493 69 59 in
1910 1493 92 59 actum.

1214 1532 117 61 primo
1292 1532 117 61 celi.
1370 1532 130 61 Uirtus
1461 1532 117 61 autem
1539 1532 78 61 in
1578 1532 169 61 scriptura
1709 1532 208 61 appropriatur
1878 1532 117 61 filio
1943 1532 52 61 i.

1204 1580 131 48 Corum
1291 1580 87 48 i.
1334 1580 203 48 Predicamus
1494 1580 174 48 christum
1624 1580 102 48 dei
1682 1580 116 48 vir.
1755 1580 116 48 etc.
1827 1580 116 48 Unde
1900 1580 87 48 et
1929 1580 73 48 bra

1209 1625 93 54 chiu
1267 1625 70 54 et
1302 1625 116 54 dextra
1384 1625 81 54 dei
1430 1625 116 54 patris
1512 1625 128 54 dicitur
1605 1625 128 54 filius.
1697 1625 139 54 secundum
1802 1625 105 54 Greg.
1872 1625 105 54 super
1930 1625 58 54 Iob

1220 1658 72 51 xl.
1261 1658 72 51 Sed
1302 1658 93 51 ratio
1364 1658 103 51 quaere
1436 1658 83 51 ille
1488 1658 72 51 non
1529 1658 155 51 conceduntur
1653 1658 124 51 scilicet
1746 1658 93 51 pater
1808 1658 72 51 est
1849 1658 103 51 potens
1911 1658 83 51 poten-

1218 1702 77 58 tia
1262 1702 121 58 genita.
1350 1702 77 58 vel
1394 1702 77 58 per
1438 1702 121 58 filium.
1526 1702 88 58 quia
1581 1702 132 58 secundum
1680 1702 132 58 rationem
1779 1702 176 58 intelligendi
1911 1702 77 58 prius

1221 1744 81 53 est
1268 1744 116 53 patrem
1349 1744 93 53 esse
1407 1744 70 53 et
1442 1744 93 53 esse
1500 1744 151 53 potentem:
1616 1744 93 53 quam
1674 1744 139 53 generare
1778 1744 116 53 verbu.
1860 1744 70 53 et
1895 1744 81 53 sic
1929 1744 70 53 ver-

1208 1785 94 50 bum
1261 1785 94 50 non
1315 1785 120 50 habet
1395 1785 161 50 rationem
1515 1785 94 50 vel
1569 1785 201 50 habitudinem
1730 1785 174 50 principii
1850 1785 134 50 respectu

1210 1833 126 47 potentie
1304 1833 115 47 patris.
1388 1833 73 47 Cum
1430 1833 94 47 autem
1493 1833 126 47 dicitur.
1587 1833 94 47 pater
1650 1833 73 47 est
1692 1833 105 47 potens
1766 1833 73 47 per
1808 1833 115 47 verbum.
1892 1833 73 47 vel
1934 1833 73 47 per
1965 1833 42 47 fi

1208 1876 113 45 lium.
1284 1876 75 45 ly
1322 1876 101 45 per:
1384 1876 151 45 importat
1498 1876 201 45 auctoritatem
1661 1876 75 45 et
1699 1876 189 45 habitudinem
1837 1876 151 45 principii.

1213 1918 100 48 sicut
1280 1918 133 48 dicendo.
1379 1918 89 48 Iste
1435 1918 78 48 est
1479 1918 111 48 potens
1557 1918 78 48 lic
1601 1918 100 48 diues
1668 1918 78 48 per
1712 1918 111 48 regem.
1790 1918 89 48 ergo
1846 1918 89 48 ille
1890 1918 100 48 praedte

1214 1956 84 48 sunt
1266 1956 104 48 false.
1339 1956 84 48 quia
1391 1956 104 48 sensus
1464 1956 73 48 est
1506 1956 84 48 quod
1558 1956 94 48 pater
1621 1956 94 48 habet
1683 1956 157 48 auctoritate
1809 1956 125 48 potentie
1902 1956 52 48 a
1913 1956 73 48 filio

1220 2000 75 45 vel
1263 2000 107 45 verbo.
1338 2000 64 45 et
1371 2000 75 45 sic
1414 2000 150 45 sequeretur
1532 2000 86 45 quod
1586 2000 97 45 pater
1650 2000 118 45 haberet
1736 2000 86 45 esse
1790 2000 54 45 a
1811 2000 107 45 filio.
1887 2000 86 45 quia
1930 2000 64 45 deum

1211 2038 83 49 esse
1262 2038 124 49 potentem
1356 2038 83 49 idem
1408 2038 52 49 e
1428 2038 83 49 quod
1480 2038 83 49 esse
1532 2038 83 49 etc.
1584 2038 73 49 Sed
1626 2038 73 49 cum
1667 2038 124 49 dicitur.
1760 2038 93 49 pater
1823 2038 124 49 operatur
1916 2038 73 49 per
1947 2038 52 49 fi-

1205 2082 113 50 lium.
1281 2082 75 50 ly
1318 2082 100 50 per:
1381 2082 88 50 cum
1431 2082 113 50 verbo
1507 2082 176 50 transitiuo
1645 2082 151 50 importat
1758 2082 201 50 subauentate.
1908 2082 88 50 sicut

1201 2127 188 58 dicendo.
1342 2127 110 58 Rex
1405 2127 172 58 iudicat
1530 2127 110 58 vel
1593 2127 141 58 punit
1687 2127 110 58 per
1749 2127 188 58 iudicem.
1875 2127 125 58 Subau-

1197 2169 160 44 toritas
1314 2169 131 44 autem
1401 2169 87 44 in
1445 2169 175 44 causando
1576 2169 175 44 effectum
1708 2169 117 44 bene
1780 2169 175 44 conuenit
1897 2169 102 44 filio

1218 2210 149 51 respectu
1329 2210 136 51 patris:
1428 2210 74 51 eo
1466 2210 99 51 quod
1528 2210 124 51 filius
1614 2210 112 51 habet
1689 2210 99 51 esse
1751 2210 74 51 et
1788 2210 136 51 operari
1887 2210 62 51 a
1900 2210 99 51 patre.

1201 2254 108 56 ergo
1269 2254 95 56 hec
1323 2254 95 56 est
1378 2254 122 56 vera.
1459 2254 122 56 Pater
1540 2254 163 56 operatur
1662 2254 95 56 per
1716 2254 136 56 filium
1798 2254 81 56 etc.

1194 2292 150 78 Sed
1279 2292 320 78 difficultas
1535 2292 235 78 restat.
1706 2292 128 78 An
1770 2292 214 78 filius
1899 2292 85 78 di

1208 2359 103 47 catur
1276 2359 137 47 potentia
1379 2359 126 47 genita.
1471 2359 69 47 de
1505 2359 137 47 potentia
1608 2359 80 47 vel
1653 2359 194 47 omnipotentia.
1814 2359 103 47 sicut
1871 2359 114 47 dicitur.

1216 2397 145 53 Sapientia
1327 2397 111 53 genita
1405 2397 67 53 de
1439 2397 145 53 sapientia
1550 2397 89 53 etc.
1606 2397 167 53 Respondetur
1739 2397 134 53 secundum
1839 2397 89 53 Bon.
1895 2397 89 53 quod
1939 2397 45 53 po

1201 2444 107 50 tentia
1276 2444 54 50 a
1298 2444 140 50 ppropatur
1405 2444 107 50 patri:
1480 2444 86 50 quia
1534 2444 129 50 importat
1631 2444 161 50 auctoritate
1760 2444 118 50 patris.
1845 2444 86 50 ergo
1899 2444 75 50 nec
1931 2444 54 50 per

1205 2486 182 49 propetatem
1348 2486 91 49 nec
1400 2486 91 49 per
1452 2486 221 49 appropationem
1634 2486 156 49 conuenit
1751 2486 130 49 filio.
1842 2486 143 49 proinde
1933 2486 52 49 po

1199 2528 125 44 tentia
1287 2528 88 44 non
1337 2528 138 44 dicitur
1437 2528 138 44 proprie
1537 2528 150 44 potentia
1650 2528 138 44 genita.
1750 2528 88 44 nec
1800 2528 125 44 filius
1875 2528 113 44 dicitur

1219 2570 130 44 potentia
1317 2570 65 44 de
1349 2570 130 44 potentia
1447 2570 76 44 tam
1491 2570 119 44 propte.
1577 2570 98 44 sicut
1643 2570 141 44 sapientia
1751 2570 65 44 de
1784 2570 152 44 sapientia.
1903 2570 87 44 quia
1947 2570 43 44 fi

1206 2613 81 44 lio
1253 2613 150 44 sapientia
1368 2613 92 44 bene
1426 2613 58 44 a
1449 2613 173 44 pproriatur:
1587 2613 81 44 sed
1633 2613 81 44 non
1679 2613 150 44 potentia.
1795 2613 150 44 Similiter
1910 2613 81 44 non
1945 2613 46 44 di

1201 2648 136 50 citur
1292 2648 197 50 eternitas
1443 2648 91 50 de
1488 2648 227 50 eternitate:
1670 2648 121 50 quia
1745 2648 136 50 magis
1821 2648 166 50 abstrahit

1209 2694 183 57 eternitas
1350 2694 70 57 a
1378 2694 155 57 ratione
1490 2694 169 57 originis
1617 2694 113 57 quam
1687 2694 197 57 sapientia.
1842 2694 99 57 Hec
1884 2694 99 57 Bona.

1197 2739 118 61 Ideo
1271 2739 103 61 non
1330 2739 162 61 dicitur
1448 2739 192 61 eternitas
1596 2739 148 61 genita
1684 2739 148 61 proprie.
