2247 3311
208 290 145 90 Idictoria
319 290 122 90 similis
408 290 89 90 esse
464 290 100 90 vera:
531 290 167 90 Respondetur
664 290 134 90 secundum
764 290 100 90 Rich.
831 290 78 90 ea.
876 290 78 90 di.
909 290 78 90 xlii.

208 345 121 75 primi.
292 345 72 75 q.
329 345 109 75 iiii.
401 345 97 75 quod
462 345 85 75 hoc
510 345 85 75 non
558 345 85 75 est
607 345 133 75 propter
703 345 145 75 defectum
812 345 145 75 potentie
908 345 85 75 diui-

208 407 66 56 ne
241 407 66 56 ex
274 407 99 56 parte
340 407 88 56 sui:
395 407 77 56 sed
439 407 66 56 ex
472 407 99 56 parte
538 407 209 56 contradictorii.
713 407 88 56 quia
768 407 77 56 hoc
812 407 99 56 nullo
878 407 88 56 modo
922 407 66 56 habe

219 442 161 60 rationem
339 442 255 60 possibilitatis.
554 442 121 60 Cuius
635 442 121 60 causa
715 442 94 60 non
769 442 94 60 est
823 442 107 60 alia
877 442 107 60 redden

214 488 90 56 da
259 488 119 56 nisi
333 488 119 56 quod
408 488 134 56 talis
498 488 104 56 est
557 488 149 56 natura
662 488 104 56 vel
721 488 179 56 habitudo
841 488 149 56 affirma-

204 533 145 55 tionis
306 533 87 55 et
350 533 218 55 negationis.
524 533 131 55 Sicut
611 533 87 55 si
655 533 218 55 quaereretur
829 533 131 55 Quare
902 533 87 55 omne

215 571 117 58 totum
293 571 207 58 comprehendit
461 571 129 58 partem
552 571 78 58 et
591 571 117 58 plus:
668 571 91 58 Non
720 571 91 58 est
772 571 104 58 alia
837 571 117 58 ratio
914 571 104 58 red¬

206 607 130 77 denda
292 607 115 77 nisi
364 607 115 77 quod
436 607 130 77 talis
523 607 101 77 est
580 607 144 77 natura
681 607 144 77 Totius
782 607 87 77 et
811 607 101 77 parti

257 652 107 73 ¶
299 652 150 73 Sed
385 652 171 73 quid
492 652 256 73 obsistit
684 652 128 73 in
748 652 150 73 deo
833 652 128 73 ne
876 652 107 73 pos

210 715 85 51 sit
258 715 122 51 facere
344 715 219 51 contradictoria
526 715 97 51 esse
587 715 109 51 vera:
660 715 122 51 Dunnum
745 715 97 51 quod
806 715 85 51 deo
854 715 85 51 nil
891 715 97 51 potest

213 756 153 61 resistere
331 756 130 61 quantum
425 756 82 61 est
472 756 71 61 ex
508 756 106 61 parte
579 756 118 61 deiSed
661 756 94 61 quod
720 756 212 61 contradictoria
885 756 106 61 possint

211 804 96 58 esse
271 804 96 58 vera
330 804 143 58 prohibet
438 804 96 58 hoc:
498 804 96 58 ipsa
557 804 107 58 rato.
629 804 107 58 sicut
701 804 107 58 patet
772 804 84 58 per
820 804 107 58 Augi.
892 804 96 58 li.r
939 804 48 58 de

210 848 170 53 quaestio.
341 848 92 53 ve.
393 848 79 53 ac
433 848 92 53 no.
485 848 118 53 legis
564 848 92 53 Hoc
616 848 105 53 est.
682 848 183 53 Rationalis
826 848 157 53 voluntas
931 848 52 53 di

206 889 102 50 uina
270 889 76 50 eo
308 889 102 50 quod
372 889 89 50 non
423 889 102 50 vult
486 889 89 50 nec
537 889 127 50 potest
626 889 115 50 velle
703 889 76 50 vt
741 889 89 50 duo
779 889 204 50 contradictoria

204 930 128 49 similis
297 930 128 49 possint
390 930 93 49 esse
448 930 105 49 vera.
518 930 139 49 Probatur
623 930 105 49 Primo
692 930 139 49 secundum
797 930 93 49 Ric.
855 930 116 49 supra.
925 930 58 49 sic

200 964 106 63 quia
266 964 93 63 Res
319 964 172 63 quicumque
451 964 93 63 non
504 964 132 63 potest
597 964 119 63 esse:
676 964 106 63 nisi
742 964 93 63 per
795 964 145 63 diuinum
887 964 93 63 velle

206 1016 97 47 Sic
262 1016 125 47 etiam
345 1016 97 47 non
400 1016 139 47 potest
497 1016 153 47 perdere
608 1016 125 47 esse:
692 1016 111 47 nisi
761 1016 97 47 deo
817 1016 97 47 non
858 1016 125 47 volente

207 1052 106 57 ipam
273 1052 119 57 esse.
352 1052 159 57 Sequitur
471 1052 106 57 ergo
537 1052 106 57 quod
604 1052 79 57 Si
643 1052 106 57 deus
709 1052 132 57 posset
802 1052 132 57 facere
881 1052 106 57 eandem

202 1104 75 50 rem
245 1104 118 50 similis
331 1104 86 50 esse
384 1104 64 50 et
416 1104 75 50 non
459 1104 96 50 esse:
524 1104 107 50 posset
599 1104 96 50 illud
663 1104 64 50 et
695 1104 96 50 velle
759 1104 64 50 et
791 1104 75 50 non
834 1104 96 50 velle
888 1104 96 50 similis

200 1139 80 58 Et
240 1139 93 58 ita
293 1139 107 58 deus
360 1139 134 58 posset
453 1139 107 58 sibi
520 1139 107 58 ipsi
587 1139 107 58 esse
654 1139 174 58 contrius.
787 1139 107 58 quod
854 1139 93 58 est
894 1139 80 58 impo

205 1179 156 60 sibile.
318 1179 114 60 ergo
389 1179 128 60 patet
474 1179 213 60 propositum.
645 1179 99 60 Hec
701 1179 85 60 ex
744 1179 128 60 Rich.
829 1179 71 60 ¶
857 1179 85 60 Si
886 1179 85 60 adhu

193 1226 149 57 obiicias.
307 1226 92 57 quia
364 1226 126 57 constat
456 1226 92 57 quod
513 1226 92 57 deus
571 1226 115 57 potest
651 1226 149 57 distruere
765 1226 103 57 omnem
834 1226 137 57 propatin
926 1226 57 57 est

190 1259 67 62 et
223 1259 90 62 omne
279 1259 123 62 dictum.
369 1259 168 62 Respondetur
503 1259 134 62 secundum
604 1259 78 62 Bon
649 1259 67 62 e.
682 1259 78 62 di.
727 1259 101 62 xlii.
794 1259 67 62 q.
828 1259 90 62 iii.
883 1259 90 62 Quod
928 1259 45 62 de

196 1309 69 52 us
230 1309 92 52 bene
287 1309 114 52 potest
367 1309 149 52 destruere
482 1309 103 52 omnem
550 1309 183 52 propationem:
699 1309 80 52 sed
745 1309 103 52 salua
814 1309 160 52 propatione
928 1309 46 52 et

196 1349 89 54 eius
252 1349 201 54 signifcatione:
419 1349 78 54 non
464 1349 112 54 potest
542 1349 112 54 facere
620 1349 100 54 ipsam
687 1349 134 54 omnionem
787 1349 123 54 similis
877 1349 89 54 esse
921 1349 56 54 ve-

192 1387 82 67 ram
239 1387 70 67 et
274 1387 117 67 felam.
356 1387 93 67 quia
414 1387 93 67 Deus
472 1387 117 67 primam
554 1387 152 67 veritatem
671 1387 140 67 scilicet
776 1387 128 67 diuinam
869 1387 93 67 quae
916 1387 58 67 est

195 1440 118 59 eterna
278 1440 71 59 et
313 1440 224 59 incommutabilis:
502 1440 83 59 non
549 1440 118 59 potest
632 1440 153 59 dstruere.
750 1440 106 59 sicut
821 1440 83 59 nec
856 1440 118 59 seipstum

191 1479 185 56 destruere
333 1479 100 56 vel
390 1479 157 56 negare.
504 1479 85 56 vt
547 1479 128 56 dicit
632 1479 199 56 Apistolus.
789 1479 85 56 ii
832 1479 114 56 Tim.
903 1479 85 56 ii

182 1528 88 45 non
233 1528 126 45 potest
321 1528 276 45 contradictoria(que
559 1528 75 45 in
597 1528 126 45 primis
685 1528 176 45 principiis
823 1528 75 45 et
861 1528 75 45 in
886 1528 88 45 veri-

181 1567 104 68 tate
246 1567 130 68 diuina
337 1567 91 68 sic
389 1567 91 68 fun
441 1567 130 68 dantur
532 1567 78 68 vt
571 1567 143 68 similis
676 1567 91 68 non
728 1567 143 68 possint
832 1567 104 68 esse
884 1567 91 68 vera-

195 1603 198 66 verificare.
340 1603 79 66 etc.

249 1634 110 98 ¶
293 1634 197 98 Utrum
424 1634 175 98 deus
534 1634 219 98 possit
687 1634 219 98 facere
819 1634 153 98 oppo-

195 1705 104 65 sita
260 1705 117 65 alia:
338 1705 143 65 praeter
442 1705 234 65 contradictoria
637 1705 78 65 vt
676 1705 104 65 sint
741 1705 221 65 compossibilia
910 1705 52 65 in

180 1760 133 41 eodem
269 1760 178 41 subiecto
402 1760 104 41 vel
462 1760 207 41 supposito:
624 1760 74 41 ¶
654 1760 89 41 Et
698 1760 178 41 arguitur
832 1760 118 41 quod
891 1760 74 41 sic

184 1799 154 49 Primo
286 1799 102 49 ex
338 1799 188 49 casibus
474 1799 273 49 theologicis.
696 1799 137 49 Quia
781 1799 137 49 deus
850 1799 119 49 fecit

192 1842 72 50 vt
228 1842 107 50 vergo
299 1842 155 50 concipiat
419 1842 72 50 et
455 1842 131 50 pariat.
550 1842 72 50 Et
586 1842 107 50 vergo
658 1842 84 50 sit
705 1842 72 50 et
741 1842 143 50 montiter
837 1842 107 50 similis

184 1880 103 58 sunt
248 1880 167 58 opposita.
376 1880 90 58 Sed
428 1880 77 58 ad
466 1880 90 58 hoc
517 1880 192 58 respondetur
671 1880 154 58 secundum
787 1880 103 58 Bon.
851 1880 90 58 ea.
889 1880 77 58 dis.

178 1926 101 54 xlii.
245 1926 90 54 quod
301 1926 90 54 ista
357 1926 78 54 non
402 1926 90 54 sunt
458 1926 134 54 opposita
559 1926 78 54 vel
604 1926 112 54 contra
682 1926 67 54 ia
716 1926 78 54 etc
760 1926 90 54 nisi
816 1926 134 54 secundum
906 1926 56 54 cur

185 1961 90 57 sum
237 1961 129 57 nature
327 1961 167 57 communem.
456 1961 103 57 quem
520 1961 103 57 deus
584 1961 103 57 bene
649 1961 129 57 potest
739 1961 129 57 mutare
816 1961 142 57 miraculo-

183 2003 102 63 se.
242 2003 102 63 Sed
300 2003 88 63 vt
344 2003 146 63 Hieron
447 2003 146 63 dicit:
549 2003 117 63 Deus
622 2003 88 63 de
666 2003 176 63 corrupta
798 2003 102 63 non
842 2003 117 63 potest

184 2049 96 60 face
244 2049 72 60 re
280 2049 156 60 verginem.
400 2049 96 60 quia
460 2049 84 60 hoc
508 2049 144 60 includit
615 2049 240 60 contradictionem.
819 2049 132 60 videlet
903 2049 60 60 Pre

177 2096 134 53 teritum
274 2096 85 53 non
323 2096 98 53 esse
384 2096 159 53 pteritum.
506 2096 98 53 quia
567 2096 73 53 ly
604 2096 159 53 Corrupta:
726 2096 110 53 dicit
787 2096 171 53 praeteritum.

219 2131 98 55 Item
280 2131 74 55 In
317 2131 135 55 christo
415 2131 98 55 sunt
476 2131 86 55 duo
525 2131 147 55 opposita
635 2131 147 55 scilicet
746 2131 98 55 Deus
807 2131 74 55 et
844 2131 110 55 homo.
905 2131 49 55 et

170 2179 90 46 lic
221 2179 103 46 Idem
286 2179 103 46 esse
350 2179 141 46 Eternum
452 2179 77 46 et
491 2179 179 46 temporale.
632 2179 77 46 Ex
670 2179 128 46 quibus
760 2179 154 46 sequitur
862 2179 90 46 etiam

179 2218 199 54 contradictoria
344 2218 55 54 .
366 2218 88 54 ¶cet
422 2218 143 54 Passibile
532 2218 66 54 et
565 2218 176 54 impassibile.
708 2218 66 54 et
741 2218 154 54 huiusmodi.
852 2218 110 54 Responde

189 2256 94 62 detur
251 2256 125 62 secundum
345 2256 84 62 Tho.
397 2256 63 62 e.
429 2256 84 62 dis.
481 2256 94 62 xlii.
544 2256 63 62 et
575 2256 84 62 doc.
627 2256 84 62 quod
679 2256 73 62 hoc
721 2256 73 62 est
763 2256 125 62 secundum
857 2256 94 62 aliam
909 2256 42 62 et

172 2303 100 58 aliam
238 2303 133 58 naturam.
338 2303 67 58 et
371 2303 78 58 non
416 2303 133 58 secundum
516 2303 100 58 idem.
582 2303 89 58 ergo
638 2303 78 58 hoc
682 2303 89 58 bene
737 2303 111 58 potest
815 2303 100 58 fieri
881 2303 67 58 vt
904 2303 55 58 duo

177 2342 151 54 opposita
290 2342 88 54 vel
341 2342 151 54 contraia
454 2342 126 54 insint
542 2342 126 54 eidem.
630 2342 88 54 non
680 2342 151 54 secundum
793 2342 113 54 idem.
868 2342 88 54 Nam
906 2342 50 54 et

172 2388 122 53 natura
257 2388 122 53 potest
342 2388 85 53 sic
391 2388 170 53 coniungere
525 2388 134 53 contria
622 2388 73 53 in
659 2388 85 53 eod
708 2388 170 53 supposito.
842 2388 73 53 vt
866 2388 73 53 quod

175 2425 87 58 homo
230 2425 77 58 sit
273 2425 164 58 spiritualis
405 2425 66 58 et
437 2425 175 58 icorruptibil
579 2425 131 58 secundum
678 2425 109 58 animam
754 2425 164 58 rationalem.
885 2425 66 58 et
907 2425 55 58 cor

169 2467 193 64 ruptibilis
321 2467 166 64 secundum
432 2467 124 64 corpus.

150 2515 111 105 ¶
194 2515 244 105 Secundo
372 2515 266 105 arguitur
571 2515 133 105 ex
638 2515 244 105 casibus
793 2515 155 105 physi

184 2591 82 72 cis
231 2591 94 72 quas
290 2591 106 72 Rich.
360 2591 70 72 e.
395 2591 70 72 d.
431 2591 106 72 xlii.
501 2591 70 72 q.
536 2591 106 72 iiii.
607 2591 129 72 iducit:
701 2591 82 72 sed
748 2591 106 72 causa
806 2591 141 72 brevitatis

180 2640 116 66 aliis
257 2640 154 66 omissis:
373 2640 141 66 aliquos
476 2640 180 66 tantummodo
617 2640 90 66 hoc
668 2640 180 66 proponamus
810 2640 64 66 ¶
835 2640 103 66 Unus
887 2640 51 66 ca

182 2682 77 61 sus
226 2682 77 61 est
270 2682 88 61 quia
325 2682 110 61 Anslm.
401 2682 77 61 li.
445 2682 66 61 de
478 2682 176 61 concordantia
621 2682 132 61 praescie
720 2682 66 61 et
753 2682 77 61 li.
796 2682 77 61 ar.
840 2682 99 61 dicit
895 2682 55 61 Que

183 2723 129 76 inquit
273 2723 116 76 magus
351 2723 155 76 opposita
467 2723 103 76 sint
531 2723 103 76 quam
595 2723 116 76 Adire
673 2723 77 76 et
711 2723 129 76 Abire:
801 2723 77 76 et
840 2723 116 76 tamen
904 2723 52 76 vi

1049 325 114 66 demus
1125 325 101 66 quod
1188 325 88 66 cum
1239 325 139 66 transit
1339 325 139 66 aliquis
1440 325 76 66 de
1478 325 101 66 loco
1541 325 76 66 ad
1579 325 126 66 locum.
1667 325 101 66 tunc
1730 325 101 66 idem
1781 325 63 66 est

1056 381 109 49 eidem
1128 381 109 49 adire
1201 381 72 49 et
1237 381 121 49 abire.
1322 381 97 49 ergo
1382 381 145 49 opposita
1491 381 133 49 similis
1587 381 169 49 conueniunt
1720 381 121 49 eidem.
1793 381 48 49 Si

1058 415 89 66 ergo
1114 415 78 66 hoc
1158 415 78 66 fit
1203 415 67 66 in
1237 415 168 66 naturalibus
1371 415 134 66 sequitur
1471 415 89 66 quod
1527 415 89 66 deus
1583 415 112 66 potest
1661 415 101 66 multo
1717 415 112 66 fortitus

1060 468 138 56 opposita
1163 468 127 56 similis
1255 468 115 56 inesse
1336 468 115 56 eidem.
1416 468 81 56 Sed
1462 468 69 56 ad
1497 468 81 56 hoc
1543 468 127 56 reontnt
1635 468 92 56 Ric.
1692 468 115 56 supra.
1761 468 69 56 quod

1056 509 116 54 adire
1134 509 78 54 et
1172 509 116 54 abire
1250 509 103 54 sunt
1314 509 168 54 opposita:
1444 509 90 54 nec
1495 509 142 54 possunt
1599 509 142 54 similis
1702 509 129 54 inesse
1779 509 65 54 ei-

1050 544 103 65 dem
1109 544 176 65 respectu
1241 544 162 65 eiusdem
1359 544 176 65 termini.
1491 544 103 65 sed
1550 544 88 65 in
1594 544 118 65 dcon
1668 544 118 65 casu
1726 544 118 65 insunt

1058 591 120 59 eidem
1138 591 160 59 respectu
1258 591 160 59 alterius
1378 591 80 59 et
1419 591 160 59 alterius
1539 591 160 59 termini.
1659 591 94 59 Nam
1713 591 120 59 adire
1780 591 53 59 eo

1056 630 90 62 ad
1101 630 180 62 terminum
1236 630 90 62 ad
1281 630 135 62 quem.
1371 630 105 62 sed
1431 630 135 62 abire
1521 630 105 62 est
1581 630 180 62 respectu
1701 630 135 62 termini

1058 672 66 62 a
1084 672 105 62 quo.
1150 672 105 62 ergo
1216 672 158 62 respectu
1334 672 184 62 diuersorum
1478 672 184 62 terminorum
1623 672 92 62 non
1662 672 171 62 opponuntur.

1055 709 65 69 ¶
1081 709 155 69 Secundus
1197 709 116 69 casus
1275 709 91 69 est
1327 709 168 69 secundum.
1456 709 78 69 e.
1495 709 116 69 Rich.
1572 709 155 69 Proiecta
1689 709 103 69 pila
1753 709 78 69 in
1779 709 52 69 pa

1059 762 114 53 riete
1136 762 76 53 in
1174 762 114 53 eodem
1250 762 153 53 instanti
1364 762 102 53 quae
1428 762 114 53 adest
1504 762 153 53 perieti:
1619 762 114 53 abest
1695 762 127 53 eidem.
1771 762 64 53 sed

1057 797 106 66 adesse
1132 797 64 66 et
1164 797 96 66 abeem
1228 797 64 66 se
1259 797 128 66 contria.
1355 797 85 66 ergo
1408 797 106 66 mlorio
1483 797 117 66 fortius
1568 797 85 66 deus
1621 797 106 66 potest
1695 797 106 66 facere
1759 797 64 66 quod

1064 837 99 60 cnria
1130 837 121 60 similis
1218 837 110 60 insint
1294 837 110 60 eidem.
1371 837 66 60 Ad
1404 837 77 60 hoc
1448 837 88 60 idem
1503 837 99 60 Rich.
1569 837 132 60 seontunt
1667 837 88 60 quod
1722 837 110 60 quidam
1788 837 44 60 di

1057 889 95 58 cunt
1116 889 106 58 pilam
1187 889 83 58 ibi
1234 889 154 58 quiescere
1353 889 130 58 tempore
1447 889 224 58 imperceptibili.
1636 889 95 58 quia
1695 889 118 58 virtus
1766 889 71 58 per-

1059 930 121 58 quam
1135 930 136 58 adhuc
1226 930 152 58 potrat
1332 930 152 58 moueri
1438 930 91 58 in
1483 930 182 58 directum
1620 930 121 58 nisi
1680 930 152 58 obstaret

1053 968 129 63 paries.
1147 968 82 63 non
1194 968 82 63 ita
1241 968 94 63 cito
1300 968 118 63 potest
1382 968 71 63 in
1418 968 71 63 eo
1453 968 129 63 causare
1547 968 106 63 motum
1617 968 153 63 reflexum.
1735 968 71 63 Et
1758 968 71 63 quia

1049 1011 183 60 philosophus.
1197 1011 92 60 vii.
1255 1011 114 60 physi.
1335 1011 103 60 dicit
1403 1011 92 60 quod
1460 1011 126 60 necesse
1552 1011 80 60 est
1598 1011 103 60 omnem
1666 1011 103 60 motum
1724 1011 114 60 reflexum

1057 1053 83 51 dum
1104 1053 177 51 reflectitur
1246 1053 118 51 stare.
1329 1053 83 51 sed
1377 1053 106 51 motus
1448 1053 189 51 interpolatus
1601 1053 118 51 quiete
1684 1053 83 51 non
1731 1053 83 51 est
1767 1053 59 51 con

1048 1093 119 54 tinuus
1131 1093 71 54 vt
1167 1093 119 54 ibidem
1250 1093 95 54 het.
1309 1093 71 54 et
1345 1093 83 54 per
1392 1093 166 54 consequens
1523 1093 83 54 non
1570 1093 142 54 secundum
1677 1093 119 54 eundem
1748 1093 83 54 motum

1051 1138 110 59 adest
1124 1138 98 59 pila
1185 1138 73 59 et
1222 1138 122 59 abest:
1307 1138 85 59 nec
1356 1138 85 59 pro
1405 1138 110 59 eodem
1478 1138 159 59 instanti:
1600 1138 85 59 sed
1649 1138 146 59 secundum
1747 1138 85 59 diuer

1054 1172 82 69 sa.
1101 1172 94 69 Quod
1160 1172 70 69 si
1195 1172 94 69 pila
1254 1172 82 69 ibi
1301 1172 82 69 non
1348 1172 153 69 quiescit.
1465 1172 94 69 tunc
1524 1172 141 69 dicendum
1629 1172 94 69 quod
1688 1172 82 69 non
1735 1172 82 69 per
1770 1172 59 69 ean

1050 1219 83 59 dem
1098 1219 118 59 lineam
1180 1219 107 59 motus
1252 1219 166 59 reuertitur
1382 1219 83 59 sed
1429 1219 83 59 per
1477 1219 118 59 aliam.
1560 1219 83 59 ita
1607 1219 95 59 quod
1666 1219 154 59 processus
1773 1219 59 59 pi-

1042 1257 79 68 le
1081 1257 79 68 ad
1121 1257 172 68 perictem:
1253 1257 79 68 et
1293 1257 106 68 inde
1359 1257 225 68 retrogressio.
1544 1257 119 68 totum
1623 1257 93 68 hoc
1676 1257 93 68 est
1729 1257 106 68 vnus
1782 1257 53 68 mo

1046 1303 93 56 tus
1099 1303 186 56 continuus.
1245 1303 80 56 et
1284 1303 93 56 sic
1337 1303 106 56 pila
1404 1303 93 56 non
1457 1303 159 56 signauit
1576 1303 146 56 aliquem
1682 1303 80 56 in
1709 1303 119 56 periete

1054 1342 110 64 locum.
1131 1342 77 64 nec
1175 1342 77 64 per
1219 1342 154 64 consequens
1341 1342 121 64 instans
1429 1342 66 64 in
1462 1342 88 64 actu
1517 1342 77 64 quo
1561 1342 121 64 adesset
1650 1342 121 64 similis
1738 1342 66 64 et
1760 1342 66 64 rece

1051 1382 121 61 deret:
1136 1382 85 61 sed
1184 1382 109 61 esset
1257 1382 158 61 successio
1379 1382 219 61 continuitatis.
1561 1382 97 61 Unde
1622 1382 85 61 non
1670 1382 109 61 adest
1743 1382 73 61 et
1767 1382 49 61 al

1045 1435 86 52 est
1094 1435 135 52 similis
1192 1435 74 52 in
1229 1435 111 52 eodem
1303 1435 160 52 instanti.
1426 1435 86 52 cum
1475 1435 111 52 inter
1549 1435 148 52 quilibet
1660 1435 86 52 duo
1697 1435 135 52 instantia

1041 1466 93 62 sit
1094 1466 133 62 tempus
1187 1466 146 62 medium.
1293 1466 93 62 vi.
1346 1466 133 62 physi.
1440 1466 80 62 et
1479 1466 120 62 inter
1559 1466 160 62 quilibet
1679 1466 93 62 duo
1719 1466 106 62 puncta

1043 1509 158 63 continui
1161 1509 92 63 sit
1214 1509 105 63 dare
1280 1509 119 63 mediu
1359 1509 105 63 etc.
1425 1509 66 63 ¶
1451 1509 145 63 Tertius
1557 1509 119 63 casus
1636 1509 158 63 secundum
1741 1509 79 63 eum.

1053 1550 121 66 Rich.
1133 1550 108 66 Dato
1201 1550 108 66 quod
1268 1550 108 66 faba
1335 1550 202 66 proiiciatur
1497 1550 135 66 sursum
1591 1550 81 66 et
1632 1550 135 66 obuiet
1712 1550 108 66 lapidi

1033 1597 143 58 molari
1133 1597 228 58 descendenti.
1318 1597 114 58 tunc
1389 1597 214 58 superficies
1560 1597 114 58 fabe
1632 1597 86 58 et
1674 1597 114 58 mole
1731 1597 86 58 iun-

1035 1643 128 51 gentur
1125 1643 77 51 in
1163 1643 128 51 aliquo
1253 1643 205 51 indiuisibili
1419 1643 115 51 aeris
1496 1643 77 51 in
1534 1643 128 51 aliquo
1623 1643 166 51 instanti.
1751 1643 77 51 et
1777 1643 51 51 in

1035 1687 118 53 eodem
1114 1687 158 53 instanti
1232 1687 79 53 ab
1272 1687 105 53 illo
1337 1687 210 53 indiuisibili
1508 1687 197 53 separantur.
1666 1687 132 53 aliter
1745 1687 79 53 faba

1037 1721 175 58 ascendens
1171 1721 148 58 facerem
1279 1721 148 58 lapidem
1386 1721 215 58 descendentem
1561 1721 188 58 quiescere:
1709 1721 108 58 quod
1763 1721 67 58 ab-

1036 1764 113 63 surdum
1115 1764 136 63 videtur.
1217 1764 136 63 Sequitur
1319 1764 91 63 ergo
1376 1764 91 63 quod
1433 1764 68 63 in
1467 1764 147 63 poteatate
1580 1764 113 63 creata
1659 1764 102 63 simil
1716 1764 102 63 contria

1044 1814 103 53 ossunt
1116 1814 103 53 ineem.
1187 1814 62 53 et
1218 1814 72 53 per
1259 1814 144 53 consequens
1372 1814 113 53 fortius
1454 1814 62 53 in
1485 1814 133 53 potestate
1587 1814 113 53 divina.
1669 1814 133 53 Respondet
1761 1814 62 53 idem

1050 1844 101 67 Ric.
1114 1844 101 67 quod
1177 1844 101 67 faba
1240 1844 88 67 non
1290 1844 88 67 fac
1341 1844 126 67 lapide
1429 1844 114 67 illum
1505 1844 177 67 quiescere.
1644 1844 88 67 nec
1695 1844 76 67 ex
1733 1844 88 67 hoc
1770 1844 51 67 se

1038 1896 99 57 quitur
1107 1896 99 57 aliqua
1177 1896 168 57 contradictio.
1315 1896 79 57 quia
1364 1896 89 57 sicut
1424 1896 69 57 non
1463 1896 69 57 est
1503 1896 158 57 contradictio
1631 1896 79 57 quod
1681 1896 109 57 aliquid
1750 1896 69 57 quie-

1036 1932 93 60 scat
1095 1932 82 60 per
1141 1932 82 60 se:
1188 1932 70 60 et
1223 1932 140 60 moueatur
1328 1932 82 60 per
1375 1932 152 60 accisens.
1492 1932 70 60 vt
1527 1932 105 60 patet
1597 1932 70 60 de
1632 1932 117 60 homine
1702 1932 117 60 quiescen

1035 1978 77 55 te
1074 1978 77 55 in
1112 1978 102 55 naui
1176 1978 115 55 mota:
1253 1978 90 55 ita
1304 1978 90 55 non
1355 1978 90 55 est
1406 1978 218 55 contradictio.
1586 1978 102 55 quod
1650 1978 102 55 faba
1701 1978 115 55 obuians

1029 2019 132 52 lapidi
1121 2019 93 52 per
1174 2019 119 52 motum
1254 2019 132 52 illius
1347 2019 185 52 reuertatur
1492 2019 106 52 sine
1558 2019 146 52 tempore
1651 2019 159 52 intermedio

1037 2061 101 59 inter
1104 2061 90 59 suum
1160 2061 135 59 ascensum
1262 2061 67 59 et
1295 2061 157 59 descensum:
1419 2061 124 59 quamuis
1509 2061 67 59 de
1543 2061 169 59 necessitate
1678 2061 79 59 per
1723 2061 67 59 se
1745 2061 79 59 quae-

1035 2103 127 56 escere
1124 2103 140 56 cogatur
1226 2103 76 56 et
1265 2103 153 56 reuerti.
1379 2103 76 56 et
1417 2103 89 56 ita
1468 2103 115 56 patet
1545 2103 102 56 quod
1608 2103 191 56 superficies
1749 2103 76 56 fabe

1021 2152 104 66 non
1081 2152 179 66 signauit
1215 2152 89 66 in
1260 2152 119 66 actu
1334 2152 164 66 aliquod
1453 2152 238 66 indiuisibile
1647 2152 89 66 in
1692 2152 119 66 ipso
1751 2152 75 66 spa

1030 2193 102 52 cio
1089 2193 146 52 anquam
1191 2193 220 52 reuertatur.
1367 2193 102 52 Hec
1426 2193 88 52 ex
1470 2193 132 52 Rich.
1543 2193 190 52 sufficiant.

1012 2252 99 73 ¶
1052 2252 178 73 Utrum
1171 2252 159 73 deus
1270 2252 198 73 possit
1409 2252 198 73 facere
1547 2252 159 73 quod
1627 2252 198 73 praeteri

1028 2313 94 59 tum
1081 2313 94 59 non
1135 2313 148 59 fuerit:
1243 2313 81 59 Ad
1283 2313 94 59 hoc
1337 2313 202 59 respondendo
1499 2313 121 59 Nota.
1580 2313 108 59 quod
1647 2313 148 59 quamuis
1741 2313 81 59 Gil-

1025 2357 126 54 bertus
1114 2357 177 54 porritanus
1253 2357 189 54 opientiatus
1404 2357 139 54 fuerit.
1505 2357 101 54 quod
1568 2357 101 54 deus
1631 2357 126 54 posset
1707 2357 101 54 facere

1024 2398 97 56 super
1089 2398 161 56 impossibile
1217 2398 75 56 per
1260 2398 118 56 acciss.
1346 2398 97 56 sicut
1410 2398 75 56 est
1453 2398 64 56 in
1485 2398 150 56 proposito.
1603 2398 64 56 et
1635 2398 107 56 dicit.
1711 2398 86 56 quod
1753 2398 54 56 cum

1019 2441 134 62 Hiero.
1112 2441 94 62 ait
1166 2441 80 62 ad
1206 2441 134 62 Eusto.
1300 2441 107 62 deus
1366 2441 94 62 non
1420 2441 134 62 potest
1514 2441 94 62 die
1567 2441 161 62 corrupta
1674 2441 134 62 verginem

1021 2489 135 57 facere.
1119 2489 123 57 Hmodoi
1205 2489 98 57 dcam
1266 2489 123 57 dicunt
1352 2489 86 57 sic
1402 2489 172 57 intelligi.
1537 2489 98 57 quod
1598 2489 98 57 deus
1660 2489 86 57 non
1696 2489 111 57 potest.

1021 2529 87 59 id
1065 2529 102 59 est
1123 2529 102 59 non
1181 2529 174 59 ostendit
1312 2529 87 59 se
1356 2529 145 59 posse.
1457 2529 87 59 eo
1501 2529 116 59 quod
1574 2529 102 59 non
1632 2529 160 59 apparet
1733 2529 73 59 hoc

1006 2577 154 56 fecisse
1118 2577 126 56 sicut
1202 2577 126 56 etiam
1287 2577 112 56 Anl.
1357 2577 126 56 dicit
1441 2577 112 56 quod
1511 2577 112 56 deus
1581 2577 140 56 nequit
1680 2577 84 56 de
1708 2577 98 56 trun-

1010 2615 85 58 co
1052 2615 142 58 facere
1152 2615 156 58 vitulum
1265 2615 85 58 id
1308 2615 99 58 est
1364 2615 128 58 adhuc
1449 2615 99 58 non
1506 2615 142 58 ondit.
1605 2615 128 58 licet
1676 2615 128 58 possit.

1000 2659 123 51 Sed
1071 2659 158 51 salua
1176 2659 246 51 reuerentia
1370 2659 123 51 sua
1440 2659 211 51 dicendum
1598 2659 105 51 ac
1633 2659 176 51 tenendum

1004 2702 101 46 est
1061 2702 87 46 vt
1105 2702 130 46 dicit
1191 2702 130 46 Bona.
1278 2702 87 46 in
1321 2702 130 46 primo
1408 2702 101 46 di.
1466 2702 130 46 xlii.
1552 2702 130 46 Sicut
1639 2702 144 46 dicunt
1726 2702 72 46 con

1011 2740 132 71 muniter
1107 2740 120 71 sancti
1191 2740 72 71 et
1228 2740 144 71 theologi
1336 2740 72 71 ac
1372 2740 180 71 philosophi:
1516 2740 72 71 in
1552 2740 84 71 hoc
1600 2740 120 71 concor
1685 2740 96 71 quod
1733 2740 72 71 deus
