2242 3308
206 305 115 79 non
271 305 164 79 posset
386 305 230 79 mensurari.
567 305 115 79 Nec
633 305 148 79 talis
732 305 214 79 multitudo
880 305 115 79 esset

200 371 84 61 in
242 371 140 61 genere
340 371 209 61 quantitatis
507 371 168 61 discrete
633 371 112 61 nisi
703 371 98 61 per
759 371 209 61 reductionem
912 371 70 61 sic

207 416 87 52 et
251 416 146 52 vnitas
353 416 102 52 qui
411 416 102 52 non
469 416 102 52 est
528 416 160 52 numerus
644 416 102 52 nec
702 416 189 52 quantitas
833 416 146 52 discreta

198 458 120 50 nisi
273 458 210 50 reductiue.
438 458 120 50 Etsi
513 458 225 50 subtraheret
694 458 120 50 deus
769 458 120 50 vnum
829 458 150 50 denarium

198 507 162 48 numerum
316 507 74 48 a
346 507 118 48 tali
420 507 221 48 multitudine
597 507 103 48 vel
656 507 251 48 quantancumque
847 507 133 48 finitam

193 551 267 52 multitudinem
411 551 150 52 adhuc
511 551 134 52 illa
595 551 217 52 miltitudo
762 551 217 52 remaneret
912 551 67 52 in

191 582 159 50 finita
303 582 96 50 et
350 582 96 50 in
398 582 143 50 nullo
494 582 175 50 penitus
621 582 191 50 minorata
765 582 191 50 alioquin
892 582 96 50 ille

196 627 132 48 vnus
279 627 199 48 denarius
428 627 232 48 subtractus
610 627 265 48 constituebat
825 627 149 48 illam
908 627 83 48 mul

193 670 188 52 titudinem
337 670 203 52 infinitam.
497 670 87 52 Et
540 670 101 52 sic
598 670 116 52 illa
670 670 101 52 non
728 670 159 52 fuisset
830 670 159 52 infinita.

197 712 128 55 Unde
277 712 144 55 sicut
373 712 128 55 mare
453 712 112 55 quo
517 712 96 55 ad
565 712 112 55 nos
630 712 112 55 non
694 712 208 55 minoratur
854 712 112 55 per
902 712 80 55 mis

208 751 90 53 le
253 751 149 53 guttas
357 751 224 53 subtractas:
537 751 105 53 nec
597 751 164 53 augetur
716 751 105 53 per
776 751 194 53 appositas
910 751 75 53 Sic

202 795 83 53 in
244 795 194 53 proposito.
397 795 139 53 Tertum
494 795 97 53 est
549 795 111 53 enim
619 795 111 53 quod
688 795 111 53 deus
758 795 139 53 posset
841 795 139 53 annihila

209 847 96 41 re
257 847 143 41 talis
352 847 127 41 aque
432 847 143 41 mille
527 847 175 41 guttas:
655 847 96 41 et
703 847 143 41 tamen
798 847 143 41 adhuc
878 847 111 41 rema-

203 886 145 46 neret
300 886 209 46 infinita.
461 886 129 46 Item
541 886 161 46 postea
654 886 161 46 posset
767 886 145 46 illas
863 886 161 46 easdem

197 927 156 50 guttas
306 927 203 50 reparare.
462 927 93 50 Et
509 927 156 50 preter
618 927 125 50 hanc
696 927 140 50 totam
789 927 156 50 posset
883 927 109 50 aliam

200 963 119 53 aquam
279 963 171 53 infinitam
411 963 145 53 creare:
516 963 79 53 et
556 963 92 53 sic
609 963 79 53 in
648 963 185 53 infinities
793 963 185 53 infinitum:
925 963 66 53 ita

199 1016 118 44 quod
273 1016 162 44 nunquam
391 1016 162 44 haberet
509 1016 147 44 statum
612 1016 118 44 quin
685 1016 133 44 vltra
774 1016 147 44 possit
862 1016 118 44 addere

214 1045 122 56 Item
290 1045 243 56 quantacumque
487 1045 152 56 finita
594 1045 106 56 vel
655 1045 228 56 determinata
822 1045 167 56 quantitas

197 1087 271 57 subtraheretur
420 1087 96 57 ab
468 1087 128 57 illa
548 1087 239 57 multitudine
740 1087 207 57 infinita:
883 1087 112 57 adhuc

199 1142 177 50 remaneret
335 1142 177 50 infinita:
471 1142 95 50 ita
526 1142 109 50 quod
594 1142 95 50 ibi
648 1142 109 50 sunt
716 1142 190 50 infinities
852 1142 136 50 infinita

202 1176 179 56 Similiter
340 1176 83 56 et
381 1176 165 56 continuo
505 1176 165 56 infinito
629 1176 69 56 ¶
656 1176 83 56 Si
697 1176 138 56 dicas.
794 1176 165 56 sequitur
904 1176 83 56 ergo

193 1215 108 48 quod
261 1215 108 48 erit
329 1215 136 48 tantum
424 1215 108 48 quod
492 1215 122 48 maius
573 1215 163 48 cogitari
695 1215 95 48 non
749 1215 136 48 potest
844 1215 81 48 et
885 1215 95 48 sic
926 1215 54 48 eu

210 1259 104 51 bitur
280 1259 93 51 deo.
338 1259 174 51 Respondetur
477 1259 139 51 secundum
582 1259 70 51 e.
616 1259 104 51 Fran.
686 1259 93 51 quod
744 1259 81 51 non
790 1259 162 51 equabitur:
906 1259 70 51 quod

203 1306 105 47 ista
268 1306 92 47 est
321 1306 170 47 infinitas
452 1306 157 47 secundum
570 1306 105 47 quid
635 1306 79 47 et
675 1306 79 47 in
714 1306 131 47 genere
806 1306 131 47 finito
897 1306 79 47 et
923 1306 66 47 li-

202 1344 142 54 mitata
301 1344 142 54 specie
400 1344 170 54 existit.
528 1344 85 54 Et
571 1344 99 54 sic
627 1344 99 54 non
684 1344 99 54 est
741 1344 156 54 equalis
840 1344 142 54 infinita

203 1390 87 60 ti
246 1390 101 60 dei
304 1390 101 60 que
362 1390 101 60 est
419 1390 231 60 transcendens
607 1390 87 60 et
651 1390 188 60 totaliter
795 1390 173 60 alterius
911 1390 72 60 ra-

199 1430 151 47 tionis
305 1430 91 47 ab
350 1430 121 47 ista
425 1430 226 47 infinitate.
606 1430 106 47 Hec
667 1430 136 47 omnia
757 1430 91 47 ex
787 1430 106 47 Fran.

229 1473 115 100 ¶
275 1473 206 100 Utrum
413 1473 184 100 deus
527 1473 229 100 possit
688 1473 229 100 facere
825 1473 161 100 actu-

203 1549 132 61 aliter
295 1549 145 61 innitum
401 1549 185 61 intensiue:
546 1549 92 61 Pro
599 1549 106 61 ista
665 1549 185 61 quaestione
810 1549 106 61 prio
863 1549 132 61 notandum

202 1603 97 51 est
257 1603 110 51 quod
326 1603 179 51 infinitum
464 1603 152 51 dicitur
574 1603 165 51 quattuor
699 1603 124 51 modis
781 1603 165 51 secundum
892 1603 97 51 Fran.

196 1641 141 47 supra.
295 1641 99 47 Uno
351 1641 113 47 modo
421 1641 183 47 extensiue
562 1641 169 47 secundum
689 1641 225 47 magnitudinem
872 1641 99 47 vel
915 1641 70 47 com

209 1684 129 48 tinuam
300 1684 207 48 quantitatem.
468 1684 142 48 Secundo
571 1684 103 48 modo
636 1684 168 48 extensiue
765 1684 155 48 secundum
869 1684 116 48 multitu

192 1726 131 46 dinem
280 1726 102 46 vel
338 1726 189 46 discretam
483 1726 232 46 quantitatem.
672 1726 87 46 Et
715 1726 87 46 de
759 1726 131 46 istis
846 1726 102 46 iam
889 1726 102 46 actum

206 1772 93 43 est
259 1772 80 43 in
299 1772 253 43 praecedentibus.
512 1772 133 43 Tertio
605 1772 107 43 modo
672 1772 93 43 dic
725 1772 93 43 tur
779 1772 173 43 infinitum
899 1772 93 43 inten

209 1811 116 45 siue.
286 1811 90 45 hoc
338 1811 90 45 est
389 1811 154 45 secundum
505 1811 193 45 quantitatem
659 1811 154 45 virtutis
775 1811 142 45 intense
878 1811 116 45 sicut
943 1811 51 45 in

206 1852 155 53 gradibus
322 1852 220 53 perfectionum.
503 1852 142 53 Exempli
607 1852 129 53 gratia
697 1852 155 53 secundum
813 1852 129 53 Guill.
904 1852 78 53 e.
929 1852 65 53 di.

199 1898 153 50 xliii.
306 1898 168 50 videmus
428 1898 123 50 quod
505 1898 153 50 albedo
612 1898 92 50 in
658 1898 123 50 equo
735 1898 138 50 maior
827 1898 107 50 est
872 1898 123 50 exten-

197 1935 125 46 siue
276 1935 125 46 quam
354 1935 94 46 in
401 1935 141 46 gemma
494 1935 203 46 margarite
651 1935 125 46 etc.
729 1935 125 46 Quia
807 1935 94 46 in
854 1935 125 46 equo
916 1935 63 46 ma

199 1989 100 46 gis
256 1989 100 46 est
313 1989 144 46 extesa
414 1989 86 46 et
457 1989 158 46 latius.
572 1989 100 46 sed
629 1989 86 46 in
672 1989 129 46 gemma
758 1989 129 46 maior
830 1989 158 46 intensiue

205 2020 97 50 est
261 2020 111 50 quam
330 2020 83 50 in
372 2020 125 50 equo.
455 2020 111 50 quia
525 2020 83 50 in
566 2020 125 50 gemma
650 2020 125 50 magis
733 2020 153 50 intensa
844 2020 97 50 est
900 2020 97 50 vel
941 2020 56 50 in

208 2062 97 46 tus
264 2062 166 46 tenditur
388 2062 111 46 quam
458 2062 83 46 in
499 2062 125 46 equo.
582 2062 139 46 Quarto
679 2062 111 46 modo
749 2062 180 46 Infinitum
873 2062 125 46 dicitur

205 2103 70 48 vt
240 2103 70 48 in
275 2103 128 48 tempore
368 2103 139 48 secundum
472 2103 163 48 fintitatem
600 2103 174 48 durationis.
740 2103 81 48 hic
786 2103 105 48 autem
856 2103 139 48 quaritur
949 2103 46 48 de

200 2135 134 61 tertio
293 2135 120 61 modo.
373 2135 67 61 ¶
400 2135 147 61 Secundo
507 2135 134 61 quoiam
600 2135 80 61 ad
640 2135 174 61 quaesitum
774 2135 200 61 respondendo
921 2135 80 61 Nota

207 2189 101 53 quod
271 2189 114 53 Fran.
347 2189 114 53 maro.
422 2189 76 53 e.
460 2189 89 53 di.
511 2189 127 53 xliii.
600 2189 76 53 q.
638 2189 114 53 vlti.
714 2189 114 53 arti.
790 2189 101 53 iii.
853 2189 76 53 Et
878 2189 114 53 amplius

206 2232 117 46 dist.
284 2232 104 46 xix.
349 2232 78 46 q.
388 2232 78 46 i.
426 2232 91 46 per
478 2232 117 46 totum
556 2232 117 46 ponit
634 2232 104 46 quod
699 2232 104 46 deus
764 2232 130 46 potest
854 2232 130 46 creare
932 2232 65 46 cha

207 2272 144 46 ritatem
312 2272 170 46 infinitam
442 2272 183 46 intensiue:
586 2272 105 46 quia
652 2272 79 46 ex
691 2272 170 46 infinitis
822 2272 157 46 gradibus
927 2272 65 46 in-

201 2317 127 55 finita
290 2317 152 55 charitas
404 2317 139 55 constat
505 2317 177 55 intensiue:
644 2317 89 55 sed
695 2317 101 55 quia
758 2317 101 55 deus
821 2317 127 55 potest
897 2317 89 55 primo

209 2359 167 45 infinitas
338 2359 129 45 animas
428 2359 129 45 creare
518 2359 193 45 actualiter.
673 2359 77 45 Et
711 2359 142 45 secundo
815 2359 129 45 potest
892 2359 90 45 singu

208 2400 102 47 lis
267 2400 204 47 charitatem
427 2400 190 47 infundere
573 2400 88 47 et
617 2400 102 47 ita
676 2400 131 47 erunt
763 2400 204 47 charitates
909 2400 88 47 infi

201 2440 133 58 nite.
290 2440 147 58 Tertio
393 2440 206 58 charitates
555 2440 133 58 istas
643 2440 147 58 potest
746 2440 118 58 deus
820 2440 177 58 separare
938 2440 59 58 ab

210 2483 156 58 animabus
327 2483 117 58 sicut
405 2483 156 58 accidens
521 2483 130 58 potest
612 2483 156 58 separare
729 2483 65 58 a
755 2483 156 58 subiecto
871 2483 78 58 in
897 2483 104 58 eucha-

214 2523 149 47 ristia.
323 2523 81 47 Et
363 2523 135 47 quirto
458 2523 190 47 charitates
607 2523 176 47 separatas
742 2523 122 47 omnes
824 2523 135 47 potest
905 2523 81 47 deus

214 2567 100 59 vuire
281 2567 89 59 quae
336 2567 89 59 emim
392 2567 89 59 sunt
447 2567 100 59 vnius
514 2567 133 59 rationis
614 2567 89 59 sunt
670 2567 145 59 equaliter
781 2567 145 59 vnibilia.
892 2567 78 59 sic
925 2567 67 59 ergo

224 2614 101 48 cum
281 2614 115 48 fiet
353 2614 101 48 vna
411 2614 86 48 ex
454 2614 101 48 eis
512 2614 115 48 erit
584 2614 173 48 charitas
714 2614 101 48 vna
771 2614 173 48 infinita
887 2614 115 48 inten-

219 2652 124 44 siue
297 2652 109 44 Hec
359 2652 140 44 Fran.
453 2652 109 44 Sed
515 2652 156 44 Guill.
624 2652 93 44 e.
670 2652 109 44 di.
733 2652 156 44 xliii.
841 2652 156 44 arguit
935 2652 62 44 in

232 2696 192 42 oppositum
380 2696 118 42 sic.
454 2696 118 42 Data
527 2696 118 42 ista
601 2696 192 42 charitate
749 2696 192 42 infinita.
882 2696 103 42 Quero

221 2737 141 73 Utrum
316 2737 126 73 deus
394 2737 141 73 adhuc
488 2737 157 73 possit
598 2737 157 73 creare
708 2737 126 73 vnum
787 2737 141 73 nouum
866 2737 141 73 gradum

1048 299 195 78 charitatis
1201 299 98 78 vel
1257 299 112 78 non.
1327 299 84 78 Si
1369 299 126 78 dicat
1452 299 112 78 quod
1522 299 98 78 non
1578 299 112 78 tunc
1648 299 167 78 euacuata
1759 299 70 78 est

1040 371 163 52 potentia
1163 371 95 52 dei
1217 371 109 52 quod
1285 371 95 52 non
1340 371 163 52 conuenit
1462 371 95 52 deo
1516 371 82 52 Si
1557 371 122 52 dicat
1639 371 109 52 quod
1707 371 109 52 sic.
1761 371 68 52 Que

1048 411 84 53 ro
1090 411 84 53 ab
1132 411 84 53 eo
1174 411 126 53 vtrum
1259 411 98 53 sit
1315 411 169 53 vnibilis
1441 411 112 53 ipsi
1512 411 183 53 charitati
1652 411 169 53 infinite
1765 411 70 53 vel

1041 453 96 54 non.
1101 453 72 54 si
1137 453 96 54 sic.
1196 453 96 54 ergo
1256 453 96 54 illa
1316 453 84 54 non
1363 453 96 54 fuit
1423 453 143 54 infinita
1531 453 96 54 quia
1590 453 155 54 infinitum
1710 453 84 54 non
1745 453 84 54 capit

1040 497 209 48 augmentum
1201 497 113 48 nec
1265 497 97 48 eo
1314 497 113 48 est
1378 497 177 48 aliquid
1507 497 145 48 maius
1604 497 113 48 sed
1652 497 177 48 augmenta-

1050 541 121 49 retur
1130 541 81 49 ex
1171 541 108 49 illo
1238 541 134 49 gradum
1332 541 202 49 superaddito
1493 541 108 49 ergo
1560 541 108 49 etc.
1627 541 81 49 Si
1668 541 94 49 aut
1721 541 94 49 non
1762 541 67 49 pos

1048 580 102 59 sit
1107 580 131 59 vniri
1194 580 131 59 Quero
1281 580 145 59 causam
1382 580 87 59 et
1426 580 131 59 quare
1513 580 116 59 iste
1585 580 145 59 gradus
1672 580 160 59 repugnat.

1047 623 91 55 non
1099 623 117 55 alii.
1177 623 117 55 Ratio
1256 623 91 55 non
1308 623 156 55 videtur.
1425 623 104 55 ergo
1490 623 91 55 etc
1542 623 65 55 ¶
1568 623 104 55 Unde
1633 623 130 55 tertio
1712 623 117 55 ponenda

1058 661 88 51 est
1109 661 164 51 conclusio
1235 661 151 51 secundum
1349 661 76 51 e.
1386 661 114 51 Guil.
1462 661 114 51 ibide
1538 661 101 51 Quod
1601 661 202 51 omnipotentia
1752 661 76 51 diui

1039 705 85 54 na
1081 705 99 54 non
1138 705 127 54 facit
1222 705 99 54 nec
1279 705 141 54 potest
1378 705 141 54 facere
1476 705 113 54 actu
1547 705 183 54 infinitum
1674 705 155 54 intensiue

1045 755 109 49 Quia
1113 755 109 49 tale
1182 755 150 49 creatum
1290 755 109 49 siue
1359 755 123 49 esset
1440 755 191 49 substantia
1590 755 109 49 siue
1658 755 163 49 accidens
1767 755 68 49 (pu

1043 792 79 55 ta
1082 792 158 55 charitas
1200 792 131 55 dicta)
1292 792 118 55 esset
1371 792 105 55 quid
1437 792 158 55 finitum.
1555 792 105 55 quia
1621 792 79 55 in
1660 792 144 55 genere.
1752 792 79 55 Item

1056 835 123 48 quia
1133 835 169 48 haberet
1256 835 231 48 dependentia
1441 835 92 48 ad
1487 835 154 48 primum
1595 835 92 48 et
1641 835 92 48 ex
1687 835 92 48 se
1718 835 123 48 nequit

1043 878 120 45 stare
1122 878 106 45 quia
1189 878 80 45 ex
1229 878 133 45 nihilo
1322 878 133 45 esset.
1415 878 80 45 et
1455 878 146 45 careret
1561 878 159 45 infinito
1681 878 106 45 bono
1734 878 106 45 essen-

1046 920 162 44 tialiter
1167 920 108 44 quia
1234 920 94 44 non
1288 920 121 44 esset
1369 920 162 44 essentia
1490 920 148 44 diuina.
1598 920 135 44 Igitur
1692 920 135 44 nullum
1773 920 67 44 ta-

1050 962 73 52 le
1086 962 122 52 potest
1172 962 110 52 esse.
1245 962 183 52 Confirmatur
1391 962 146 52 Magister
1500 962 110 52 dicit
1573 962 73 52 in
1610 962 122 52 tertio
1695 962 97 52 dis.
1756 962 110 52 xiii.

1054 1000 111 55 quod
1123 1000 166 55 charitas
1248 1000 153 55 christi
1359 1000 111 55 erat
1429 1000 139 55 maxima
1526 1000 125 55 super
1609 1000 125 55 omnes
1692 1000 125 55 alias
1762 1000 69 55 cha

1051 1049 155 53 ritates
1163 1049 197 53 creabiles.
1318 1049 84 53 et
1360 1049 126 53 tamen
1444 1049 112 53 fuit
1515 1049 155 53 finita.
1627 1049 84 53 Si
1669 1049 126 53 dicas
1740 1049 98 53 chari

1050 1088 89 50 tas
1101 1088 140 50 christi
1203 1088 89 50 est
1254 1088 76 50 in
1292 1088 152 50 subiecto
1406 1088 152 50 scilicet
1520 1088 76 50 in
1558 1088 127 50 anima.
1647 1088 89 50 Sed
1698 1088 114 50 talis
1762 1088 76 50 cha-

1047 1131 133 47 ritas
1136 1131 177 47 infinita
1268 1131 118 47 quam
1342 1131 133 47 ponit
1430 1131 133 47 Fran.
1519 1131 103 47 est
1578 1131 177 47 charitas
1695 1131 133 47 separa-

1041 1173 76 55 ta
1079 1173 63 55 a
1105 1173 165 55 subiecto.
1232 1173 102 55 ergo
1295 1173 89 55 non
1346 1173 89 55 est
1397 1173 140 55 eiusdem
1498 1173 152 55 rationis
1613 1173 102 55 ista
1676 1173 89 55 cum
1727 1173 102 55 illa
1778 1173 63 55 Si-

1037 1215 112 44 cut
1101 1215 112 44 lux
1165 1215 144 44 solis
1261 1215 112 44 est
1325 1215 160 44 maxima
1437 1215 192 44 respectu
1581 1215 144 44 lucis
1661 1215 176 44 visibilis

1050 1258 109 48 sed
1113 1258 109 48 non
1175 1258 186 48 respectu
1315 1258 186 48 corporis
1455 1258 186 48 gloriosi
1594 1258 109 48 vel
1657 1258 171 48 empyrei
1765 1258 78 48 Hoc

1046 1305 90 50 nil
1098 1305 90 50 est
1149 1305 103 50 quia
1213 1305 103 50 ista
1278 1305 154 50 charitas
1394 1305 116 50 licet
1471 1305 116 50 esset
1548 1305 154 50 separata
1664 1305 116 50 tamen
1728 1305 116 50 haberet

1049 1340 227 47 hesibilitatem
1236 1340 80 47 ad
1276 1340 187 47 subiectum.
1423 1340 174 47 reducatur
1557 1340 107 47 ergo
1624 1340 80 47 ad
1664 1340 107 47 esse
1731 1340 80 47 vt
1758 1340 80 47 inhe

1053 1387 110 45 reat.
1126 1387 110 45 alias
1200 1387 110 45 esset
1274 1387 147 45 frustra.
1384 1387 74 45 et
1421 1387 86 45 sic
1470 1387 147 45 sequitur
1580 1387 98 45 quod
1642 1387 160 45 subiectum
1752 1387 86 45 fini-

1046 1431 100 58 tum
1103 1431 157 58 habebit
1217 1431 200 58 charitatem
1374 1431 186 58 infinitam
1517 1431 114 58 quod
1588 1431 100 58 non
1645 1431 171 58 tenetur.
1760 1431 71 58 Hec

1039 1464 102 59 ex
1073 1464 119 59 Guil.

1043 1499 111 73 ¶
1087 1499 201 73 Utrum
1221 1499 178 73 deus
1333 1499 223 73 possit
1489 1499 223 73 facere
1622 1499 201 73 infini-

1045 1573 77 48 tum
1089 1573 133 48 secundum
1189 1573 155 48 durationem
1310 1573 66 48 vt
1343 1573 77 48 sit
1387 1573 88 48 actu
1443 1573 121 48 similis
1531 1573 166 48 Respondetur
1663 1573 133 48 secundum
1752 1573 77 48 Fran.

1046 1616 101 43 vbi.
1109 1616 126 43 supra.
1198 1616 101 43 quod
1261 1616 88 43 non
1311 1616 139 43 potest.
1412 1616 101 43 Quia
1475 1616 76 43 si
1513 1616 151 43 queritur
1627 1616 76 43 de
1664 1616 164 43 duratione
1778 1616 63 43 suc

1044 1659 182 45 cessiua.
1180 1659 106 45 hec
1241 1659 136 45 habet
1332 1659 152 45 partes
1438 1659 227 45 repugnantes
1620 1659 91 45 ad
1665 1659 121 45 esse
1726 1659 106 45 totum

1047 1699 132 51 simul
1135 1699 132 51 Patet
1223 1699 117 51 Dies
1296 1699 132 51 habet
1384 1699 117 51 mane
1457 1699 88 51 et
1501 1699 161 51 vespore
1618 1699 205 51 successiue
1765 1699 73 51 que

1050 1740 84 52 non
1098 1740 132 52 possunt
1194 1740 72 52 in
1230 1740 108 52 eodem
1302 1740 144 52 instanti
1410 1740 132 52 similis
1505 1740 108 52 esse.
1577 1740 84 52 Nec
1625 1740 120 52 potest
1709 1740 96 52 dici
1757 1740 72 52 dies

1046 1786 130 44 tota
1127 1786 130 44 actu
1208 1786 146 44 plena
1306 1786 114 44 pro
1371 1786 195 44 instanti
1518 1786 146 44 eodem
1615 1786 130 44 etc.
1680 1786 163 44 Implicat

1041 1828 117 40 enim
1114 1828 277 40 contradictionem
1347 1828 117 40 esse
1420 1828 146 40 tempus
1522 1828 219 40 successiuum
1683 1828 160 40 infinitum

1040 1866 82 50 et
1081 1866 122 50 illud
1163 1866 122 50 totum
1244 1866 149 50 similis
1353 1866 109 50 esse
1421 1866 68 50 ¶
1448 1866 82 50 Si
1489 1866 95 50 aut
1543 1866 163 50 queritur
1665 1866 82 50 de
1693 1866 149 50 duratione

1038 1905 191 58 simultanea
1189 1905 164 58 dicendum
1311 1905 109 58 quod
1380 1905 96 58 nec
1434 1905 109 58 tale
1503 1905 109 58 deus
1571 1905 137 58 potest
1666 1905 150 58 facere.
1762 1905 82 58 quia

1048 1952 162 52 infinita
1169 1952 148 52 duratio
1276 1952 148 52 dicitur
1384 1952 108 52 illa
1452 1952 94 52 que
1505 1952 94 52 non
1559 1952 135 52 potest
1653 1952 135 52 habere
1734 1952 108 52 termi-

1038 1998 103 47 num
1097 1998 103 47 Nec
1156 1998 73 47 a
1185 1998 132 47 parte
1273 1998 117 47 ante
1346 1998 103 47 nec
1405 1998 73 47 a
1434 1998 132 47 parte
1522 1998 132 47 post.
1610 1998 176 47 Alioquin
1742 1998 88 47 si
1772 1998 73 47 vi-

1041 2039 164 54 delicet
1160 2039 164 54 haberet
1280 2039 179 54 terminum
1414 2039 134 54 esset
1504 2039 164 54 finita.
1623 2039 104 54 Sed
1683 2039 119 54 quia
1742 2039 90 54 deus

1053 2074 91 61 non
1105 2074 129 61 potest
1195 2074 142 61 aliquid
1299 2074 142 61 pronunc
1403 2074 91 61 vel
1454 2074 78 61 in
1493 2074 142 61 tempore
1597 2074 129 61 creare
1688 2074 104 61 quin
1739 2074 91 61 habe-

1052 2123 81 55 at
1092 2123 188 55 principium
1240 2123 188 55 durationis
1388 2123 108 55 sue.
1455 2123 148 55 Denique
1563 2123 161 55 quicquid
1684 2123 108 55 deus
1737 2123 108 55 potest

1039 2170 143 48 creare
1139 2170 143 48 potest
1239 2170 143 48 postea
1339 2170 200 48 annihilare
1496 2170 86 48 et
1539 2170 100 48 sic
1596 2170 186 48 terminare
1739 2170 71 48 a
1753 2170 86 48 per-

1048 2208 81 53 te
1089 2208 108 53 post
1157 2208 108 53 ergo
1225 2208 108 53 etc.
1293 2208 95 53 Hec
1347 2208 122 53 Fran.
1428 2208 108 53 Item
1496 2208 163 53 secundum
1618 2208 122 53 Bona.
1699 2208 81 53 di
1727 2208 108 53 xliiii

1049 2247 126 52 primi.
1138 2247 76 52 q.
1175 2247 113 52 iiii.
1251 2247 101 52 deus
1314 2247 202 52 principiatum
1478 2247 88 52 non
1528 2247 126 52 potest
1616 2247 126 52 facere
1704 2247 101 52 sine
1755 2247 88 52 prin-

1057 2290 123 59 cipio.
1143 2290 86 59 nec
1192 2290 160 59 temporale
1314 2290 98 59 sine
1376 2290 147 59 tempore.
1486 2290 86 59 nec
1535 2290 123 59 primum
1621 2290 160 59 temporale
1744 2290 98 59 nisi
1793 2290 49 59 in

1051 2330 158 64 principio
1172 2330 146 64 temporis
1282 2330 97 64 quia
1343 2330 146 64 implicat
1452 2330 158 64 opposita.
1574 2330 85 64 sic
1622 2330 73 64 in
1659 2330 158 64 proposito
1768 2330 73 64 etc.

1248 2392 428 103 otentia
1521 2392 311 103 diuina

1255 2482 145 54 Sexto.
1356 2482 174 54 scilicet
1486 2482 101 54 quo
1544 2482 87 54 ad
1573 2482 261 54 incommutabilita-

1249 2535 116 50 tis
1316 2535 165 50 modum.
1431 2535 198 50 Queritur
1580 2535 149 50 Utrum
1679 2535 132 50 deus
1745 2535 99 50 pos-

1255 2571 97 54 sit
1310 2571 138 54 facere
1407 2571 110 54 nunc
1476 2571 110 54 omne
1545 2571 110 54 quod
1614 2571 110 54 olim
1683 2571 83 54 et
1725 2571 83 54 ab
1752 2571 83 54 eter

1044 2595 102 71 no
1095 2595 186 71 potuit.
1230 2595 119 71 hoc
1298 2595 119 71 est
1366 2595 203 71 querere.
1518 2595 102 71 An
1569 2595 135 71 quod
1654 2595 135 71 deus
1721 2595 119 71 semel

1055 2660 163 58 potest
1169 2660 163 58 semper
1283 2660 163 58 possit
1398 2660 180 58 facere.
1529 2660 82 58 ¶
1561 2660 147 58 Circa
1659 2660 131 58 quod
1725 2660 114 58 Primo

1047 2706 184 44 arguitur
1185 2706 123 44 quod
1261 2706 123 44 sic.
1338 2706 123 44 Quia
1415 2706 123 44 omne
1492 2706 138 44 illud
1584 2706 123 44 quod
1660 2706 107 44 est
1706 2706 123 44 immuta

1031 2740 122 57 bile
1107 2740 92 57 et
1153 2740 168 57 eternum
1275 2740 153 57 semper
1382 2740 122 57 stat
1459 2740 199 57 immutatum
1612 2740 92 57 et
1642 2740 199 57 indiminutum
