2234 3311
180 281 130 60 videat
271 281 104 60 vnam
336 281 104 60 quam
400 281 117 60 aliam
478 281 91 60 sed
530 281 104 60 quia
595 281 104 60 vnam
660 281 78 60 in
699 281 130 60 ordine
789 281 78 60 ad
828 281 117 60 aliam
893 281 65 60 spo

185 338 140 50 culatur
287 338 76 50 et
325 338 89 50 sic
376 338 114 50 patet
452 338 178 50 propositum
591 338 101 50 etc.
655 338 101 50 Hinc
718 338 89 50 est
769 338 101 50 quod
819 338 140 50 tbeologi-

185 383 79 50 ta
224 383 105 50 scia
290 383 144 50 dicitur
395 383 210 50 principalius
565 383 105 50 esse
631 383 157 50 practica
749 383 105 50 quam
802 383 157 50 speculati-

175 421 86 53 ua.
224 421 74 53 vt
261 421 123 53 patuit
346 421 74 53 in
383 421 208 53 quaestionibus
555 421 147 53 prologi.
665 421 74 53 §.
702 421 135 53 xxxiii.
800 421 86 53 et.
836 421 123 53 xxxiiii.

200 463 63 46 ¶
226 463 88 46 Sed
276 463 75 46 d.
313 463 88 46 Auc
363 463 75 46 i.
401 463 100 46 lib.
464 463 75 46 de
501 463 175 46 trinitate.
639 463 75 46 c.
676 463 75 46 x.
714 463 113 46 dicit
789 463 100 46 quod
852 463 75 46 in
877 463 75 46 con-

172 510 199 47 teplatione
328 510 99 47 dei
385 510 99 47 est
441 510 128 47 finis
526 510 142 47 omnium
626 510 156 47 bonarum
739 510 170 47 actionum
867 510 85 47 et
895 510 57 47 re

181 545 142 52 quies.
280 545 99 52 Sed
337 545 227 52 contemplatio
521 545 99 52 dei
578 545 99 52 est
635 545 128 52 actus
720 545 213 52 intellectus
876 545 85 52 spe-

173 597 171 49 culatiui:
305 597 105 49 ergo
370 597 171 49 beatitudo
502 597 119 49 magis
581 597 171 49 consistit
713 597 79 49 in
752 597 184 49 intellectu
884 597 66 49 spe

184 635 185 53 culatiuo.
326 635 185 53 Respondet
469 635 128 53 Rich.
554 635 142 53 ibidem
654 635 114 53 quod
725 635 114 53 Aug.
796 635 100 53 ibi
839 635 128 53 accipit

185 670 256 58 contemplationem
400 670 94 58 pro
454 670 108 58 vita
522 670 229 58 contemplatiua
710 670 108 58 quae
764 670 189 58 principalius

186 724 160 49 consistit
309 724 74 49 in
346 724 173 49 dilectione
481 724 99 49 quam
543 724 74 49 in
580 724 173 49 cognitione
716 724 99 49 quia
777 724 99 49 vita
839 724 111 49 anime
900 724 62 49 di-

177 760 146 66 lectio
280 760 102 66 est
338 760 117 66 vnde
412 760 176 66 cognitio
543 760 88 66 ad
587 760 220 66 dilectionem
763 760 205 66 ordinatur.
909 760 59 66 Et

170 802 145 64 sicno
266 802 193 64 procedit
411 802 209 64 obiectio.
572 802 113 64 Hec
636 802 96 64 ex
668 802 113 64 Rich.

216 834 118 86 ¶
264 834 141 86 An
334 834 283 86 practica
546 834 283 86 scientia
735 834 235 86 nobilior

150 904 94 56 sit
203 904 107 56 quam
270 904 214 56 speculatiua:
444 904 80 56 Et
484 904 147 56 videtur
591 904 107 56 quod
658 904 94 56 sic
711 904 107 56 quia
778 904 174 56 theologia
898 904 67 56 cum

178 948 101 47 sit
235 948 215 47 nobilissima
407 948 101 47 est
465 948 172 47 practica
594 948 115 47 ergo
666 948 115 47 etc.
738 948 101 47 Sed
795 948 86 47 in
824 948 129 47 opposi-

172 989 97 50 tum
228 989 97 50 est
283 989 111 50 quod
352 989 152 50 dicitur
463 989 83 50 in
504 989 166 50 prologo.
629 989 125 50 meta.
712 989 208 50 Speculatiua
864 989 97 50 scien

171 1041 114 47 tia
236 1041 195 47 nobilior
382 1041 114 47 est
447 1041 130 47 quam
529 1041 212 47 practica.
691 1041 130 47 Quia
756 1041 212 47 Speculatiua

174 1071 94 54 est
227 1071 134 54 gratia
321 1071 107 54 sui.
387 1071 160 54 Practica
508 1071 120 54 autem
588 1071 134 54 gratia
681 1071 120 54 vsus.
762 1071 120 54 Item.
842 1071 94 54 vi.
882 1071 80 54 eth.

172 1115 171 49 Sapeinia
300 1115 100 49 est
357 1115 143 49 capunt
457 1115 128 49 inter
542 1115 128 49 omnes
628 1115 128 49 alias
714 1115 185 49 scatitas.
842 1115 114 49 Sapien

170 1159 94 51 tia
223 1159 121 51 autem
304 1159 94 51 est
358 1159 216 51 speculatiua.
534 1159 175 51 Respondet
669 1159 202 51 Scotorelis.
831 1159 81 51 in
858 1159 94 51 prolo

177 1207 70 48 go
212 1207 117 48 primi.
295 1207 70 48 q.
330 1207 94 48 iii.
389 1207 94 48 quod
447 1207 106 48 dicta
518 1207 164 48 philosophi
647 1207 188 48 praeallegata
788 1207 164 48 intelligenda

177 1251 117 45 sunt
250 1251 102 45 sic
309 1251 117 45 quod
382 1251 219 45 speculatiua
558 1251 117 45 bene
631 1251 102 45 est
689 1251 175 45 nobilior
821 1251 117 45 quam
879 1251 88 45 pra-

177 1289 120 50 ctica
257 1289 93 50 hum
310 1289 133 50 anitus
403 1289 146 50 inuenta
509 1289 106 50 quia
576 1289 173 50 huiusmodi
709 1289 93 50 est
762 1289 160 50 respectu
869 1289 93 50 eorum

176 1329 113 50 quae
247 1329 113 50 sunt
318 1329 85 50 ad
360 1329 142 50 finem.
460 1329 99 50 Sed
516 1329 170 50 practica
644 1329 85 50 vt
686 1329 99 50 est
743 1329 184 50 theologia
871 1329 85 50 quoe

168 1370 104 65 est
228 1370 178 65 respectu
361 1370 134 65 finis
450 1370 148 65 vltimi
554 1370 104 65 est
613 1370 178 65 nobilior
732 1370 89 65 etc.

344 1437 436 113 Recipere
671 1437 254 113 del
779 1437 182 113 Fe

823 1497 146 46 ptum

360 1532 74 68 aut
403 1532 149 68 praeceptio
520 1532 159 68 tripliciter
647 1532 117 68 dicitur
732 1532 127 68 secundum
828 1532 96 68 Guil.
891 1532 64 68 in
913 1532 42 68 p.

339 1575 80 51 mo
379 1575 107 51 dis.
446 1575 80 51 xl
486 1575 107 51 vii.
553 1575 67 51 ¶
580 1575 94 51 Uno
633 1575 107 51 modo
700 1575 147 51 dicitur
794 1575 161 51 praeceptum

179 1600 167 67 quocquid
304 1600 97 67 sub
360 1600 153 67 mandato
472 1600 139 67 cadit.
569 1600 84 67 Et
611 1600 111 67 isto
680 1600 111 67 modo
750 1600 84 67 in
792 1600 139 67 vereri
875 1600 84 67 lege

166 1662 98 45 tam
222 1662 111 45 lege
291 1662 167 45 decalogi
417 1662 195 45 praeceprta
570 1662 111 45 quam
640 1662 223 45 cerimonialia
821 1662 111 45 quam
876 1662 98 45 iudi-

169 1705 138 51 cialia
266 1705 179 51 praecepta
403 1705 124 51 erant
486 1705 69 51 ¶
514 1705 151 51 Secundo
624 1705 83 51 mo
665 1705 193 51 praeceptum
817 1705 151 51 capitur
913 1705 55 51 vt

167 1744 206 46 distinguitur
335 1744 284 46 contracerimonialia
580 1744 77 46 et
619 1744 194 46 iudicialia.
773 1744 77 46 Et
812 1744 90 46 sic
851 1744 116 46 proprie

173 1784 119 47 decem
252 1784 172 47 praecepta
385 1784 185 47 dicebantur
530 1784 79 47 in
570 1784 119 47 prima
649 1784 79 47 et
689 1784 146 47 secunda
795 1784 132 47 tabula
874 1784 93 47 scri-

179 1830 123 42 pta.
255 1830 92 42 De
302 1830 154 42 quibus
409 1830 154 42 Matth.
517 1830 123 42 xix.
593 1830 92 42 Si
639 1830 108 42 vis
701 1830 169 42 ingredi
824 1830 92 42 ad
854 1830 108 42 vitam

172 1871 123 45 serua
255 1871 137 45 madata
351 1871 165 45 scilicet
474 1871 165 45 decalogi
598 1871 69 45 ¶
625 1871 165 45 Tertious
748 1871 192 45 praeceptum
886 1871 82 45 acci

175 1912 111 50 pitur
249 1912 74 50 vt
285 1912 160 50 opponitur
408 1912 209 50 prohibitioni.
581 1912 74 50 et
618 1912 86 50 sic
667 1912 172 50 praeceptio
802 1912 86 50 est
851 1912 74 50 de
876 1912 86 50 affir

172 1955 180 51 matiuis.
307 1955 135 51 sicut
397 1955 135 51 illud
487 1955 165 51 Sabbata
608 1955 240 51 sanctifices.
803 1955 90 51 Et
833 1955 120 51 honora

176 1999 95 50 pa.
231 1999 95 50 sed
285 1999 189 50 prohibitio
433 1999 95 50 est
487 1999 81 50 de
528 1999 189 50 negatiuis.
677 1999 122 50 sicut
758 1999 122 50 illud
839 1999 95 50 Non
879 1999 68 50 ado

177 2040 119 52 rabis
256 2040 106 52 deos
322 2040 119 52 alie.
401 2040 92 52 Non
454 2040 145 52 occides
560 2040 106 52 etc.
626 2040 92 52 sic
679 2040 119 52 etiam
758 2040 158 52 magister
877 2040 79 52 in
903 2040 53 52 p.

168 2082 80 58 mo
208 2082 94 58 di.
261 2082 80 58 xl
302 2082 94 58 vi.
355 2082 148 58 accipit
463 2082 94 58 cum
516 2082 121 58 ponit
597 2082 121 58 signa
677 2082 188 58 voluntatis
811 2082 148 58 praecepti

173 2122 116 63 onem
245 2122 87 63 et
274 2122 231 63 prohibitionem.

174 2166 127 63 ¶
224 2166 203 63 Unde
351 2166 279 63 dicitur
555 2166 356 63 preceptio.
809 2166 152 63 nota

178 2226 139 48 secundum
282 2226 69 48 e.
317 2226 104 48 Guil.
386 2226 104 48 ibid.
456 2226 150 48 Preceptio
571 2226 127 48 dicitur
664 2226 81 48 vel
710 2226 150 48 deriuatur
825 2226 116 48 quaesi
895 2226 69 48 prae

167 2270 118 56 aliis
246 2270 144 56 captio.
351 2270 79 56 Et
390 2270 92 56 sic
443 2270 66 56 a
469 2270 79 56 in
508 2270 66 56 e
535 2270 144 56 mutando
640 2270 144 56 dicitur
745 2270 197 56 praeceptio.
889 2270 66 56 Ion

172 2313 94 48 quia
231 2313 164 48 praeceptum
360 2313 105 48 prius
430 2313 129 48 capitur
523 2313 70 48 in
558 2313 105 48 mente
629 2313 199 48 praecipientis
792 2313 94 48 quam
851 2313 70 48 ad
874 2313 94 48 subie-

173 2362 103 44 ctum
237 2362 179 44 deriuetur.
378 2362 77 44 Et
417 2362 103 44 quia
481 2362 154 44 secundum
596 2362 128 44 papiam
686 2362 154 44 Precepta
801 2362 103 44 sunt
865 2362 90 44 qui
904 2362 64 44 aut

167 2397 100 53 quid
230 2397 163 53 faciendum
356 2397 88 53 sit
406 2397 88 53 aut
456 2397 88 53 non
506 2397 163 53 faciendum
632 2397 125 53 docent
720 2397 75 53 et
757 2397 100 53 prae
820 2397 113 53 aliis
883 2397 75 53 obli

165 2438 118 64 gant
239 2438 118 64 etc.
313 2438 74 64 ¶
343 2438 89 64 De
387 2438 207 64 praeceptis
550 2438 207 64 specialius
713 2438 148 64 agemus
816 2438 118 64 lib.
875 2438 89 64 iii.

215 2479 109 74 ¶
259 2479 197 74 Utrum
390 2479 175 74 deus
500 2479 219 74 possit
653 2479 284 74 precipere
850 2479 109 74 ma-

181 2542 86 43 lu:
230 2542 74 43 Ad
267 2542 86 43 hoc
317 2542 185 43 respondendo
465 2542 148 43 secundum
576 2542 111 43 Guil.
650 2542 111 43 nota.
724 2542 74 43 et
761 2542 136 43 Scotor.
848 2542 111 43 concor.

175 2582 164 53 Bonauem.
298 2582 123 53 Rich.
380 2582 109 53 Tho.
448 2582 82 53 et
489 2582 123 53 alios
571 2582 82 53 e.
611 2582 109 53 dis.
680 2582 82 53 xl
720 2582 109 53 vii.
789 2582 136 53 primi.
870 2582 82 53 quod

176 2630 115 40 malum
253 2630 154 40 scilicet
368 2630 115 40 culpe
445 2630 205 40 distinguitur
612 2630 77 40 in
650 2630 115 40 malum
727 2630 231 40 occasionaliter
907 2630 51 40 et

177 2667 106 52 malum
248 2667 71 52 in
283 2667 83 52 se.
330 2667 71 52 et
366 2667 106 52 malum
437 2667 141 52 secundum
543 2667 83 52 se.
590 2667 106 52 sicut
661 2667 71 52 de
696 2667 106 52 istis
767 2667 118 52 patuit
849 2667 118 52 supra.
920 2667 47 52 c.

170 2707 158 53 Malum.
281 2707 95 53 Et
328 2707 110 53 sic
391 2707 174 53 quoddam
517 2707 110 53 est
580 2707 142 53 malum
675 2707 221 53 formaliter
833 2707 126 53 scilic

1031 282 76 59 vt
1069 282 114 59 dicit
1145 282 152 59 rationem
1259 282 177 59 defectiuam
1398 282 177 59 excludendo
1538 282 152 59 rationem
1651 282 101 59 boni
1702 282 114 59 omnino.

1020 339 165 50 Quoddam
1140 339 135 50 autem
1231 339 105 50 est
1291 339 135 50 malum
1381 339 241 50 materialiter
1576 339 105 50 vel
1637 339 135 50 quasi
1712 339 105 50 mate-

1027 385 117 43 rialius
1113 385 128 43 scilicet
1209 385 107 43 quando
1284 385 85 43 tale
1337 385 96 43 esset
1401 385 96 43 malum
1465 385 85 43 nisi
1518 385 107 43 fieret
1593 385 64 43 ex
1625 385 139 43 praecepto
1732 385 96 43 dici.
1785 385 43 43 Et

1016 419 106 48 ista
1082 419 146 48 possunt
1188 419 119 48 fieri
1267 419 106 48 bona
1333 419 79 48 et
1373 419 106 48 bene
1439 419 119 48 fiunt
1519 419 79 48 ex
1558 419 172 48 praecepto
1691 419 106 48 dei.
1744 419 79 48 quia

1026 470 111 54 deus
1096 470 222 54 praecipiendo
1276 470 111 54 tale
1346 470 125 54 facit
1429 470 125 54 illud
1512 470 111 54 esse
1582 470 139 54 bonum.
1679 470 125 54 sicut
1749 470 83 54 ter-

1019 512 91 43 ram
1071 512 91 43 vel
1123 512 104 43 bona
1187 512 130 43 aliena
1278 512 78 43 si
1317 512 104 43 deus
1382 512 168 43 praecipit
1511 512 104 43 quod
1576 512 91 43 sit
1628 512 104 43 meum
1680 512 142 43 proprium.

1028 553 81 45 Et
1068 553 94 45 ego
1122 553 94 45 hoc
1176 553 148 45 accipio
1284 553 81 45 in
1324 553 162 45 proprium
1445 553 108 45 meum
1513 553 94 45 iam
1567 553 94 45 non
1621 553 94 45 est
1675 553 121 45 malum
1756 553 94 45 sed

1026 592 156 55 bonum.
1136 592 234 55 quemadmodum
1323 592 94 55 si
1370 592 109 55 rex
1433 592 219 55 concederet
1604 592 125 55 mihi
1682 592 125 55 bona
1745 592 78 55 ali

1024 636 136 46 cuius
1114 636 196 46 infidelis
1265 636 196 46 conuicti:
1415 636 136 46 iusto
1506 636 166 46 iudicio
1626 636 90 46 de
1671 636 151 46 crimie
1762 636 60 46 le

1027 676 88 53 se
1071 676 220 53 maiestatis.
1247 676 147 53 possem
1350 676 147 53 licite
1452 676 176 53 occupare
1584 676 117 53 etc.
1658 676 73 53 ¶
1687 676 88 53 Ad
1716 676 103 53 quae-

1038 719 111 54 situm
1112 719 99 54 ergo
1173 719 148 54 dicendum
1284 719 111 54 Primo
1358 719 99 54 quod
1420 719 99 54 deus
1482 719 99 54 bene
1544 719 123 54 potest
1630 719 173 54 praecipere
1753 719 62 54 ma-

1035 761 87 43 lum
1084 761 74 43 in
1121 761 74 43 se
1159 761 87 43 vel
1208 761 199 43 materialiter
1370 761 137 43 dictum.
1469 761 112 43 Ratio
1544 761 99 43 quia
1606 761 74 43 in
1643 761 99 43 malo
1705 761 74 43 in
1742 761 74 43 se
1767 761 62 43 ita

1024 806 99 52 est
1080 806 113 52 quod
1151 806 99 52 non
1208 806 198 52 necessario
1363 806 85 52 ei
1406 806 141 52 iuncta
1505 806 99 52 est
1561 806 156 52 malicia
1675 806 113 52 ideo
1731 806 85 52 deus

1030 841 137 56 potest
1126 841 191 56 praecipere
1276 841 123 56 talis
1358 841 109 56 mali
1427 841 191 56 substratum
1577 841 96 56 vel
1632 841 123 56 actum
1700 841 123 56 materi-

1021 888 110 54 alem
1090 888 83 54 et
1132 888 97 54 non
1187 888 166 54 maliciam
1311 888 166 54 formalem
1435 888 124 54 talis
1518 888 138 54 actus.
1615 888 110 54 quia
1684 888 97 54 sic
1725 888 97 54 illud

1037 940 110 41 quod
1106 940 151 41 videtur
1215 940 123 41 malum
1298 940 96 41 non
1352 940 110 41 erit
1421 940 123 41 malum
1503 940 96 41 sed
1558 940 82 41 vi
1599 940 178 41 praecepti
1722 940 110 41 remoue

1034 978 120 48 pitur
1114 978 147 48 malicia
1220 978 147 48 illius.
1327 978 120 48 sicut
1407 978 200 48 interficere
1567 978 160 48 hominem.
1687 978 107 48 quae
1741 978 93 48 vide-

1028 1010 90 50 tur
1079 1010 154 50 innocens
1195 1010 90 50 cum
1246 1010 103 50 deus
1310 1010 167 50 praecipit
1438 1010 90 50 non
1490 1010 90 50 est
1541 1010 115 50 malum
1618 1010 77 50 ex
1656 1010 77 50 vi
1682 1010 141 50 praecepti

1020 1061 194 53 similiter
1169 1061 164 53 furari.
1288 1061 75 53 ¶
1318 1061 89 53 Ad
1363 1061 89 53 id
1408 1061 209 53 accipiamus
1572 1061 164 53 exempla
1676 1061 149 53 theologi

1026 1101 98 53 ca
1075 1101 98 53 de
1123 1101 163 53 quibus
1237 1101 163 53 posset
1351 1101 146 53 fieri
1448 1101 276 53 argumentatio.
1676 1101 81 53 ¶
1692 1101 130 53 Primum

1027 1145 98 50 quia
1088 1145 111 50 licet
1162 1145 123 50 furari
1248 1145 86 50 sit
1297 1145 148 50 peccatum
1408 1145 74 50 in
1445 1145 86 50 se.
1494 1145 111 50 Tamen
1568 1145 98 50 deus
1629 1145 148 50 precepit
1728 1145 98 50 filiis

1023 1185 128 53 israel
1113 1185 102 53 quod
1177 1185 90 53 sub
1228 1185 102 53 fide
1292 1185 243 53 accommodationis
1496 1185 141 53 furetur
1599 1185 77 53 et
1637 1185 153 53 spolient
1739 1185 90 53 egte.

1033 1237 113 40 ptum
1103 1237 183 40 accipiedo
1245 1237 85 40 ab
1287 1237 99 40 eis
1343 1237 113 40 vasa
1414 1237 127 40 aurea
1498 1237 113 40 etc.
1569 1237 85 40 Et
1611 1237 99 40 hoc
1668 1237 127 40 iuste
1738 1237 85 40 deus

1031 1268 121 48 fecit
1111 1268 215 48 praecipiendo
1285 1268 94 48 Tum
1339 1268 107 48 quia
1406 1268 134 48 potuit
1500 1268 188 48 transferre
1648 1268 161 48 dominium
1755 1268 67 48 rei

1027 1313 139 53 aliene
1125 1313 84 53 in
1166 1313 125 53 illos
1250 1313 125 53 sicut
1334 1313 153 53 dominus
1445 1313 139 53 omnium
1542 1313 98 53 Tum
1598 1313 111 53 quia
1668 1313 153 53 egyptii
1765 1313 70 53 cum

1024 1353 158 48 essent
1135 1353 174 48 pessimi
1261 1353 252 48 demerebantur
1466 1353 174 48 priuari
1592 1353 142 48 bonis
1671 1353 158 48 omnibus.

1023 1400 104 44 Tum
1083 1400 119 44 quia
1157 1400 164 44 egyptii
1276 1400 209 44 tenebantur
1440 1400 149 44 filiis
1545 1400 149 44 israel
1649 1400 104 44 pro
1694 1400 134 44 mercede

1024 1439 177 48 fruitutis
1161 1439 109 48 Quod
1229 1439 82 48 si
1270 1439 136 48 aliqui
1366 1439 164 48 filiorum
1488 1439 136 48 israel
1584 1439 177 48 habuerunt
1707 1439 109 48 inten-

1023 1478 154 48 tionem
1130 1478 246 48 fraudulentam
1331 1478 92 48 et
1377 1478 185 48 malignam
1515 1478 92 48 in
1562 1478 169 48 petendo
1685 1478 123 48 vasa
1746 1478 62 48 et

1026 1516 145 60 vestes:
1132 1516 93 60 hoc
1184 1516 93 60 non
1237 1516 172 60 praecepit
1370 1516 145 60 dominus
1475 1516 93 60 sed
1528 1516 79 60 ex
1568 1516 145 60 propria
1674 1516 106 60 fuit
1726 1516 93 60 mali-

1018 1564 100 52 cia
1075 1564 172 52 secundum
1204 1564 129 52 Rich.
1290 1564 86 52 et
1333 1564 158 52 concor.
1447 1564 129 52 Guil.
1533 1564 72 52 ¶
1562 1564 172 52 Secundum
1677 1564 143 52 exemplum

1026 1608 115 51 quia
1097 1608 115 51 deus
1169 1608 187 51 praecepit
1313 1608 129 51 Abrae
1399 1608 172 51 occidere
1529 1608 144 51 filium
1629 1608 115 51 suum
1687 1608 129 51 innocen

1030 1649 95 52 tem
1085 1649 190 52 immolando.
1234 1649 109 52 quod
1302 1649 122 52 esset
1384 1649 163 52 peccatum
1506 1649 95 52 sed
1560 1649 82 52 ex
1601 1649 82 52 vi
1642 1649 177 52 praecepti
1764 1649 68 52 dei

1032 1700 96 43 non
1087 1700 110 43 fuit
1156 1700 137 43 malum:
1252 1700 96 43 imo
1307 1700 137 43 iustum
1403 1700 110 43 quia
1472 1700 82 43 ex
1513 1700 151 43 peccato
1623 1700 165 43 origiali
1733 1700 96 43 Isaac

1022 1740 128 49 erat
1102 1740 176 49 debitor
1230 1740 160 49 mortis
1342 1740 96 49 de
1390 1740 128 49 iure
1471 1740 96 49 et
1519 1740 112 49 ita
1583 1740 128 49 deus
1663 1740 160 49 habuit
1759 1740 64 49 au

1031 1777 173 47 toritatem
1164 1777 200 47 committendi
1324 1777 120 47 Abrae
1404 1777 120 47 super
1484 1777 173 47 huiusmodi
1618 1777 173 47 exactione
1738 1777 80 47 mor-

1030 1824 95 48 tis.
1089 1824 130 48 constat
1184 1824 106 48 autem
1255 1824 95 48 quod
1314 1824 130 48 vterque
1408 1824 142 48 scilicet
1515 1824 118 48 Abraam
1597 1824 71 48 et
1633 1824 106 48 Isaac
1692 1824 130 48 meruerunt

1028 1862 79 43 ex
1067 1862 171 43 obdientia
1199 1862 105 43 ergo
1264 1862 92 43 etc
1317 1862 66 43 ¶
1343 1862 144 43 Tertium
1448 1862 171 43 exemplum.
1579 1862 105 43 quia
1645 1862 118 43 licet
1724 1862 92 43 sit
1763 1862 66 43 ma-

1029 1893 84 59 lum
1077 1893 156 59 fornicari
1197 1893 72 59 et
1233 1893 108 59 tamen
1304 1893 96 59 deus
1364 1893 156 59 praecepit
1484 1893 84 59 Ose
1532 1893 144 59 prophete
1639 1893 144 59 accipere
1735 1893 84 59 forni

1024 1946 131 54 cariam
1116 1946 79 54 et
1155 1946 131 54 facere
1247 1946 131 54 filios
1338 1946 210 54 fornicatonm.
1509 1946 92 54 Sed
1561 1946 118 54 tamen
1640 1946 157 54 secundum
1744 1946 79 54 doc.

1018 1990 130 53 mulier
1109 1990 104 53 illa
1174 1990 143 53 dicitur
1277 1990 182 53 fornicaria
1420 1990 220 53 spiritualiter
1602 1990 169 53 videlicet
1718 1990 104 53 idola-

1018 2027 96 56 tra
1073 2027 137 56 anquam
1169 2027 110 56 fuit
1238 2027 69 56 a
1266 2027 165 56 propheta
1389 2027 82 56 in
1431 2027 137 56 vxorem
1527 2027 165 56 accepta.
1650 2027 96 56 aut
1705 2027 82 56 si
1733 2027 96 56 carna

1027 2069 127 54 liter
1111 2069 113 54 fuit
1182 2069 197 54 fornicaria
1337 2069 99 54 hoc
1393 2069 113 54 fuit
1463 2069 141 54 anquam
1562 2069 155 54 accepit
1674 2069 99 54 eam
1731 2069 99 54 Ose
1773 2069 56 54 in

1031 2116 139 52 vxorem
1128 2116 97 52 Ala
1184 2116 180 52 illicitum
1323 2116 153 52 fuisset
1434 2116 97 52 eam
1489 2116 125 52 cogno
1572 2116 125 52 scere
1656 2116 83 52 ex
1683 2116 139 52 concupi-

1029 2161 159 43 scentia
1144 2161 217 43 fornicaria.
1317 2161 72 43 ¶
1346 2161 159 43 Secundo
1462 2161 159 43 denique
1577 2161 87 43 de
1621 2161 116 43 malo
1679 2161 144 43 secundum

1032 2196 75 46 se
1069 2196 149 46 dicendum
1181 2196 99 46 quod
1243 2196 99 46 deus
1305 2196 87 46 non
1354 2196 124 46 potest
1441 2196 174 46 praecipere
1578 2196 112 46 talia
1653 2196 99 46 quia
1715 2196 99 46 sunt
1764 2196 50 46 ma

1028 2238 76 49 la
1066 2238 178 49 formaliter
1206 2238 89 49 nec
1257 2238 102 49 vllo
1321 2238 102 49 modo
1384 2238 140 49 possunt
1486 2238 102 49 bene
1549 2238 114 49 fieri
1626 2238 89 49 vel
1676 2238 114 49 bona:
1740 2238 89 49 etiam

1031 2284 84 46 ex
1073 2284 84 46 vi
1115 2284 195 46 praecepti.
1268 2284 126 46 Sicut
1352 2284 112 46 sunt
1422 2284 126 46 odium
1505 2284 112 46 dei.
1575 2284 209 46 blasphemia:
1728 2284 98 46 periu

1035 2325 96 49 rium
1095 2325 156 49 idolatria
1215 2325 72 49 et
1251 2325 168 49 huiusmodi.
1383 2325 108 49 Ratio
1456 2325 96 49 quia
1516 2325 108 49 talia
1588 2325 144 49 auertunt
1696 2325 60 49 a
1720 2325 96 49 deo.
1768 2325 48 49 et

1019 2363 91 51 sic
1071 2363 78 51 de
1110 2363 142 51 ratione
1213 2363 117 51 eorum
1291 2363 91 51 est
1343 2363 194 51 deordinatio
1498 2363 78 51 et
1537 2363 155 51 malicia.
1654 2363 78 51 Si
1692 2363 104 51 ergo
1744 2363 78 51 deus

1027 2414 115 55 possit
1107 2414 150 55 huiusmodi
1222 2414 161 55 praecipere
1349 2414 138 55 sequitur
1452 2414 92 55 quod
1510 2414 115 55 posset
1590 2414 115 55 facere
1671 2414 127 55 seipsum
1751 2414 69 55 auto

1017 2448 74 51 rem
1060 2448 84 51 esse
1112 2448 84 51 mali
1165 2448 63 51 et
1196 2448 74 51 per
1238 2448 147 51 consequens
1354 2448 63 51 se
1386 2448 74 51 non
1428 2448 84 51 esse
1480 2448 95 51 deum.
1543 2448 84 51 quia
1596 2448 84 51 quie
1649 2448 137 51 praecipit
1743 2448 74 51 malum

1027 2484 83 61 est
1075 2484 107 61 autor
1146 2484 107 61 mali.
1218 2484 83 61 hoc
1265 2484 107 61 autem
1337 2484 83 61 est
1384 2484 179 61 impossibile
1527 2484 83 61 deo
1575 2484 95 61 ergo
1634 2484 95 61 etc.
1694 2484 60 61 ¶
1718 2484 71 61 Ex
1742 2484 71 61 quae

1016 2529 145 62 patet
1113 2529 194 62 defectus
1258 2529 145 62 Fran.
1355 2529 145 62 maro.
1452 2529 97 62 in
1501 2529 178 62 confla.
1630 2529 145 62 primi
1711 2529 113 62 dist.

1012 2578 128 51 xvii.
1097 2578 85 51 q.
1139 2578 85 51 ii
1182 2578 128 51 dicit
1267 2578 113 51 quod
1338 2578 113 51 deus
1409 2578 170 51 potentia
1536 2578 170 51 absoluta
1664 2578 142 51 posset
1749 2578 71 51 or-

1024 2618 180 48 dinare
1150 2618 108 48 vt
1204 2618 233 48 quicunque
1383 2618 144 48 deum
1473 2618 287 48 blasphemaret
1688 2618 126 48 esset

1011 2663 97 50 in
1059 2663 210 50 charitate
1221 2663 97 50 et
1269 2663 210 50 saluatus.
1431 2663 145 50 patet
1527 2663 210 50 oppositum
1689 2663 97 50 ex
1721 2663 97 50 pre-

1019 2706 176 56 dictis.
1147 2706 192 56 Sequitur
1291 2706 128 56 enim
1371 2706 128 56 quod
1450 2706 144 56 maxme
1546 2706 96 56 se
1594 2706 192 56 auertens
1738 2706 80 56 a
1754 2706 80 56 deo
