2291 3307
240 316 160 66 hircino
357 316 160 66 sanguie
473 316 204 66 frangitur.
634 316 117 66 Item
707 316 102 66 cur
765 316 146 66 caltem
867 316 131 66 viuam
940 316 87 66 aqua

242 371 158 44 accendit
361 371 79 44 et
400 371 119 44 oleum
479 371 185 44 extinguit.
625 371 79 44 et
664 371 119 44 plura
744 371 172 44 huiusmodi
876 371 92 44 ibi
915 371 119 44 inducit

239 415 126 48 Aug.
318 415 94 48 Si
365 415 126 48 ergo
443 415 188 48 rationem
585 415 204 48 specialem
742 415 110 48 non
805 415 188 48 possumus
930 415 110 48 redde

240 452 91 62 re
285 452 91 62 de
330 452 196 62 creaturis
481 452 151 62 quanto
587 452 136 62 magis
677 452 91 62 de
723 452 181 62 creatore
843 452 91 62 etc.

245 490 115 82 ¶
291 490 254 82 Secunda
476 490 369 82 interrogatio
775 490 161 82 vel
845 490 184 82 dubium

248 550 147 58 Quare
345 550 147 58 debeo
443 550 114 58 deo
508 550 130 58 gras
590 550 147 58 agere
688 550 114 58 vel
753 550 196 58 diligere
900 550 114 58 eum
949 550 81 58 pro

253 605 184 45 creatione
395 605 99 45 cum
451 605 184 45 praeuidit
593 605 85 45 me
636 605 199 45 damnandum.
792 605 184 45 Similiter
920 605 113 45 pagant

245 649 126 37 omnes
329 649 98 37 cum
385 649 112 37 sint
456 649 168 37 damnandi
582 649 126 37 quare
666 649 140 37 debent
764 649 112 37 deum
834 649 154 37 laudare
947 649 84 37 et
975 649 56 37 di

253 681 156 42 ligere:
366 681 142 42 Ratio.
466 681 113 42 quia
537 681 128 42 magis
622 681 227 42 expediuisset
806 681 85 42 et
849 681 156 42 vtilius
948 681 85 42 fuit

252 725 94 51 set
305 725 147 51 talibus
412 725 80 51 si
452 725 94 51 non
506 725 147 51 fuisset
612 725 134 51 vnquam
706 725 147 51 creati.
813 725 120 51 iuxta
893 725 120 51 illud
960 725 80 51 Mat.

234 770 138 41 xxvi.
326 770 92 41 de
372 770 123 41 iuda
449 770 154 41 melius
556 770 123 41 illi
633 770 123 41 erat
710 770 92 41 si
756 770 138 41 natus
849 770 108 41 non
895 770 138 41 fuisset

248 811 174 42 Respondet
382 811 107 42 idem
449 811 121 42 Fran.
529 811 134 42 supra.
623 811 67 42 ¶
650 811 134 42 Primo.
744 811 107 42 quia
811 811 80 42 vt
851 811 134 42 aliqui
932 811 107 42 dicunt

243 846 164 53 Damnati
362 846 134 53 magis
452 846 149 53 volunt
556 846 104 53 sic
616 846 119 53 esse
691 846 119 53 quam
765 846 104 53 non
825 846 134 53 esse.
915 846 119 53 Ideo
974 846 60 53 ma

241 893 102 50 gna
300 893 146 50 gratia
402 893 146 50 nihilo
505 893 132 50 minus
592 893 102 50 eis
651 893 102 50 fit
709 893 117 50 quod
782 893 146 50 creati
885 893 132 50 sunt.
958 893 73 50 Sed

249 927 104 54 hoc
308 927 133 54 forte
397 927 104 54 non
456 927 148 54 valet.
560 927 118 54 quia
634 927 118 54 pena
708 927 163 54 inferni
826 927 104 54 est
870 927 163 54 infinitum

240 975 133 42 malum
329 975 192 42 inquantum
476 975 118 42 pena
550 975 192 42 coniuncta
697 975 133 42 culpe
785 975 103 42 que
844 975 103 42 est
889 975 147 42 infinite

247 1015 245 54 transgressionis.
455 1015 73 54 et
492 1015 86 54 est
540 1015 159 54 perpetua.
663 1015 73 54 vn
700 1015 147 54 secundum
810 1015 122 54 Anslm.
895 1015 98 54 lib.
944 1015 86 54 simul

239 1063 171 51 tudinum
364 1063 155 51 melius
472 1063 202 51 eligendum
627 1063 140 51 esset
721 1063 217 51 annihilari
891 1063 124 51 quam
953 1063 78 51 mor

247 1096 127 59 taliter
339 1096 138 59 peccare.
442 1096 69 59 et
477 1096 81 59 per
523 1096 161 59 consequens
649 1096 69 59 in
684 1096 127 59 peccato
776 1096 127 59 damnari
868 1096 81 59 cum
914 1096 69 59 in
937 1096 104 59 peccato

239 1138 146 56 puniri
342 1138 102 56 sit
400 1138 190 56 perpetuum
546 1138 190 56 permanens
692 1138 102 56 sed
750 1138 102 56 nil
808 1138 146 56 fuisse
910 1138 102 56 vel
954 1138 73 56 fit

244 1185 82 48 ri
285 1185 95 48 non
340 1185 123 48 esset
421 1185 177 48 permanens
558 1185 68 48 ¶
585 1185 150 48 Secundo
694 1185 109 48 ergo
762 1185 136 48 aliter
857 1185 95 48 est
898 1185 136 48 dicendum

249 1222 121 53 quod
325 1222 151 53 nihilo
431 1222 136 53 minus
521 1222 136 53 tales
612 1222 151 53 anime.
718 1222 136 53 licet
809 1222 182 53 damnande
930 1222 106 53 adhuo

248 1269 110 50 deum
317 1269 165 50 deberent
441 1269 165 50 diligere
564 1269 82 50 et
605 1269 151 50 laudare
715 1269 151 50 propter
825 1269 192 50 creationem
962 1269 69 50 pro

245 1302 99 59 dei
301 1302 225 59 beniuolentia
484 1302 113 59 quae
555 1302 141 59 animas
654 1302 197 59 quascumque
809 1302 85 59 ex
851 1302 99 59 sua
893 1302 141 59 bonitate

240 1350 171 53 creauit
365 1350 202 53 voluntate
521 1350 202 53 ancedente
676 1350 93 53 ad
723 1350 249 53 beatitudinem
925 1350 93 53 et
956 1350 78 53 non

235 1402 84 39 ad
277 1402 223 39 damnationem.
458 1402 139 39 patet.
556 1402 84 39 §.
598 1402 112 39 xxi.
667 1402 112 39 vnde
737 1402 181 39 benficium
863 1402 167 39 creationis

245 1433 93 51 non
298 1433 133 51 tendit
391 1433 80 51 in
431 1433 200 51 detrimentum
591 1433 93 51 rei
645 1433 147 51 create.
751 1433 93 51 sed
804 1433 93 51 per
858 1433 160 51 accisens
964 1433 67 51 ve-

238 1479 105 48 nit
298 1479 120 48 ipsi
373 1479 180 48 damnatio
508 1479 90 48 ex
553 1479 165 48 peccato
673 1479 165 48 hominis
793 1479 120 48 ideo
868 1479 150 48 merito
958 1479 75 48 est

240 1512 270 54 regratiandum
459 1512 152 54 Sicut
561 1512 101 54 si
611 1512 118 54 rex
679 1512 169 54 alicui
797 1512 152 54 daret
881 1512 152 54 castrum

239 1560 140 59 sciens
337 1560 112 59 quod
407 1560 112 59 ille
477 1560 98 59 sua
533 1560 126 59 culpa
617 1560 126 59 illud
701 1560 182 59 amissurus
841 1560 126 59 esset
911 1560 126 59 regrati

246 1602 137 58 andum
337 1602 137 58 esset
429 1602 122 58 regi
505 1602 92 58 ab
551 1602 122 58 illo
628 1602 107 58 pro
689 1602 244 58 beniuolentia
887 1602 137 58 regis
964 1602 76 58 qua

232 1654 203 49 donauit.
384 1654 119 49 Sic
452 1654 102 49 in
503 1654 237 49 proposito.
689 1654 85 49 ¶
723 1654 169 49 Tertio
842 1654 152 49 debet
926 1654 102 49 gras

247 1688 128 49 agere
332 1688 114 49 tles
403 1688 99 49 deo
460 1688 85 49 et
502 1688 156 49 laudare
616 1688 99 49 pro
673 1688 142 49 diuina
772 1688 185 49 iusticia.
914 1688 85 49 et
943 1688 85 49 eius

242 1723 79 56 in
281 1723 118 56 mundo
360 1723 197 56 relucentia.
517 1723 105 56 quia
583 1723 118 56 licet
661 1723 105 56 homo
727 1723 118 56 debet
805 1723 105 56 sibi
871 1723 118 56 velle
949 1723 79 56 et
976 1723 52 56 op

242 1779 109 40 tare
311 1779 164 40 salutem.
434 1779 123 40 tamen
516 1779 123 40 debet
598 1779 109 40 deum
667 1779 151 40 laudare
776 1779 109 40 quod
844 1779 137 40 iustus
940 1779 96 40 est
981 1779 55 40 et

244 1812 132 52 iuste
332 1812 132 52 malos
420 1812 147 52 damnat
523 1812 88 52 ac
567 1812 103 52 sic
626 1812 161 52 ordinem
743 1812 88 52 et
787 1812 161 52 decorem
889 1812 147 52 vniuersi

250 1856 125 49 fuat.
334 1856 111 49 vnde
403 1856 84 49 si
445 1856 125 49 talis
529 1856 125 49 anima
612 1856 125 49 esset
696 1856 111 49 bona
765 1856 153 49 gratias
877 1856 139 49 ageret
960 1856 70 49 deo

251 1904 108 47 quod
319 1904 108 47 ipse
387 1904 122 47 esset
468 1904 162 47 obiectum
590 1904 135 47 diuine
684 1904 176 47 iusticie.
820 1904 81 47 vt
860 1904 122 47 dicit
928 1904 108 47 ibidem

242 1937 139 57 Fran.
334 1937 170 57 quamuis
458 1937 124 57 sibi
535 1937 124 57 ipsi
613 1937 108 57 non
675 1937 139 57 debet
768 1937 139 57 velle
845 1937 201 57 damnationem

248 1986 167 51 inquantum
377 1986 116 51 dicit
454 1986 206 51 separationem
621 1986 64 51 a
647 1986 90 51 deo
698 1986 90 51 per
750 1986 142 51 culpam.
853 1986 90 51 sed
891 1986 142 51 inquantum

246 2028 121 48 dicit
326 2028 121 48 solam
406 2028 121 48 penam
487 2028 161 48 secundum
607 2028 107 48 quod
674 2028 94 48 ait
728 2028 121 48 Alex.
808 2028 80 48 de
848 2028 121 48 ales.
929 2028 67 48 ¶
942 2028 94 48 Quar-

253 2063 90 53 to
298 2063 150 53 debent
403 2063 165 53 gratias
522 2063 135 53 agere
612 2063 135 53 tales
702 2063 135 53 etiam
792 2063 180 53 damnandi
911 2063 135 53 propter

246 2111 216 49 creationem
415 2111 108 49 pro
477 2111 154 49 diuina
585 2111 201 49 sapientia
740 2111 108 49 qua
801 2111 139 49 nouit
894 2111 93 49 ex
925 2111 108 49 malis

249 2150 177 49 elicere
377 2150 177 49 meliora
506 2150 145 49 bona.
602 2150 112 49 Nam
667 2150 96 49 si
715 2150 129 49 deus
795 2150 161 49 nullum
891 2150 145 49 hominem

248 2191 203 53 damnandum
405 2191 187 53 creasset
545 2191 109 53 nec
608 2191 187 53 christum
748 2191 172 53 aliquis
858 2191 187 53 occidisset

259 2230 103 59 nec
318 2230 176 59 martyres
450 2230 147 59 forent
553 2230 88 59 in
597 2230 176 59 ecclesia
729 2230 117 59 etc.
802 2230 117 59 Item
876 2230 88 59 ex
905 2230 132 59 paganis

240 2273 76 52 e
270 2273 152 52 multis
376 2273 136 52 malis
467 2273 182 52 homnibus
604 2273 197 52 progeniti
755 2273 121 52 sunt
831 2273 152 52 sancti
922 2273 121 52 pluri-

245 2325 104 47 mi
297 2325 156 47 Sicut
400 2325 104 47 de
452 2325 173 47 genere
573 2325 138 47 Esau
660 2325 190 47 sanctus
798 2325 121 47 Iob
867 2325 121 47 dce
919 2325 121 47 acham

248 2368 132 43 malo
330 2368 198 43 Etechias
478 2368 165 43 bonus.
594 2368 99 43 et
643 2368 115 43 sic
709 2368 99 43 de
759 2368 148 43 aliis
858 2368 181 43 multis.
973 2368 66 43 De

252 2408 131 51 nique
340 2408 87 51 de
384 2408 131 51 penis
471 2408 204 51 damnatorum
631 2408 189 51 augebitur
777 2408 160 51 leticia
879 2408 160 51 beatorum.

243 2437 72 57 et
279 2437 84 57 sic
327 2437 108 57 patet
399 2437 96 57 quod
459 2437 96 57 deus
519 2437 132 57 meliora
615 2437 132 57 elicit.
710 2437 96 57 vnde
770 2437 96 57 deus
830 2437 120 57 semper
914 2437 72 57 et
950 2437 72 57 in
974 2437 60 57 omn

246 2485 105 58 bus
306 2485 120 58 suis
381 2485 180 58 operibus
516 2485 105 58 est
576 2485 195 58 laudandus
727 2485 90 58 et
772 2485 210 58 diligendus
922 2485 90 58 etc.

249 2527 125 67 ¶
299 2527 249 67 Tertia
473 2527 424 67 interrogatio.
823 2527 224 67 quare
947 2527 100 67 de

261 2587 88 46 us
305 2587 190 46 permittit
451 2587 146 46 tantum
554 2587 132 46 malum
641 2587 132 46 vicem
729 2587 175 46 perpetue
846 2587 190 46 damnationis

247 2631 88 54 in
291 2631 177 54 vniuerso
424 2631 103 54 cum
483 2631 177 54 princeps
616 2631 133 54 bonus
704 2631 133 54 vitat
792 2631 118 54 mala
866 2631 118 54 quae
925 2631 118 54 potest

240 2671 97 45 in
288 2671 113 45 suo
353 2671 162 45 regno:
466 2671 113 45 Sed
531 2671 178 45 solutio
661 2671 146 45 huius
758 2671 162 45 patuit
871 2671 162 45 supra.
968 2671 81 45 vbi

241 2715 148 63 Malum.
345 2715 89 63 §.
389 2715 133 63 viii.
477 2715 118 63 Ideo
551 2715 103 63 hic
595 2715 192 63 partranseo.

1076 319 138 88 ¶
1132 319 276 88 Quarta
1325 319 441 88 interrogatio
1683 319 193 88 vel
1766 319 138 88 du-

1094 390 129 52 bium
1174 390 145 52 quare
1271 390 177 52 oportet
1400 390 97 52 me
1448 390 193 52 laborare
1593 390 97 52 in
1641 390 129 52 bono
1722 390 145 52 opere
1802 390 81 52 cum

1100 441 131 47 certum
1192 441 92 47 est
1244 441 105 47 quod
1310 441 79 47 si
1349 441 92 47 sum
1402 441 236 47 praedestinatus
1598 441 157 47 quicquid
1716 441 131 47 faciam
1795 441 92 47 fina-

1097 475 123 55 liter
1180 475 178 55 saluabor:
1317 475 69 55 ¶
1344 475 206 55 Respondetur
1508 475 123 55 primo
1591 475 219 55 praemittendo
1755 475 137 55 secundum

1096 522 180 47 Bonauem.
1231 522 120 47 quod
1306 522 105 47 sic
1365 522 165 47 arguere
1485 522 165 47 stultum
1605 522 120 47 est.
1680 522 120 47 quia
1754 522 135 47 ducit
1829 522 60 47 in

1097 564 173 43 torporem
1226 564 87 43 et
1270 564 202 43 impietatis
1429 564 245 43 excusationem.
1631 564 130 43 Sicut
1717 564 87 43 si
1761 564 115 43 quis
1818 564 58 43 ai

1094 604 167 54 gueret.
1215 604 136 54 quare
1306 604 167 54 comedis
1427 604 91 54 et
1473 604 136 54 bibis
1564 604 152 54 hodie.
1670 604 106 54 cum
1730 604 121 54 deus
1791 604 91 54 prae

1090 642 197 46 ordinauit
1241 642 91 46 an
1287 642 212 46 superuiuas
1453 642 121 46 eras
1529 642 106 46 vel
1589 642 121 46 non.
1665 642 91 46 Et
1710 642 136 46 sicut
1786 642 91 46 deus

1102 683 162 56 praeuidit:
1230 683 116 56 omnino
1311 683 81 56 sic
1357 683 104 56 erit.
1427 683 93 56 ergo
1485 683 69 56 si
1519 683 93 56 deus
1577 683 151 56 praeuidit
1693 683 69 56 te
1716 683 174 56 superuicturum

1085 725 219 51 superuiues
1257 725 172 51 etiamsi
1382 725 172 51 nunquam
1507 725 187 51 comedas.
1648 725 172 51 Sinaunt
1757 725 125 51 aliter

1098 771 88 49 no
1142 771 206 49 superuiues
1305 771 177 49 quicquid
1437 771 162 49 comedas
1555 771 162 49 Stultus
1673 771 133 49 esset
1761 771 103 49 qui
1806 771 88 49 con-

1090 814 185 48 sentiret
1228 814 123 48 huic
1305 814 293 48 argumentationi.
1552 814 200 48 Similiter
1706 814 139 48 quare
1783 814 108 48 caues

1095 853 74 58 ab
1132 853 99 58 igne
1194 853 74 58 et
1231 853 161 58 huiusmodi
1354 853 99 58 etc.
1416 853 62 58 ¶
1441 853 136 58 Secundo
1540 853 148 58 dicendum
1651 853 87 58 est
1701 853 148 58 secundum
1799 853 87 58 Fran.

1088 892 130 55 supra.
1179 892 104 55 Quod
1244 892 91 55 non
1296 892 156 55 obstante
1412 892 130 55 dictam
1503 892 143 55 ratione
1607 892 117 55 debet
1685 892 156 55 quilibet
1788 892 104 55 labora

1099 938 105 43 re.
1159 938 135 43 Primo
1249 938 90 43 ex
1294 938 209 43 gratitudie
1458 938 105 43 Nam
1518 938 90 43 si
1563 938 135 43 etiam
1653 938 209 43 necessario
1802 938 90 43 quis

1095 978 237 51 praedestinatus
1293 978 185 51 saluaretur
1438 978 92 51 ita
1490 978 105 51 quod
1556 978 105 51 deus
1622 978 92 51 non
1675 978 132 51 posset
1767 978 92 51 eum
1807 978 79 51 dan-

1097 1017 122 55 nare.
1179 1017 136 55 nihilo
1274 1017 122 55 minus
1356 1017 150 55 propter
1465 1017 95 55 hoc
1519 1017 109 55 quod
1587 1017 109 55 deus
1655 1017 95 55 eum
1696 1017 190 55 praedestina-

1096 1065 118 50 uit
1164 1065 186 50 deberet
1299 1065 152 50 tanto
1400 1065 152 50 magis
1501 1065 169 50 conari
1619 1065 101 50 ad
1653 1065 236 50 complacendum

1102 1104 100 46 deo
1159 1104 100 46 per
1216 1104 129 46 omnem
1302 1104 129 46 modum
1388 1104 157 46 bonorum
1503 1104 143 46 operum
1603 1104 100 46 pro
1660 1104 229 46 geratitudine
1832 1104 57 46 Se

1092 1150 138 60 cundo
1184 1150 123 60 quia
1260 1150 123 60 deus
1337 1150 107 60 non
1398 1150 215 60 necessario
1567 1150 215 60 determinat
1720 1150 169 60 vnumquen-

1106 1189 91 52 que
1158 1189 143 52 hominim
1262 1189 78 52 ad
1301 1189 169 52 saluandum
1432 1189 104 52 quin
1497 1189 143 52 damnari
1601 1189 130 52 possit
1693 1189 91 52 per
1732 1189 130 52 peccatum

1106 1223 65 60 ¶
1132 1223 91 60 Sed
1184 1223 103 60 dic.
1248 1223 103 60 ergo
1313 1223 116 60 prius
1391 1223 91 60 non
1442 1223 207 60 praecognouit
1610 1223 272 60 certitudinaliter.
1830 1223 52 60 Di

1097 1279 144 46 cendum
1198 1279 116 46 quod
1270 1279 130 46 licet
1357 1279 289 46 certitudinaliter
1602 1279 116 46 deus
1674 1279 144 46 noscat
1775 1279 87 46 me
1804 1279 87 46 nunc

1091 1315 125 46 esse.
1174 1315 83 46 et
1216 1315 125 46 nouit
1300 1315 83 46 ab
1341 1315 139 46 eterno
1438 1315 125 46 Tamen
1522 1315 83 46 in
1563 1315 97 46 hoc
1619 1315 125 46 eodem
1702 1315 125 46 nunc:
1772 1315 111 46 potest

1091 1357 145 53 facere
1192 1357 116 53 quod
1264 1357 101 53 non
1322 1357 130 53 essem
1409 1357 87 53 in
1452 1357 130 53 sensu
1539 1357 202 53 diuisionis
1698 1357 188 53 loquendo.
1828 1357 58 53 Et

1095 1397 117 51 tunc
1169 1397 117 51 deus
1242 1397 190 51 oppositum
1388 1397 146 51 nosset
1491 1397 88 51 et
1535 1397 88 51 ab
1579 1397 146 51 eterno
1681 1397 146 51 sciuit
1784 1397 88 51 se
1813 1397 73 51 hoc

1109 1439 135 51 posse.
1203 1439 67 51 ¶
1230 1439 135 51 Tertio
1324 1439 108 51 quia
1392 1439 162 51 scienita
1513 1439 94 51 dei
1567 1439 81 51 de
1608 1439 148 51 futuris
1702 1439 189 51 contingenti-

1097 1481 110 44 bus
1160 1481 110 44 non
1223 1481 110 44 est
1285 1481 110 44 ita
1348 1481 235 44 determinata
1536 1481 141 44 sicut
1630 1481 94 44 de
1677 1481 235 44 necessariis

1087 1524 100 44 sed
1144 1524 100 44 est
1201 1524 228 44 conditionata
1386 1524 128 44 Sicut
1471 1524 128 44 omnes
1557 1524 228 44 promissiones
1742 1524 100 44 ve.
1785 1524 85 44 test

1090 1555 91 54 ad
1135 1555 151 54 Abraam
1241 1555 91 54 et
1287 1555 136 54 Dauid
1377 1555 182 54 aliosque
1514 1555 167 54 fuerunt
1635 1555 242 54 conditionate
1816 1555 61 54 et

1097 1608 202 50 praecognite
1258 1608 81 50 vt
1299 1608 121 50 fiant
1380 1608 94 50 non
1434 1608 189 50 necessario
1582 1608 94 50 sed
1623 1608 202 50 contingenter-

1096 1653 152 46 Quarto.
1207 1653 111 46 quia
1276 1653 166 46 tenendum
1401 1653 97 46 est
1456 1653 97 46 pro
1512 1653 139 46 regula
1609 1653 111 46 quod
1678 1653 111 46 deus
1734 1653 152 46 prauidens

1099 1691 145 49 finem.
1200 1691 116 49 puta
1272 1691 145 49 istius
1373 1691 217 49 saluationem
1547 1691 188 49 prauidet.
1692 1691 87 49 et
1735 1691 130 49 media
1808 1691 72 49 qui

1100 1735 91 54 bus
1152 1735 169 54 deuenitur
1282 1735 78 54 ad
1321 1735 117 54 illum
1399 1735 117 54 finem
1477 1735 156 54 scilicet
1594 1735 117 54 omnes
1672 1735 117 54 actus
1737 1735 143 54 meritori-

1093 1771 83 46 os
1135 1771 83 46 et
1176 1771 152 46 conatus
1286 1771 138 46 quibus
1383 1771 207 46 saluabitur.
1548 1771 124 46 patet
1631 1771 97 46 per
1686 1771 124 46 Fran.
1755 1771 124 46 concor.

1112 1814 114 46 Rich.
1188 1814 76 46 e.
1226 1814 89 46 di.
1277 1814 89 46 xl.
1328 1814 89 46 ar.
1379 1814 89 46 ii.
1429 1814 76 46 q.
1467 1814 76 46 i.
1506 1814 76 46 et
1544 1814 114 46 Lyram
1620 1814 114 46 super
1696 1814 127 46 Matth.
1785 1814 89 46 vi.
1835 1814 76 46 ac

1089 1850 119 61 Grego.
1173 1850 131 61 xxiiii.
1268 1850 72 61 q.
1304 1850 95 61 iii.
1363 1850 143 61 obtineri
1471 1850 107 61 dicit
1542 1850 95 61 quod
1602 1850 215 61 praedestinatio
1781 1850 83 61 ita
1816 1850 60 61 est

1088 1905 68 52 a
1116 1905 95 52 deo
1170 1905 217 52 praeordinata
1346 1905 81 52 vt
1387 1905 136 52 electi
1482 1905 81 52 ad
1523 1905 95 52 eam
1577 1905 95 52 non
1631 1905 109 52 nisi
1699 1905 176 52 praecibus
1835 1905 54 52 me

1099 1924 134 73 ritis
1189 1924 209 73 prueniant.
1352 1924 119 73 ergo
1427 1924 164 73 operari
1546 1924 134 73 debes
1636 1924 89 73 vt
1680 1924 179 73 merearis
1814 1924 75 73 ¶
1829 1924 60 73 Si

1096 1980 146 46 dicit.
1199 1980 146 46 Nuquid
1301 1980 117 46 ergo
1374 1980 88 46 ds
1418 1980 88 46 me
1462 1980 234 46 necessitabit
1652 1980 88 46 ad
1696 1980 132 46 talia
1769 1980 117 46 merita

1095 2024 147 48 Dicendum
1205 2024 98 48 quod
1267 2024 86 48 non
1316 2024 110 48 sicut
1389 2024 110 48 etiam
1463 2024 86 48 non
1512 2024 172 48 necessitat
1647 2024 86 48 ad.
1696 2024 110 48 actum
1757 2024 123 48 praesen-

1084 2070 97 64 tem
1140 2070 111 64 quem
1209 2070 125 64 tamen
1293 2070 278 64 certitudinaliter
1529 2070 139 64 nouit.
1627 2070 97 64 Hec
1669 2070 97 64 Fran.

1145 2098 109 85 ¶
1189 2098 219 85 Quinta
1342 2098 350 85 interrogatio
1626 2098 175 85 dici
1714 2098 153 85 repro

1093 2168 126 53 bato.
1177 2168 98 53 Cum
1233 2168 112 53 enim
1303 2168 112 53 deus
1372 2168 182 53 praeuidit
1512 2168 84 53 me
1554 2168 168 53 danandum
1680 2168 84 53 et
1721 2168 98 53 ita
1763 2168 126 53 finali-

1089 2213 91 52 ter
1141 2213 156 52 eueniet.
1258 2213 117 52 Quare
1336 2213 104 52 ergo
1401 2213 143 52 oportet
1505 2213 78 52 me
1544 2213 104 52 bene
1609 2213 156 52 operari.
1726 2213 78 52 Et
1752 2213 130 52 Responde

1104 2252 109 52 detur
1176 2252 145 52 secundum
1285 2252 72 52 e.
1321 2252 109 52 Fran.
1393 2252 121 52 Primo.
1478 2252 97 52 quia
1538 2252 109 52 talis
1611 2252 84 52 per
1659 2252 97 52 bona
1719 2252 121 52 opera.
1792 2252 84 52 licet

1099 2297 192 40 indirecte
1247 2297 148 40 minuit
1351 2297 118 40 sibi
1425 2297 118 40 pena
1499 2297 177 40 futuram.
1632 2297 104 40 Nam
1691 2297 89 40 si
1735 2297 104 40 nil
1779 2297 104 40 boni.

1097 2337 147 53 faceret
1204 2337 147 53 grauius
1311 2337 174 53 puniretur
1444 2337 80 53 eo
1485 2337 107 53 quod
1552 2337 94 53 non
1605 2337 120 53 fecit
1685 2337 107 53 quae
1739 2337 147 53 tenebatur

1093 2374 73 51 de
1129 2374 171 51 praecepto.
1264 2374 73 51 et
1300 2374 98 51 quia
1361 2374 110 51 plura
1434 2374 98 51 mala
1496 2374 146 51 faceret.
1605 2374 98 51 ergo
1666 2374 98 51 etc.
1727 2374 134 51 Secundo
1813 2374 73 51 quia

1093 2417 116 59 deus
1165 2417 203 59 diligendus
1324 2417 101 59 est
1382 2417 159 59 propter
1498 2417 174 59 seipsum.
1628 2417 145 59 vtpote
1729 2417 145 59 summum
1816 2417 58 59 bo

1100 2461 109 51 num.
1169 2461 150 51 ideoque
1278 2461 109 51 pure
1347 2461 150 51 propter
1456 2461 109 51 deum
1524 2461 123 51 debet
1606 2461 109 51 quis
1675 2461 123 51 etiam
1743 2461 137 51 reproba-

1093 2504 101 46 tus
1150 2504 115 46 bona
1222 2504 158 46 facere.
1337 2504 86 46 Et
1380 2504 158 46 propter
1495 2504 129 46 bonum
1581 2504 172 46 virtutis
1711 2504 158 46 peccata
1811 2504 72 46 ca-

1087 2545 138 51 uere.
1179 2545 123 51 vnde
1255 2545 168 51 Seneca.
1378 2545 92 51 Si
1424 2545 153 51 scirem
1531 2545 153 51 inquit
1638 2545 123 51 deos
1699 2545 184 51 ignoscitu-

1097 2584 114 50 ros
1162 2584 98 50 et
1211 2584 179 50 demones
1341 2584 114 50 non
1406 2584 228 50 noscituros
1584 2584 146 50 adhuc
1682 2584 179 50 peccare
1796 2584 81 50 eru

1094 2630 151 45 bescerem
1208 2630 138 45 propter
1308 2630 138 45 peccati
1409 2630 176 45 vilitatem.
1547 2630 88 45 Hec
1597 2630 113 45 ille.
1672 2630 138 45 Tertio.
1773 2630 101 45 quia
1823 2630 63 45 si-

1100 2674 100 51 cut
1157 2674 114 51 Aug.
1228 2674 128 51 super
1313 2674 128 51 Ioam.
1399 2674 142 51 dicit.
1499 2674 128 51 Nouit
1584 2674 114 51 deus
1655 2674 142 51 mutare
1741 2674 142 51 decretum

1103 2713 78 68 si
1142 2713 78 68 tu
1181 2713 117 68 velis
1259 2713 130 68 mutare
1351 2713 169 68 delictum.
1481 2713 117 68 patet
1559 2713 78 68 ex
1598 2713 196 68 praedictis.
1755 2713 104 68 quia
1807 2713 78 68 deus
