2263 3309
245 318 93 66 est
298 318 119 66 verum
377 318 119 66 facta
457 318 212 66 suppositione
629 318 159 66 scilicet
748 318 106 66 quod
815 318 93 66 sit
854 318 186 66 determinatum

243 378 75 46 a
273 378 179 46 volutate
407 378 164 46 diuina.
527 378 90 46 et
571 378 194 46 praeuisum
721 378 90 46 ab
765 378 209 46 intellectu
915 378 119 46 diuino

237 422 107 54 Sed
298 422 122 54 quia
374 422 107 54 non
435 422 244 54 determinauit
633 422 92 54 se
679 422 183 54 voluntas
816 422 92 54 in
847 422 198 54 contingenti

253 460 80 44 bus
298 460 160 44 huiusmodi.
424 460 92 44 ergo
482 460 92 44 etc.
539 460 57 44 ¶
562 460 92 44 Unde
619 460 69 44 ad
653 460 137 44 quesitum
756 460 172 44 respondetur
894 460 137 44 secundum
985 460 46 44 e.

258 501 209 54 Scotorlis.
422 501 119 54 quod
497 501 119 54 deus
571 501 238 54 precognoscit
765 501 224 54 determinate
929 501 104 54 omnia

250 548 216 51 contingentia
426 548 122 51 teste
507 548 162 51 apostolo
629 548 108 51 Heb.
696 548 122 51 iiii.
777 548 122 51 Omnia
858 548 108 51 nuda
926 548 81 51 et
953 548 81 51 aper

244 585 85 48 ta
286 585 113 48 sunt
357 585 141 48 oculis
455 585 127 48 eius.
540 585 127 48 Ratio
624 585 113 48 quia
695 585 127 48 agens
779 585 99 48 per
836 585 197 48 voluntatem
977 585 56 48 et

237 627 224 49 intellectum
416 627 209 49 certissime
580 627 209 49 cognoscit.
744 627 119 49 suum
819 627 194 49 effectum.
953 627 75 49 Sed

246 673 107 47 deus
312 673 107 47 agit
379 673 80 47 et
419 673 120 47 facit
499 673 93 47 per
553 673 200 47 intellectum
713 673 80 47 et
753 673 187 47 voluntatem
900 673 120 47 omnia
966 673 67 47 con

240 709 161 76 tingentia
364 709 75 76 ac
401 709 149 76 dirigit.
513 709 99 76 ergo
562 709 75 76 etc.

268 775 105 64 ¶
310 775 126 64 An
373 775 168 64 deus
478 775 336 64 contingenter
752 775 273 64 praesciat
941 775 84 64 fu

245 838 104 56 tura
310 838 222 56 contingentia:
493 838 104 56 Nota
558 838 157 56 secundum
676 838 117 56 Guil.
754 838 78 56 e.
793 838 91 56 di.
845 838 157 56 xxxviii.
950 838 78 56 quod

241 879 127 55 triplex
333 879 81 55 est
379 879 161 55 contingens
505 879 138 55 secundum
609 879 173 55 philosophos
747 879 58 55 ¶
770 879 115 55 Primum
850 879 127 55 dicitur
931 879 104 55 contin-

245 924 106 54 gens
311 924 80 54 ad
351 924 186 54 vtrumlibet
497 924 133 54 quando
590 924 159 54 scilicet
709 924 226 54 indifferenter
895 924 93 54 res
948 924 80 54 se
975 924 66 54 ha-

245 966 96 53 bet
300 966 83 53 ad
342 966 165 53 opposita
466 966 262 53 contradictoria.
686 966 124 53 sicut
768 966 151 53 hominem
879 966 110 53 esse
934 966 96 53 album

246 1008 88 43 vel
297 1008 88 43 non
347 1008 100 43 esse
409 1008 125 43 album.
497 1008 100 43 Ideo
560 1008 138 43 dicitur
660 1008 75 43 ad
698 1008 188 43 vtrumlibet.
848 1008 125 43 patet.
936 1008 75 43 ii
961 1008 75 43 Peri

240 1043 107 52 her.
306 1043 147 52 Secundm
413 1043 147 52 dicitur
520 1043 187 52 contingens
667 1043 147 52 innatum
773 1043 133 52 quando
867 1043 80 52 se
907 1043 120 52 habet
974 1043 53 52 ad

255 1092 106 48 vnam
321 1092 145 48 partem:
426 1092 119 48 tamen
505 1092 92 48 cum
558 1092 132 48 quadam
651 1092 211 48 inclinatione
822 1092 79 48 ad
862 1092 132 48 aliam:
941 1092 92 48 licet

239 1132 96 46 non
294 1132 191 46 equaliter.
444 1132 82 46 Et
485 1132 109 46 ista
553 1132 150 46 dicitur
662 1132 218 46 contingentia
840 1132 136 46 nature
935 1132 96 46 vbi
976 1132 55 46 se

250 1176 121 48 pius
325 1176 121 48 quod
401 1176 151 48 natura
506 1176 181 48 intendit
642 1176 181 48 accidit.
778 1176 136 48 licet
868 1176 106 48 non
913 1176 121 48 semper

240 1219 93 49 ido
293 1219 146 49 dicitur
399 1219 185 49 contingens
544 1219 146 49 innatum
650 1219 119 49 quasi
730 1219 119 49 intus
809 1219 119 49 natum
888 1219 93 49 seu
941 1219 79 49 in
968 1219 66 49 na-

236 1262 108 46 tura
304 1262 162 46 positum.
426 1262 81 46 Et
466 1262 81 46 de
507 1262 95 46 hoc
561 1262 162 46 loquitur
683 1262 203 46 philosophus
845 1262 122 46 primo
912 1262 122 46 Priorum

224 1299 202 58 Exemplum:
380 1299 171 58 hominem
505 1299 171 58 bipedem
629 1299 140 58 nasci
723 1299 109 58 vel
785 1299 109 58 cum
847 1299 171 58 oculis.
956 1299 78 58 Ter

243 1345 98 46 tium
304 1345 134 46 dicitur
401 1345 171 46 contingens
536 1345 122 46 altum.
621 1345 73 46 Et
658 1345 85 46 est
707 1345 134 46 quoddam
804 1345 134 46 commune
902 1345 85 46 tam
938 1345 98 46 contin

235 1391 109 45 genti
308 1391 73 45 ad
344 1391 170 45 vtrumlibet
477 1391 97 45 quam
538 1391 133 45 innato.
634 1391 73 45 et
671 1391 97 45 ideo
731 1391 133 45 dicitur
828 1391 109 45 altum
901 1391 109 45 sicut
961 1391 73 45 con-

241 1427 134 47 munia
331 1427 89 47 in
375 1427 134 47 linea
465 1427 283 47 praedicamentali
703 1427 119 47 sunt
778 1427 164 47 altiora
882 1427 149 47 particu-

242 1471 165 46 laribus.
366 1471 82 46 Et
407 1471 178 46 huiusmodi
544 1471 151 46 vocatur
654 1471 192 46 possibilis
805 1471 151 46 nomine.
914 1471 82 46 ii
942 1471 82 46 Peri

236 1511 88 54 her.
291 1511 77 54 per
335 1511 175 54 philosophum.
477 1511 77 54 ita
521 1511 88 54 quod
576 1511 131 54 quicquid
674 1511 77 54 est
718 1511 142 54 possibile
828 1511 121 54 dicitur
904 1511 121 54 contigens

234 1548 77 59 et
273 1548 90 59 sic
324 1548 141 59 hominem
427 1548 129 59 habere
517 1548 103 59 alas
581 1548 90 59 est
633 1548 193 59 contingens.
787 1548 103 59 quia
839 1548 154 59 possibile.

228 1580 65 64 ¶
254 1580 78 64 Ad
293 1580 155 64 quesitum
409 1580 129 64 itaque
500 1580 194 64 respondetur
655 1580 155 64 secundum
771 1580 155 64 Scotorl.
888 1580 91 64 di.
927 1580 103 64 xxxix.

235 1629 140 66 primi.
333 1629 84 66 q.
375 1629 84 66 ii
417 1629 168 66 simulque
543 1629 126 66 Guil.
627 1629 126 66 supra
710 1629 154 66 ponendo
808 1629 210 66 conclusiones.

264 1673 66 65 ¶
290 1673 119 65 Prima
370 1673 106 65 quod
436 1673 159 65 scientia
555 1673 106 65 quae
621 1673 106 65 deus
687 1673 172 65 cognoscit
819 1673 119 65 omnia
899 1673 119 65 prout
965 1673 66 65 est

240 1724 76 51 in
278 1724 88 51 deo
329 1724 88 51 est
379 1724 189 51 necessaria.
530 1724 151 51 probatur
644 1724 88 51 per
694 1724 126 51 eundem
783 1724 114 51 Guil.
858 1724 101 51 quia
921 1724 114 51 alias
985 1724 50 51 se

232 1761 161 55 haberet
350 1761 88 55 in
394 1761 103 55 deo
452 1761 88 55 ad
496 1761 132 55 modum
584 1761 132 55 forme
672 1761 249 55 accidentalis.
877 1761 117 55 Item
936 1761 88 55 quia

229 1811 101 49 est
286 1811 158 49 eterna.
401 1811 101 49 sed
458 1811 115 49 omne
530 1811 158 49 eternum
645 1811 101 49 est
703 1811 230 49 necessarium.
889 1811 86 49 ii
932 1811 86 49 de
961 1811 72 49 ge-

239 1851 177 52 neratione
375 1851 68 52 ¶
402 1851 149 52 Secunda
511 1851 177 52 conclusio
647 1851 81 52 ex
688 1851 190 52 Scotorlis.
837 1851 109 52 quod
905 1851 109 52 deus
959 1851 68 52 non

237 1891 119 54 habet
316 1891 173 54 scientiam
449 1891 199 54 necessariam
608 1891 80 54 de
648 1891 239 54 contingentibus
847 1891 80 54 ex
887 1891 119 54 parte
954 1891 66 54 obi

242 1934 121 48 iecti
322 1934 161 48 loquando
443 1934 80 48 de
483 1934 201 48 necessitate
644 1934 161 48 absoluta
765 1934 94 48 vel
818 1934 201 48 simpliciter
966 1934 67 48 di-

246 1976 93 49 cta.
305 1976 93 49 Unde
363 1976 93 49 nota
421 1976 93 49 quod
480 1976 70 49 vt
515 1976 128 49 habetur
608 1976 105 49 circa
678 1976 82 49 fi.
725 1976 70 49 ii
760 1976 105 49 libro
830 1976 93 49 phy.
876 1976 152 49 Necessarium

247 2019 104 53 est
306 2019 148 53 duplex
410 2019 133 53 vicem
499 2019 193 53 absolutum
647 2019 89 53 et
692 2019 89 53 ex
736 2019 237 53 suppositione
914 2019 104 53 Infra

253 2059 69 52 §.
288 2059 81 52 ix.
334 2059 92 52 Nota
392 2059 104 52 etiam
461 2059 92 52 quod
518 2059 138 52 scientia
622 2059 184 52 specificatur
772 2059 69 52 ex
806 2059 138 52 obiecto.
910 2059 115 52 patet.
979 2059 46 52 vi

238 2111 128 43 Meta.
323 2111 86 43 et
366 2111 100 43 iii
423 2111 86 43 de
466 2111 143 43 anima.
566 2111 86 43 Et
608 2111 100 43 ita
666 2111 86 43 de
708 2111 171 43 obiectis
837 2111 214 43 necessariis

245 2144 155 47 habentur
362 2144 155 47 scientie
478 2144 194 47 necessarie.
634 2144 78 47 et
672 2144 78 47 de
711 2144 155 47 obiectis
815 2144 207 47 contingentibus

236 2188 177 46 contingens
375 2188 164 46 scientia.
501 2188 101 46 Unde
564 2188 88 46 hec
615 2188 164 46 conclusio
741 2188 151 46 probatur
854 2188 101 46 sic.
917 2188 101 46 Quia
968 2188 63 46 sci

251 2230 124 44 entia
334 2230 96 44 dei
389 2230 83 44 de
430 2230 248 44 contingentibus
637 2230 220 44 praesupponit
816 2230 151 44 diuinum
912 2230 110 44 velle.

245 2269 86 52 ad
288 2269 143 52 extra.
388 2269 86 52 Et
430 2269 114 52 tale
502 2269 129 52 velle
587 2269 171 52 respectu
716 2269 243 52 contingentium
916 2269 100 52 non
959 2269 71 52 est

254 2312 225 59 simpliciter
434 2312 105 59 vel
494 2312 180 59 absolute
629 2312 225 59 necessarium
809 2312 105 59 sed
854 2312 180 59 contingens

230 2355 126 47 quia
309 2355 190 47 voluntas
451 2355 111 47 dei
515 2355 111 47 non
578 2355 126 47 vult
657 2355 126 47 illa
736 2355 221 47 necessario
910 2355 111 47 sed
957 2355 79 47 con

243 2401 225 49 tingenter.
420 2401 113 49 Nam
484 2401 273 49 indeterminata
709 2401 113 49 est
774 2401 97 49 ad
822 2401 113 49 duo
870 2401 161 49 opposita

246 2437 105 55 ergo
312 2437 210 55 contingenter
483 2437 79 55 se
522 2437 118 55 habet
601 2437 79 55 ad
641 2437 105 55 illa
706 2437 66 55 ¶
733 2437 132 55 Tertia
825 2437 171 55 conclusio
943 2437 79 55 quod

250 2482 119 54 deus
324 2482 134 54 habet
413 2482 193 54 scientiam
562 2482 208 54 necessaria
725 2482 89 54 de
770 2482 267 54 contingentibus
978 2482 59 54 ne

250 2523 191 52 cessitate
397 2523 88 52 ex
441 2523 235 52 suppositione
632 2523 103 52 vel
691 2523 249 52 conditionata.
881 2523 147 52 probatur

245 2564 166 43 secundum
370 2564 83 43 e.
411 2564 194 43 Scotorlis.
563 2564 111 43 quia
632 2564 207 43 intellectus
798 2564 152 43 diuinus
909 2564 83 43 ab
936 2564 97 43 eter-

244 2606 93 45 no
290 2606 201 45 cognoscit
444 2606 124 45 suam
521 2606 216 45 voluntatem
691 2606 170 45 diuinam
815 2606 93 45 et
861 2606 139 45 omnes
938 2606 93 45 eius

239 2652 335 44 determinationes.
524 2652 134 44 vnde
608 2652 100 44 si
658 2652 201 44 voluntas
809 2652 167 44 diuina
909 2652 134 44 deter-

232 2691 174 57 minauit
358 2691 174 57 aliquid
485 2691 174 57 futurum
611 2691 142 57 fore:
706 2691 142 57 illud
800 2691 205 57 cognoscit
942 2691 95 57 opti

229 2730 93 59 me
276 2730 124 59 puta
354 2730 124 59 quod
431 2730 171 59 futurum
555 2730 124 59 erit
633 2730 186 59 iudicium
773 2730 93 59 in
819 2730 124 59 fiue
897 2730 155 59 mundi.
990 2730 62 59 Et

1089 325 106 65 sic
1150 325 228 65 intellectus
1332 325 167 65 diuinus
1454 325 91 65 ex
1499 325 122 65 tali
1575 325 258 65 suppositionis
1773 325 106 65 neces

1084 377 166 57 sitate.
1204 377 196 57 videlicet
1355 377 120 57 quia
1430 377 105 57 dei
1491 377 181 57 voluntas
1626 377 105 57 sic
1671 377 211 57 determinauit

1100 420 188 54 cognoscit
1244 420 202 54 necessario
1403 420 115 54 fore
1475 420 159 54 futurum
1590 420 173 54 iudicium
1720 420 115 54 Unde
1778 420 101 54 sicut

1093 465 170 58 scientia
1220 465 99 58 dei
1277 465 99 58 est
1333 465 226 58 infallibilis
1517 465 99 58 ita
1574 465 99 58 est
1630 465 85 58 et
1673 465 198 58 necessaria
1814 465 71 58 Sed

1093 508 177 51 scientia
1226 508 89 51 de
1271 508 266 51 contingentibus
1492 508 103 51 est
1551 508 236 51 infallibilis
1743 508 89 51 ex
1773 508 118 51 suppo-

1091 553 152 48 sitione
1202 553 97 48 qua
1257 553 110 48 deus
1326 553 97 48 sic
1381 553 235 48 determinauit.
1574 553 110 48 ergo
1643 553 124 48 etiam
1726 553 83 48 ex
1754 553 138 48 supposi-

1091 595 125 53 tione
1174 595 97 53 est
1230 595 195 53 necessaria
1383 595 83 53 id
1425 595 97 53 est
1480 595 83 53 ex
1522 595 250 53 determinatione
1716 595 167 53 voluntatis

1099 638 175 67 diuine
1221 638 123 67 que
1291 638 123 67 est
1361 638 158 67 prima
1466 638 158 67 causa
1571 638 298 67 contingentium
1799 638 88 67 Hec

1088 674 190 47 Scotorlis.

1148 719 123 81 ¶
1198 719 173 81 Sed
1296 719 197 81 vnde
1420 719 197 81 deus
1543 719 321 81 cognoscit
1765 719 123 81 ve-

1087 784 170 48 ritate
1206 784 255 48 determinata
1410 784 170 48 futura
1530 784 289 48 contingentia.
1768 784 102 48 De
1802 784 85 48 hoc

1099 821 177 49 Scotorl.
1232 821 88 49 e.
1276 821 118 49 dis.
1349 821 177 49 xxxviii.
1482 821 118 49 post
1555 821 147 49 varias
1658 821 191 49 opiniones
1791 821 88 49 sibi

1083 870 221 43 contrarias
1257 870 142 43 ponit
1352 870 126 43 doc.
1431 870 158 43 subti.
1541 870 205 43 opinionem
1699 870 126 43 quam
1763 870 126 43 sequun

1083 909 106 49 tur
1143 909 166 49 Scotis.
1264 909 90 49 et
1309 909 136 49 Guil.
1400 909 121 49 quod
1475 909 241 49 contingentia
1671 909 196 49 cognoscit
1807 909 75 49 in-

1082 954 214 45 tellectus
1246 954 181 45 diuinus
1378 954 99 45 ab
1428 954 165 45 eterno
1543 954 214 45 inquantum
1691 954 198 45 contingen-

1092 990 103 55 tia
1151 990 103 55 non
1210 990 103 55 per
1268 990 146 55 ideas.
1371 990 117 55 quia
1444 990 132 55 ideas
1532 990 103 55 non
1590 990 132 55 habet
1678 990 190 55 inquantum
1810 990 88 55 sunt

1093 1033 232 54 contingentia
1281 1033 87 54 vt
1324 1033 130 54 patet
1411 1033 145 54 infra.
1512 1033 87 54 §.
1556 1033 101 54 xx.
1614 1033 101 54 Sed
1671 1033 188 54 cognoscit
1802 1033 72 54 per

1088 1074 298 61 determinationem
1340 1074 110 61 sue
1402 1074 220 61 voluntatis
1575 1074 110 61 que
1638 1074 110 61 est
1701 1074 141 61 prima
1779 1074 110 61 causa

1082 1123 158 52 totius
1193 1123 268 52 contingentie.
1413 1123 95 52 et
1460 1123 95 52 ab
1508 1123 158 52 eterno
1618 1123 221 52 determinat
1776 1123 110 52 omnia

1084 1158 148 59 futura
1188 1158 252 59 contingentia:
1395 1158 118 59 quae
1469 1158 118 59 vult
1543 1158 133 59 fieri
1632 1158 237 59 determinate.
1810 1158 74 59 vel

1090 1203 107 49 que
1151 1203 107 49 non
1212 1203 230 49 determinate
1397 1203 107 49 sed
1458 1203 92 49 ad
1504 1203 215 49 vtrumlibet
1673 1203 92 49 Et
1719 1203 107 49 sic
1765 1203 123 49 intel-

1082 1242 161 59 lectus
1194 1242 209 59 cognoscit
1355 1242 129 59 quod
1436 1242 257 59 determinatio
1645 1242 225 59 voluntatis
1806 1242 80 59 di-

1087 1285 116 57 uine
1159 1285 101 57 non
1217 1285 145 57 potest
1318 1285 188 57 impedire.
1463 1285 246 57 praecognoscit
1665 1285 217 57 determinate
1824 1285 58 57 ta

1083 1325 93 56 le
1129 1325 170 56 futurum
1253 1325 247 56 determinatum
1453 1325 155 56 omnino
1562 1325 139 56 fieri
1654 1325 108 56 etc
1716 1325 77 56 ¶
1747 1325 124 56 Nota
1809 1325 77 56 pro

1089 1370 157 50 euidentia
1210 1370 145 50 secundum
1318 1370 109 50 Fran.
1391 1370 109 50 maro.
1463 1370 72 50 e.
1499 1370 109 50 dist.
1571 1370 145 50 xxxviii.
1680 1370 72 50 q.
1716 1370 133 50 ultimo.
1801 1370 72 50 quod

1093 1411 144 50 quando
1193 1411 144 50 aliqua
1294 1411 172 50 potentia
1423 1411 144 50 fertur
1523 1411 86 50 in
1566 1411 158 50 aliquod
1681 1411 172 50 obiectum
1796 1411 86 50 quan

1086 1453 92 56 tum
1139 1453 92 56 est
1191 1453 79 56 ex
1231 1453 79 56 se
1270 1453 211 56 naturaliter:
1442 1453 119 56 eodem
1521 1453 105 56 modo
1587 1453 132 56 fertur
1679 1453 79 56 in
1719 1453 119 56 illud
1785 1453 92 56 sicut

1084 1498 114 52 sibi
1155 1498 229 52 presentatur.
1341 1498 100 52 Sed
1398 1498 157 52 diuinus
1513 1498 214 52 intellectus
1684 1498 143 52 fertur
1784 1498 86 52 in
1813 1498 57 52 vo

1090 1539 180 57 luntatem
1225 1539 165 57 diuinam
1346 1539 196 57 aspiciens
1496 1539 105 57 eam
1556 1539 135 57 prout
1646 1539 165 57 neutram
1752 1539 120 57 partem

1082 1580 296 49 propositionis
1325 1580 279 49 contingentis
1552 1580 296 49 determinauit.
1778 1580 87 49 Sed

1082 1627 128 50 vult
1162 1627 96 50 vt
1210 1627 112 50 sit
1274 1627 223 50 contingens
1449 1627 96 50 ad
1497 1627 239 50 vtrumlibet.
1688 1627 128 50 Puta
1752 1627 128 50 petrum

1097 1662 97 56 ire
1152 1662 83 56 ad
1194 1662 180 56 ecclesiam
1332 1662 111 56 cras
1401 1662 97 56 vel
1457 1662 97 56 non
1512 1662 111 56 ire:
1581 1662 124 56 sicut
1664 1662 111 56 vult
1733 1662 152 56 petrus.
1830 1662 55 56 li

1086 1713 91 47 cet
1138 1713 105 47 deus
1204 1713 118 47 sciat
1282 1713 105 47 quod
1347 1713 118 47 horum
1426 1713 131 47 petrus
1517 1713 118 47 velit
1596 1713 157 47 scilicet
1713 1713 105 47 ibit
1778 1713 91 47 vel
1818 1713 65 47 non

1083 1749 135 52 ibit.
1173 1749 135 52 Tamen
1263 1749 105 52 non
1323 1749 210 52 determinat
1489 1749 120 52 deus
1564 1749 105 52 sed
1624 1749 150 52 libero
1714 1749 150 52 arbitrio

1081 1793 137 59 petri
1172 1793 214 59 committit.
1340 1793 122 59 Item
1416 1793 122 59 idem
1493 1793 229 59 intellectus
1676 1793 168 59 diuinus
1782 1793 92 59 aspi

1091 1837 95 48 cit
1146 1837 95 48 dei
1200 1837 190 48 voluntatem
1349 1837 81 48 si
1389 1837 217 48 determinauit
1565 1837 149 48 aliquod
1674 1837 149 48 futurum
1769 1837 108 48 omnino

1077 1876 170 45 euenire
1200 1876 216 45 necessario
1370 1876 93 45 ex
1416 1876 247 45 suppositione
1617 1876 108 45 sue
1663 1876 216 45 ordinationis

1088 1920 148 47 divine.
1195 1920 107 47 puta
1262 1920 215 47 antichristum
1436 1920 148 47 futurum
1544 1920 107 47 esse
1611 1920 80 47 et
1651 1920 174 47 iudicium.
1785 1920 80 47 Et
1812 1920 67 47 ita

1087 1966 164 46 obiecta
1206 1966 104 46 que
1266 1966 119 46 sunt
1341 1966 104 46 per
1400 1966 209 46 voluntatem
1565 1966 239 46 representata
1759 1966 104 46 sic
1803 1966 75 46 in-

1077 2006 164 49 telligit
1200 2006 123 49 sicut
1282 2006 164 49 aspicit.
1405 2006 178 49 videlicet
1542 2006 219 49 indetermiata
1720 2006 82 49 vt
1747 2006 123 49 indeter

1092 2049 170 50 minata.
1215 2049 93 50 et
1262 2049 232 50 determinata
1447 2049 93 50 vt
1494 2049 232 50 determinata
1679 2049 155 50 Idoque
1772 2049 108 50 prae-

1091 2083 194 59 scientia
1236 2083 113 59 dei
1301 2083 145 59 habet
1398 2083 210 59 veritatem
1559 2083 258 59 determinatam
1769 2083 97 59 de
1801 2083 81 59 con

1084 2133 220 51 tingentibus
1260 2133 132 51 prout
1349 2133 132 51 videt
1437 2133 117 51 deum
1510 2133 132 51 velle
1598 2133 103 51 hoc
1657 2133 103 51 vel
1716 2133 103 51 hoc
1760 2133 117 51 deter-

1084 2174 164 59 minate
1199 2174 115 59 vel
1264 2174 115 59 non
1314 2174 230 59 determinate.

1077 2209 141 67 ¶
1133 2209 310 67 Quomodo
1358 2209 310 67 veritas
1555 2209 310 67 contingen

1084 2275 120 52 tium
1159 2275 194 52 futurorum
1308 2275 149 52 potest
1413 2275 120 52 esse
1488 2275 90 52 in
1532 2275 105 52 deo
1592 2275 269 52 indeterminata.
1801 2275 75 52 Cum

1082 2315 85 51 in
1124 2315 99 51 deo
1181 2315 99 51 non
1238 2315 142 51 possit
1337 2315 113 51 esse
1408 2315 113 51 nisi
1479 2315 170 51 scientia
1607 2315 199 51 certissima
1763 2315 85 51 et
1791 2315 85 51 inua

1092 2360 157 46 riabilis
1210 2360 79 46 ac
1249 2360 222 46 infallibilis:
1432 2360 196 46 Respondetur
1589 2360 157 46 secundum
1707 2360 118 46 Fran.
1772 2360 105 46 ibidem

1085 2402 108 47 quod
1153 2402 149 47 veritas
1261 2402 176 47 futurorum
1397 2402 243 47 contingentium.
1599 2402 95 47 non
1654 2402 95 47 est
1708 2402 81 47 in
1748 2402 95 47 deo
1789 2402 81 47 for-

1084 2440 157 51 maliter
1198 2440 100 51 sed
1255 2440 186 51 obiectiue
1398 2440 157 51 tantum.
1512 2440 128 51 Causa
1598 2440 143 51 tantum
1697 2440 143 51 istius
1783 2440 100 51 veri-

1090 2489 138 50 tatis
1182 2489 123 50 bene
1258 2489 107 50 est
1319 2489 92 50 in
1365 2489 107 50 deo
1427 2489 230 50 formaliter.
1610 2489 199 50 videlicet
1748 2489 138 50 determi

1087 2527 152 45 natio
1188 2527 236 45 voluntatis
1374 2527 186 45 diuine.
1509 2527 135 45 Unde
1593 2527 219 45 obiectiue
1745 2527 135 45 futura

1087 2567 165 49 habent
1203 2567 215 49 veritatem
1368 2567 264 49 determinatam
1583 2567 99 49 in
1632 2567 116 49 deo
1698 2567 83 49 ¶
1731 2567 99 49 Si
1764 2567 116 49 dicit

1092 2611 102 52 Esse
1156 2611 204 52 contingentis
1322 2611 89 52 est
1373 2611 166 52 variabile
1501 2611 102 52 ergo
1565 2611 77 52 et
1603 2611 153 52 cognitio
1718 2611 102 52 eius
1782 2611 77 52 in
1807 2611 64 52 deo

1093 2654 114 46 erit
1164 2654 199 46 variabilis
1320 2654 128 46 quia.
1405 2654 85 46 ii
1448 2654 156 46 metaph.
1562 2654 128 46 sicut
1647 2654 99 46 res
1704 2654 85 46 se
1746 2654 128 46 habet
1817 2654 57 46 ad

1084 2700 117 47 esse
1157 2700 102 47 ita
1216 2700 87 47 ad
1259 2700 189 47 cognosci.
1405 2700 189 47 Respondet
1551 2700 131 47 Guil.
1638 2700 117 47 quod
1696 2700 175 47 argumentum

1087 2741 146 59 procedit
1196 2741 73 59 de
1233 2741 146 59 scientia
1342 2741 134 59 causata
1439 2741 61 59 a
1464 2741 109 59 rebus
1537 2741 73 59 vt
1573 2741 85 59 est
1622 2741 146 59 scientia
1731 2741 134 59 nostra.
1816 2741 61 59 Sed
