<?xml version="1.0" encoding="UTF-8"?>
<alto xmlns:xsi="http://www.w3.org/2001/XMLSchema-instance"
      xmlns="http://www.loc.gov/standards/alto/ns-v2#"
      xmlns:page="http://schema.primaresearch.org/PAGE/gts/pagecontent/2013-07-15"
      xsi:schemaLocation="http://www.loc.gov/standards/alto/ns-v2# http://www.loc.gov/standards/alto/alto.xsd">
   <Description>
      <MeasurementUnit>pixel</MeasurementUnit>
      <OCRProcessing ID="IdOcr">
         <ocrProcessingStep>
            <processingDateTime>2021-02-01T18:54:56.893-05:00</processingDateTime>
            <processingSoftware>
               <softwareCreator>READ COOP</softwareCreator>
               <softwareName>Transkribus</softwareName>
            </processingSoftware>
         </ocrProcessingStep>
      </OCRProcessing>
   </Description>
   <Tags/>
   <Layout>
      <Page ID="Page1" PHYSICAL_IMG_NR="1" HEIGHT="3290" WIDTH="2267">
         <TopMargin HEIGHT="0" WIDTH="2267" VPOS="0" HPOS="0"/>
         <LeftMargin HEIGHT="3290" WIDTH="0" VPOS="0" HPOS="0"/>
         <RightMargin HEIGHT="3290" WIDTH="0" VPOS="0" HPOS="2267"/>
         <BottomMargin HEIGHT="0" WIDTH="2267" VPOS="3290" HPOS="0"/>
         <PrintSpace HEIGHT="3290" WIDTH="2267" VPOS="0" HPOS="0">
            <TextBlock ID="TextRegion_1611416938803_1129"
                       HEIGHT="2535"
                       WIDTH="796"
                       VPOS="217"
                       HPOS="398">
               <Shape>
                  <Polygon POINTS="398,217 1194,217 1194,2752 398,2752"/>
               </Shape>
               <TextLine ID="r2l3"
                         BASELINE="381"
                         HEIGHT="74"
                         WIDTH="761"
                         VPOS="307"
                         HPOS="392">
                  <String HEIGHT="74"
                          WIDTH="146"
                          VPOS="307"
                          HPOS="377"
                          CONTENT="diulna"/>
                  <SP HEIGHT="74" WIDTH="15" VPOS="307" HPOS="524"/>
                  <String HEIGHT="74"
                          WIDTH="176"
                          VPOS="307"
                          HPOS="480"
                          CONTENT="voluntas"/>
                  <SP HEIGHT="74" WIDTH="15" VPOS="307" HPOS="655"/>
                  <String HEIGHT="74" WIDTH="102" VPOS="307" HPOS="612" CONTENT="est"/>
                  <SP HEIGHT="74" WIDTH="15" VPOS="307" HPOS="714"/>
                  <String HEIGHT="74"
                          WIDTH="132"
                          VPOS="307"
                          HPOS="670"
                          CONTENT="prima"/>
                  <SP HEIGHT="74" WIDTH="15" VPOS="307" HPOS="802"/>
                  <String HEIGHT="74"
                          WIDTH="132"
                          VPOS="307"
                          HPOS="758"
                          CONTENT="causa"/>
                  <SP HEIGHT="74" WIDTH="15" VPOS="307" HPOS="890"/>
                  <String HEIGHT="74" WIDTH="88" VPOS="307" HPOS="846" CONTENT="et"/>
                  <SP HEIGHT="74" WIDTH="15" VPOS="307" HPOS="933"/>
                  <String HEIGHT="74"
                          WIDTH="132"
                          VPOS="307"
                          HPOS="890"
                          CONTENT="prima"/>
                  <SP HEIGHT="74" WIDTH="15" VPOS="307" HPOS="1021"/>
                  <String HEIGHT="74"
                          WIDTH="132"
                          VPOS="307"
                          HPOS="977"
                          CONTENT="radit"/>
                  <SP HEIGHT="74" WIDTH="15" VPOS="307" HPOS="1109"/>
                  <String HEIGHT="74"
                          WIDTH="102"
                          VPOS="307"
                          HPOS="1051"
                          CONTENT="omnis"/>
               </TextLine>
               <TextLine ID="r2l5"
                         BASELINE="425"
                         HEIGHT="60"
                         WIDTH="747"
                         VPOS="365"
                         HPOS="406">
                  <String HEIGHT="60"
                          WIDTH="203"
                          VPOS="365"
                          HPOS="393"
                          CONTENT="contingentie"/>
                  <SP HEIGHT="60" WIDTH="13" VPOS="365" HPOS="596"/>
                  <String HEIGHT="60" WIDTH="76" VPOS="365" HPOS="558" CONTENT="in"/>
                  <SP HEIGHT="60" WIDTH="13" VPOS="365" HPOS="634"/>
                  <String HEIGHT="60"
                          WIDTH="152"
                          VPOS="365"
                          HPOS="596"
                          CONTENT="creatis."/>
                  <SP HEIGHT="60" WIDTH="13" VPOS="365" HPOS="748"/>
                  <String HEIGHT="60" WIDTH="63" VPOS="365" HPOS="710" CONTENT="¶"/>
                  <SP HEIGHT="60" WIDTH="13" VPOS="365" HPOS="773"/>
                  <String HEIGHT="60"
                          WIDTH="139"
                          VPOS="365"
                          HPOS="735"
                          CONTENT="Secunda"/>
                  <SP HEIGHT="60" WIDTH="13" VPOS="365" HPOS="874"/>
                  <String HEIGHT="60"
                          WIDTH="165"
                          VPOS="365"
                          HPOS="836"
                          CONTENT="conclusio"/>
                  <SP HEIGHT="60" WIDTH="13" VPOS="365" HPOS="1001"/>
                  <String HEIGHT="60"
                          WIDTH="101"
                          VPOS="365"
                          HPOS="963"
                          CONTENT="quod"/>
                  <SP HEIGHT="60" WIDTH="13" VPOS="365" HPOS="1064"/>
                  <String HEIGHT="60"
                          WIDTH="139"
                          VPOS="365"
                          HPOS="1014"
                          CONTENT="contingen"/>
               </TextLine>
               <TextLine ID="r2l6"
                         BASELINE="462"
                         HEIGHT="50"
                         WIDTH="763"
                         VPOS="412"
                         HPOS="403">
                  <String HEIGHT="50" WIDTH="97" VPOS="412" HPOS="389" CONTENT="tia"/>
                  <SP HEIGHT="50" WIDTH="14" VPOS="412" HPOS="486"/>
                  <String HEIGHT="50" WIDTH="83" VPOS="412" HPOS="445" CONTENT="in"/>
                  <SP HEIGHT="50" WIDTH="14" VPOS="412" HPOS="528"/>
                  <String HEIGHT="50"
                          WIDTH="194"
                          VPOS="412"
                          HPOS="486"
                          CONTENT="effectibus"/>
                  <SP HEIGHT="50" WIDTH="14" VPOS="412" HPOS="680"/>
                  <String HEIGHT="50" WIDTH="97" VPOS="412" HPOS="639" CONTENT="est"/>
                  <SP HEIGHT="50" WIDTH="14" VPOS="412" HPOS="736"/>
                  <String HEIGHT="50"
                          WIDTH="194"
                          VPOS="412"
                          HPOS="694"
                          CONTENT="secundario"/>
                  <SP HEIGHT="50" WIDTH="14" VPOS="412" HPOS="889"/>
                  <String HEIGHT="50" WIDTH="69" VPOS="412" HPOS="847" CONTENT="a"/>
                  <SP HEIGHT="50" WIDTH="14" VPOS="412" HPOS="916"/>
                  <String HEIGHT="50"
                          WIDTH="180"
                          VPOS="412"
                          HPOS="875"
                          CONTENT="voluntate"/>
                  <SP HEIGHT="50" WIDTH="14" VPOS="412" HPOS="1055"/>
                  <String HEIGHT="50"
                          WIDTH="139"
                          VPOS="412"
                          HPOS="1013"
                          CONTENT="creata"/>
                  <SP HEIGHT="50" WIDTH="14" VPOS="412" HPOS="1152"/>
                  <String HEIGHT="50" WIDTH="69" VPOS="412" HPOS="1097" CONTENT="vel"/>
               </TextLine>
               <TextLine ID="r2l8"
                         BASELINE="495"
                         HEIGHT="43"
                         WIDTH="771"
                         VPOS="452"
                         HPOS="396">
                  <String HEIGHT="43"
                          WIDTH="160"
                          VPOS="452"
                          HPOS="383"
                          CONTENT="virtute."/>
                  <SP HEIGHT="43" WIDTH="13" VPOS="452" HPOS="542"/>
                  <String HEIGHT="43"
                          WIDTH="120"
                          VPOS="452"
                          HPOS="502"
                          CONTENT="Ratio"/>
                  <SP HEIGHT="43" WIDTH="13" VPOS="452" HPOS="622"/>
                  <String HEIGHT="43"
                          WIDTH="106"
                          VPOS="452"
                          HPOS="582"
                          CONTENT="quia"/>
                  <SP HEIGHT="43" WIDTH="13" VPOS="452" HPOS="688"/>
                  <String HEIGHT="43"
                          WIDTH="160"
                          VPOS="452"
                          HPOS="649"
                          CONTENT="voluntas"/>
                  <SP HEIGHT="43" WIDTH="13" VPOS="452" HPOS="808"/>
                  <String HEIGHT="43"
                          WIDTH="133"
                          VPOS="452"
                          HPOS="768"
                          CONTENT="diuina"/>
                  <SP HEIGHT="43" WIDTH="13" VPOS="452" HPOS="901"/>
                  <String HEIGHT="43"
                          WIDTH="146"
                          VPOS="452"
                          HPOS="861"
                          CONTENT="quantum"/>
                  <SP HEIGHT="43" WIDTH="13" VPOS="452" HPOS="1007"/>
                  <String HEIGHT="43" WIDTH="93" VPOS="452" HPOS="968" CONTENT="est"/>
                  <SP HEIGHT="43" WIDTH="13" VPOS="452" HPOS="1061"/>
                  <String HEIGHT="43" WIDTH="80" VPOS="452" HPOS="1021" CONTENT="ex"/>
                  <SP HEIGHT="43" WIDTH="13" VPOS="452" HPOS="1101"/>
                  <String HEIGHT="43" WIDTH="80" VPOS="452" HPOS="1061" CONTENT="se"/>
                  <SP HEIGHT="43" WIDTH="13" VPOS="452" HPOS="1140"/>
                  <String HEIGHT="43"
                          WIDTH="80"
                          VPOS="452"
                          HPOS="1087"
                          CONTENT="vult"/>
               </TextLine>
               <TextLine ID="r2l10"
                         BASELINE="542"
                         HEIGHT="48"
                         WIDTH="769"
                         VPOS="494"
                         HPOS="394">
                  <String HEIGHT="48"
                          WIDTH="108"
                          VPOS="494"
                          HPOS="382"
                          CONTENT="omnia"/>
                  <SP HEIGHT="48" WIDTH="12" VPOS="494" HPOS="490"/>
                  <String HEIGHT="48"
                          WIDTH="132"
                          VPOS="494"
                          HPOS="454"
                          CONTENT="causare"/>
                  <SP HEIGHT="48" WIDTH="12" VPOS="494" HPOS="586"/>
                  <String HEIGHT="48"
                          WIDTH="216"
                          VPOS="494"
                          HPOS="550"
                          CONTENT="perfectissime."/>
                  <SP HEIGHT="48" WIDTH="12" VPOS="494" HPOS="766"/>
                  <String HEIGHT="48" WIDTH="72" VPOS="494" HPOS="730" CONTENT="et"/>
                  <SP HEIGHT="48" WIDTH="12" VPOS="494" HPOS="803"/>
                  <String HEIGHT="48" WIDTH="84" VPOS="494" HPOS="766" CONTENT="sic"/>
                  <SP HEIGHT="48" WIDTH="12" VPOS="494" HPOS="851"/>
                  <String HEIGHT="48" WIDTH="84" VPOS="494" HPOS="815" CONTENT="per"/>
                  <SP HEIGHT="48" WIDTH="12" VPOS="494" HPOS="899"/>
                  <String HEIGHT="48"
                          WIDTH="168"
                          VPOS="494"
                          HPOS="863"
                          CONTENT="consequens"/>
                  <SP HEIGHT="48" WIDTH="12" VPOS="494" HPOS="1031"/>
                  <String HEIGHT="48" WIDTH="72" VPOS="494" HPOS="995" CONTENT="vt"/>
                  <SP HEIGHT="48" WIDTH="12" VPOS="494" HPOS="1067"/>
                  <String HEIGHT="48"
                          WIDTH="120"
                          VPOS="494"
                          HPOS="1031"
                          CONTENT="essent"/>
                  <SP HEIGHT="48" WIDTH="12" VPOS="494" HPOS="1151"/>
                  <String HEIGHT="48"
                          WIDTH="60"
                          VPOS="494"
                          HPOS="1103"
                          CONTENT="ne"
                          SUBS_TYPE="HypPart1"
                          SUBS_CONTENT="necessario."/>
                  <HYP CONTENT="-"/>
               </TextLine>
               <TextLine ID="r2l12"
                         BASELINE="582"
                         HEIGHT="44"
                         WIDTH="773"
                         VPOS="538"
                         HPOS="399">
                  <String HEIGHT="44"
                          WIDTH="173"
                          VPOS="538"
                          HPOS="386"
                          CONTENT="cessario."
                          SUBS_TYPE="HypPart2"
                          SUBS_CONTENT="necessario."/>
                  <SP HEIGHT="44" WIDTH="13" VPOS="538" HPOS="559"/>
                  <String HEIGHT="44"
                          WIDTH="120"
                          VPOS="538"
                          HPOS="519"
                          CONTENT="tamen"/>
                  <SP HEIGHT="44" WIDTH="13" VPOS="538" HPOS="639"/>
                  <String HEIGHT="44"
                          WIDTH="120"
                          VPOS="538"
                          HPOS="599"
                          CONTENT="causa"/>
                  <SP HEIGHT="44" WIDTH="13" VPOS="538" HPOS="719"/>
                  <String HEIGHT="44"
                          WIDTH="187"
                          VPOS="538"
                          HPOS="679"
                          CONTENT="secundaria"/>
                  <SP HEIGHT="44" WIDTH="13" VPOS="538" HPOS="865"/>
                  <String HEIGHT="44" WIDTH="93" VPOS="538" HPOS="825" CONTENT="non"/>
                  <SP HEIGHT="44" WIDTH="13" VPOS="538" HPOS="919"/>
                  <String HEIGHT="44"
                          WIDTH="133"
                          VPOS="538"
                          HPOS="879"
                          CONTENT="potest"/>
                  <SP HEIGHT="44" WIDTH="13" VPOS="538" HPOS="1012"/>
                  <String HEIGHT="44"
                          WIDTH="107"
                          VPOS="538"
                          HPOS="972"
                          CONTENT="nisi"/>
                  <SP HEIGHT="44" WIDTH="13" VPOS="538" HPOS="1079"/>
                  <String HEIGHT="44"
                          WIDTH="147"
                          VPOS="538"
                          HPOS="1025"
                          CONTENT="variabili"/>
               </TextLine>
               <TextLine ID="r2l14"
                         BASELINE="630"
                         HEIGHT="52"
                         WIDTH="766"
                         VPOS="578"
                         HPOS="400">
                  <String HEIGHT="52" WIDTH="96" VPOS="578" HPOS="386" CONTENT="ter"/>
                  <SP HEIGHT="52" WIDTH="14" VPOS="578" HPOS="482"/>
                  <String HEIGHT="52" WIDTH="82" VPOS="578" HPOS="441" CONTENT="et"/>
                  <SP HEIGHT="52" WIDTH="14" VPOS="578" HPOS="523"/>
                  <String HEIGHT="52"
                          WIDTH="219"
                          VPOS="578"
                          HPOS="482"
                          CONTENT="contingenter"/>
                  <SP HEIGHT="52" WIDTH="14" VPOS="578" HPOS="701"/>
                  <String HEIGHT="52"
                          WIDTH="164"
                          VPOS="578"
                          HPOS="660"
                          CONTENT="causare."/>
                  <SP HEIGHT="52" WIDTH="14" VPOS="578" HPOS="824"/>
                  <String HEIGHT="52"
                          WIDTH="109"
                          VPOS="578"
                          HPOS="783"
                          CONTENT="Sic."/>
                  <SP HEIGHT="52" WIDTH="14" VPOS="578" HPOS="892"/>
                  <String HEIGHT="52"
                          WIDTH="109"
                          VPOS="578"
                          HPOS="851"
                          CONTENT="ergo"/>
                  <SP HEIGHT="52" WIDTH="14" VPOS="578" HPOS="961"/>
                  <String HEIGHT="52"
                          WIDTH="137"
                          VPOS="578"
                          HPOS="920"
                          CONTENT="voluit"/>
                  <SP HEIGHT="52" WIDTH="14" VPOS="578" HPOS="1057"/>
                  <String HEIGHT="52"
                          WIDTH="109"
                          VPOS="578"
                          HPOS="1016"
                          CONTENT="deus"/>
                  <SP HEIGHT="52" WIDTH="14" VPOS="578" HPOS="1125"/>
                  <String HEIGHT="52"
                          WIDTH="96"
                          VPOS="578"
                          HPOS="1070"
                          CONTENT="ordia"/>
               </TextLine>
               <TextLine ID="r2l16"
                         BASELINE="666"
                         HEIGHT="47"
                         WIDTH="757"
                         VPOS="619"
                         HPOS="408">
                  <String HEIGHT="47" WIDTH="86" VPOS="619" HPOS="394" CONTENT="re"/>
                  <SP HEIGHT="47" WIDTH="14" VPOS="619" HPOS="479"/>
                  <String HEIGHT="47"
                          WIDTH="157"
                          VPOS="619"
                          HPOS="437"
                          CONTENT="propter"/>
                  <SP HEIGHT="47" WIDTH="14" VPOS="619" HPOS="594"/>
                  <String HEIGHT="47"
                          WIDTH="157"
                          VPOS="619"
                          HPOS="551"
                          CONTENT="ordinem"/>
                  <SP HEIGHT="47" WIDTH="14" VPOS="619" HPOS="708"/>
                  <String HEIGHT="47"
                          WIDTH="171"
                          VPOS="619"
                          HPOS="665"
                          CONTENT="vniuersi"/>
                  <SP HEIGHT="47" WIDTH="14" VPOS="619" HPOS="836"/>
                  <String HEIGHT="47"
                          WIDTH="114"
                          VPOS="619"
                          HPOS="794"
                          CONTENT="quod"/>
                  <SP HEIGHT="47" WIDTH="14" VPOS="619" HPOS="908"/>
                  <String HEIGHT="47" WIDTH="86" VPOS="619" HPOS="865" CONTENT="in"/>
                  <SP HEIGHT="47" WIDTH="14" VPOS="619" HPOS="951"/>
                  <String HEIGHT="47"
                          WIDTH="200"
                          VPOS="619"
                          HPOS="908"
                          CONTENT="habitudine"/>
                  <SP HEIGHT="47" WIDTH="14" VPOS="619" HPOS="1108"/>
                  <String HEIGHT="47" WIDTH="86" VPOS="619" HPOS="1065" CONTENT="ad"/>
                  <SP HEIGHT="47" WIDTH="14" VPOS="619" HPOS="1151"/>
                  <String HEIGHT="47" WIDTH="71" VPOS="619" HPOS="1094" CONTENT="vir"/>
               </TextLine>
               <TextLine ID="r2l18"
                         BASELINE="714"
                         HEIGHT="53"
                         WIDTH="757"
                         VPOS="661"
                         HPOS="408">
                  <String HEIGHT="53"
                          WIDTH="114"
                          VPOS="661"
                          HPOS="394"
                          CONTENT="tute"/>
                  <SP HEIGHT="53" WIDTH="14" VPOS="661" HPOS="508"/>
                  <String HEIGHT="53"
                          WIDTH="157"
                          VPOS="661"
                          HPOS="465"
                          CONTENT="creatam"/>
                  <SP HEIGHT="53" WIDTH="14" VPOS="661" HPOS="622"/>
                  <String HEIGHT="53" WIDTH="100" VPOS="661" HPOS="579" CONTENT="vel"/>
                  <SP HEIGHT="53" WIDTH="14" VPOS="661" HPOS="679"/>
                  <String HEIGHT="53"
                          WIDTH="214"
                          VPOS="661"
                          HPOS="637"
                          CONTENT="voluntatem:"/>
                  <SP HEIGHT="53" WIDTH="14" VPOS="661" HPOS="851"/>
                  <String HEIGHT="53"
                          WIDTH="143"
                          VPOS="661"
                          HPOS="808"
                          CONTENT="quedam"/>
                  <SP HEIGHT="53" WIDTH="14" VPOS="661" HPOS="951"/>
                  <String HEIGHT="53"
                          WIDTH="114"
                          VPOS="661"
                          HPOS="908"
                          CONTENT="sint"/>
                  <SP HEIGHT="53" WIDTH="14" VPOS="661" HPOS="1022"/>
                  <String HEIGHT="53"
                          WIDTH="200"
                          VPOS="661"
                          HPOS="965"
                          CONTENT="contingentia"/>
               </TextLine>
               <TextLine ID="r2l20"
                         BASELINE="750"
                         HEIGHT="45"
                         WIDTH="769"
                         VPOS="705"
                         HPOS="402">
                  <String HEIGHT="45"
                          WIDTH="110"
                          VPOS="705"
                          HPOS="388"
                          CONTENT="quia"/>
                  <SP HEIGHT="45" WIDTH="14" VPOS="705" HPOS="498"/>
                  <String HEIGHT="45"
                          WIDTH="137"
                          VPOS="705"
                          HPOS="457"
                          CONTENT="virtus"/>
                  <SP HEIGHT="45" WIDTH="14" VPOS="705" HPOS="594"/>
                  <String HEIGHT="45"
                          WIDTH="124"
                          VPOS="705"
                          HPOS="553"
                          CONTENT="prime"/>
                  <SP HEIGHT="45" WIDTH="14" VPOS="705" HPOS="677"/>
                  <String HEIGHT="45"
                          WIDTH="124"
                          VPOS="705"
                          HPOS="635"
                          CONTENT="cause"/>
                  <SP HEIGHT="45" WIDTH="14" VPOS="705" HPOS="759"/>
                  <String HEIGHT="45"
                          WIDTH="179"
                          VPOS="705"
                          HPOS="718"
                          CONTENT="recipitur"/>
                  <SP HEIGHT="45" WIDTH="14" VPOS="705" HPOS="896"/>
                  <String HEIGHT="45" WIDTH="82" VPOS="705" HPOS="855" CONTENT="in"/>
                  <SP HEIGHT="45" WIDTH="14" VPOS="705" HPOS="938"/>
                  <String HEIGHT="45"
                          WIDTH="124"
                          VPOS="705"
                          HPOS="896"
                          CONTENT="causa"/>
                  <SP HEIGHT="45" WIDTH="14" VPOS="705" HPOS="1020"/>
                  <String HEIGHT="45"
                          WIDTH="151"
                          VPOS="705"
                          HPOS="979"
                          CONTENT="secunda"/>
                  <SP HEIGHT="45" WIDTH="14" VPOS="705" HPOS="1130"/>
                  <String HEIGHT="45"
                          WIDTH="96"
                          VPOS="705"
                          HPOS="1075"
                          CONTENT="iuxta"/>
               </TextLine>
               <TextLine ID="r2l22"
                         BASELINE="793"
                         HEIGHT="49"
                         WIDTH="765"
                         VPOS="744"
                         HPOS="400">
                  <String HEIGHT="49"
                          WIDTH="121"
                          VPOS="744"
                          HPOS="387"
                          CONTENT="modum"/>
                  <SP HEIGHT="49" WIDTH="13" VPOS="744" HPOS="507"/>
                  <String HEIGHT="49"
                          WIDTH="121"
                          VPOS="744"
                          HPOS="467"
                          CONTENT="cause"/>
                  <SP HEIGHT="49" WIDTH="13" VPOS="744" HPOS="588"/>
                  <String HEIGHT="49"
                          WIDTH="148"
                          VPOS="744"
                          HPOS="548"
                          CONTENT="secunde"/>
                  <SP HEIGHT="49" WIDTH="13" VPOS="744" HPOS="695"/>
                  <String HEIGHT="49" WIDTH="94" VPOS="744" HPOS="655" CONTENT="que"/>
                  <SP HEIGHT="49" WIDTH="13" VPOS="744" HPOS="749"/>
                  <String HEIGHT="49" WIDTH="94" VPOS="744" HPOS="709" CONTENT="est"/>
                  <SP HEIGHT="49" WIDTH="13" VPOS="744" HPOS="803"/>
                  <String HEIGHT="49"
                          WIDTH="201"
                          VPOS="744"
                          HPOS="762"
                          CONTENT="variabilis."/>
                  <SP HEIGHT="49" WIDTH="13" VPOS="744" HPOS="964"/>
                  <String HEIGHT="49"
                          WIDTH="161"
                          VPOS="744"
                          HPOS="923"
                          CONTENT="Exemplum"/>
                  <SP HEIGHT="49" WIDTH="13" VPOS="744" HPOS="1084"/>
                  <String HEIGHT="49"
                          WIDTH="134"
                          VPOS="744"
                          HPOS="1031"
                          CONTENT="secundum"/>
               </TextLine>
               <TextLine ID="r2l24"
                         BASELINE="835"
                         HEIGHT="47"
                         WIDTH="763"
                         VPOS="788"
                         HPOS="402">
                  <String HEIGHT="47"
                          WIDTH="127"
                          VPOS="788"
                          HPOS="386"
                          CONTENT="Tho."/>
                  <SP HEIGHT="47" WIDTH="16" VPOS="788" HPOS="513"/>
                  <String HEIGHT="47" WIDTH="95" VPOS="788" HPOS="466" CONTENT="in"/>
                  <SP HEIGHT="47" WIDTH="16" VPOS="788" HPOS="561"/>
                  <String HEIGHT="47"
                          WIDTH="223"
                          VPOS="788"
                          HPOS="513"
                          CONTENT="floritione"/>
                  <SP HEIGHT="47" WIDTH="16" VPOS="788" HPOS="736"/>
                  <String HEIGHT="47"
                          WIDTH="175"
                          VPOS="788"
                          HPOS="688"
                          CONTENT="arboris"/>
                  <SP HEIGHT="47" WIDTH="16" VPOS="788" HPOS="863"/>
                  <String HEIGHT="47"
                          WIDTH="143"
                          VPOS="788"
                          HPOS="815"
                          CONTENT="cuius"/>
                  <SP HEIGHT="47" WIDTH="16" VPOS="788" HPOS="958"/>
                  <String HEIGHT="47"
                          WIDTH="143"
                          VPOS="788"
                          HPOS="911"
                          CONTENT="causa"/>
                  <SP HEIGHT="47" WIDTH="16" VPOS="788" HPOS="1054"/>
                  <String HEIGHT="47"
                          WIDTH="159"
                          VPOS="788"
                          HPOS="1006"
                          CONTENT="remota"/>
                  <SP HEIGHT="47" WIDTH="16" VPOS="788" HPOS="1165"/>
                  <String HEIGHT="47" WIDTH="64" VPOS="788" HPOS="1101" CONTENT="in"/>
               </TextLine>
               <TextLine ID="r2l26"
                         BASELINE="884"
                         HEIGHT="56"
                         WIDTH="763"
                         VPOS="828"
                         HPOS="402">
                  <String HEIGHT="56"
                          WIDTH="135"
                          VPOS="828"
                          HPOS="387"
                          CONTENT="motus"/>
                  <SP HEIGHT="56" WIDTH="15" VPOS="828" HPOS="522"/>
                  <String HEIGHT="56"
                          WIDTH="150"
                          VPOS="828"
                          HPOS="477"
                          CONTENT="solis."/>
                  <SP HEIGHT="56" WIDTH="15" VPOS="828" HPOS="626"/>
                  <String HEIGHT="56" WIDTH="105" VPOS="828" HPOS="582" CONTENT="sed"/>
                  <SP HEIGHT="56" WIDTH="15" VPOS="828" HPOS="686"/>
                  <String HEIGHT="56"
                          WIDTH="165"
                          VPOS="828"
                          HPOS="641"
                          CONTENT="proxima"/>
                  <SP HEIGHT="56" WIDTH="15" VPOS="828" HPOS="806"/>
                  <String HEIGHT="56" WIDTH="105" VPOS="828" HPOS="761" CONTENT="est"/>
                  <SP HEIGHT="56" WIDTH="15" VPOS="828" HPOS="866"/>
                  <String HEIGHT="56"
                          WIDTH="150"
                          VPOS="828"
                          HPOS="821"
                          CONTENT="virtus"/>
                  <SP HEIGHT="56" WIDTH="15" VPOS="828" HPOS="971"/>
                  <String HEIGHT="56"
                          WIDTH="209"
                          VPOS="828"
                          HPOS="926"
                          CONTENT="generatiua"/>
                  <SP HEIGHT="56" WIDTH="15" VPOS="828" HPOS="1135"/>
                  <String HEIGHT="56"
                          WIDTH="90"
                          VPOS="828"
                          HPOS="1075"
                          CONTENT="plam"/>
               </TextLine>
               <TextLine ID="r2l28"
                         BASELINE="916"
                         HEIGHT="47"
                         WIDTH="760"
                         VPOS="869"
                         HPOS="411">
                  <String HEIGHT="47" WIDTH="95" VPOS="869" HPOS="397" CONTENT="te."/>
                  <SP HEIGHT="47" WIDTH="14" VPOS="869" HPOS="492"/>
                  <String HEIGHT="47"
                          WIDTH="109"
                          VPOS="869"
                          HPOS="452"
                          CONTENT="vnde"/>
                  <SP HEIGHT="47" WIDTH="14" VPOS="869" HPOS="560"/>
                  <String HEIGHT="47"
                          WIDTH="149"
                          VPOS="869"
                          HPOS="520"
                          CONTENT="quamuis"/>
                  <SP HEIGHT="47" WIDTH="14" VPOS="869" HPOS="669"/>
                  <String HEIGHT="47"
                          WIDTH="122"
                          VPOS="869"
                          HPOS="628"
                          CONTENT="motus"/>
                  <SP HEIGHT="47" WIDTH="14" VPOS="869" HPOS="750"/>
                  <String HEIGHT="47"
                          WIDTH="122"
                          VPOS="869"
                          HPOS="710"
                          CONTENT="solis"/>
                  <SP HEIGHT="47" WIDTH="14" VPOS="869" HPOS="832"/>
                  <String HEIGHT="47"
                          WIDTH="136"
                          VPOS="869"
                          HPOS="791"
                          CONTENT="currat"/>
                  <SP HEIGHT="47" WIDTH="14" VPOS="869" HPOS="927"/>
                  <String HEIGHT="47"
                          WIDTH="231"
                          VPOS="869"
                          HPOS="886"
                          CONTENT="inuariabilit."/>
                  <SP HEIGHT="47" WIDTH="14" VPOS="869" HPOS="1117"/>
                  <String HEIGHT="47"
                          WIDTH="109"
                          VPOS="869"
                          HPOS="1062"
                          CONTENT="tantum"/>
               </TextLine>
               <TextLine ID="r2l30"
                         BASELINE="959"
                         HEIGHT="46"
                         WIDTH="763"
                         VPOS="913"
                         HPOS="400">
                  <String HEIGHT="46"
                          WIDTH="150"
                          VPOS="913"
                          HPOS="387"
                          CONTENT="floritio"/>
                  <SP HEIGHT="46" WIDTH="13" VPOS="913" HPOS="538"/>
                  <String HEIGHT="46"
                          WIDTH="138"
                          VPOS="913"
                          HPOS="500"
                          CONTENT="arboris"/>
                  <SP HEIGHT="46" WIDTH="13" VPOS="913" HPOS="638"/>
                  <String HEIGHT="46"
                          WIDTH="163"
                          VPOS="913"
                          HPOS="600"
                          CONTENT="impeditur"/>
                  <SP HEIGHT="46" WIDTH="13" VPOS="913" HPOS="763"/>
                  <String HEIGHT="46"
                          WIDTH="163"
                          VPOS="913"
                          HPOS="725"
                          CONTENT="quandoque"/>
                  <SP HEIGHT="46" WIDTH="13" VPOS="913" HPOS="888"/>
                  <String HEIGHT="46" WIDTH="88" VPOS="913" HPOS="850" CONTENT="per"/>
                  <SP HEIGHT="46" WIDTH="13" VPOS="913" HPOS="938"/>
                  <String HEIGHT="46"
                          WIDTH="150"
                          VPOS="913"
                          HPOS="900"
                          CONTENT="virtutem"/>
                  <SP HEIGHT="46" WIDTH="13" VPOS="913" HPOS="1050"/>
                  <String HEIGHT="46"
                          WIDTH="138"
                          VPOS="913"
                          HPOS="1013"
                          CONTENT="plante."/>
                  <SP HEIGHT="46" WIDTH="13" VPOS="913" HPOS="1150"/>
                  <String HEIGHT="46" WIDTH="63" VPOS="913" HPOS="1100" CONTENT="ita"/>
               </TextLine>
               <TextLine ID="r2l32"
                         BASELINE="1024"
                         HEIGHT="67"
                         WIDTH="698"
                         VPOS="957"
                         HPOS="399">
                  <String HEIGHT="67"
                          WIDTH="112"
                          VPOS="957"
                          HPOS="385"
                          CONTENT="quod"/>
                  <SP HEIGHT="67" WIDTH="14" VPOS="957" HPOS="497"/>
                  <String HEIGHT="67" WIDTH="98" VPOS="957" HPOS="455" CONTENT="non"/>
                  <SP HEIGHT="67" WIDTH="14" VPOS="957" HPOS="553"/>
                  <String HEIGHT="67"
                          WIDTH="154"
                          VPOS="957"
                          HPOS="511"
                          CONTENT="floreat"/>
                  <SP HEIGHT="67" WIDTH="14" VPOS="957" HPOS="664"/>
                  <String HEIGHT="67"
                          WIDTH="140"
                          VPOS="957"
                          HPOS="622"
                          CONTENT="arbor."/>
                  <SP HEIGHT="67" WIDTH="14" VPOS="957" HPOS="762"/>
                  <String HEIGHT="67" WIDTH="98" VPOS="957" HPOS="720" CONTENT="Sic"/>
                  <SP HEIGHT="67" WIDTH="14" VPOS="957" HPOS="818"/>
                  <String HEIGHT="67" WIDTH="84" VPOS="957" HPOS="776" CONTENT="ad"/>
                  <SP HEIGHT="67" WIDTH="14" VPOS="957" HPOS="860"/>
                  <String HEIGHT="67"
                          WIDTH="195"
                          VPOS="957"
                          HPOS="818"
                          CONTENT="propositum"/>
                  <SP HEIGHT="67" WIDTH="14" VPOS="957" HPOS="1013"/>
                  <String HEIGHT="67"
                          WIDTH="140"
                          VPOS="957"
                          HPOS="957"
                          CONTENT="applica."/>
               </TextLine>
               <TextLine ID="r2l35"
                         BASELINE="1115"
                         HEIGHT="80"
                         WIDTH="743"
                         VPOS="1035"
                         HPOS="427">
                  <String HEIGHT="80" WIDTH="103" VPOS="1035" HPOS="406" CONTENT="¶"/>
                  <SP HEIGHT="80" WIDTH="21" VPOS="1035" HPOS="510"/>
                  <String HEIGHT="80" WIDTH="124" VPOS="1035" HPOS="448" CONTENT="An"/>
                  <SP HEIGHT="80" WIDTH="21" VPOS="1035" HPOS="571"/>
                  <String HEIGHT="80"
                          WIDTH="165"
                          VPOS="1035"
                          HPOS="510"
                          CONTENT="deus"/>
                  <SP HEIGHT="80" WIDTH="21" VPOS="1035" HPOS="675"/>
                  <String HEIGHT="80"
                          WIDTH="206"
                          VPOS="1035"
                          HPOS="613"
                          CONTENT="potest"/>
                  <SP HEIGHT="80" WIDTH="21" VPOS="1035" HPOS="819"/>
                  <String HEIGHT="80"
                          WIDTH="144"
                          VPOS="1035"
                          HPOS="757"
                          CONTENT="non"/>
                  <SP HEIGHT="80" WIDTH="21" VPOS="1035" HPOS="902"/>
                  <String HEIGHT="80"
                          WIDTH="330"
                          VPOS="1035"
                          HPOS="840"
                          CONTENT="praesciuisse"/>
                  <SP HEIGHT="80" WIDTH="21" VPOS="1035" HPOS="1170"/>
                  <String HEIGHT="80" WIDTH="83" VPOS="1035" HPOS="1087" CONTENT="il"/>
               </TextLine>
               <TextLine ID="r2l38"
                         BASELINE="1154"
                         HEIGHT="63"
                         WIDTH="617"
                         VPOS="1091"
                         HPOS="414">
                  <String HEIGHT="63" WIDTH="90" VPOS="1091" HPOS="401" CONTENT="lud"/>
                  <SP HEIGHT="63" WIDTH="13" VPOS="1091" HPOS="491"/>
                  <String HEIGHT="63"
                          WIDTH="103"
                          VPOS="1091"
                          HPOS="453"
                          CONTENT="quod"/>
                  <SP HEIGHT="63" WIDTH="13" VPOS="1091" HPOS="555"/>
                  <String HEIGHT="63"
                          WIDTH="193"
                          VPOS="1091"
                          HPOS="517"
                          CONTENT="praesciuit."/>
                  <SP HEIGHT="63" WIDTH="13" VPOS="1091" HPOS="710"/>
                  <String HEIGHT="63"
                          WIDTH="103"
                          VPOS="1091"
                          HPOS="671"
                          CONTENT="vide"/>
                  <SP HEIGHT="63" WIDTH="13" VPOS="1091" HPOS="774"/>
                  <String HEIGHT="63" WIDTH="90" VPOS="1091" HPOS="735" CONTENT="vbi"/>
                  <SP HEIGHT="63" WIDTH="13" VPOS="1091" HPOS="825"/>
                  <String HEIGHT="63"
                          WIDTH="129"
                          VPOS="1091"
                          HPOS="787"
                          CONTENT="Scina."/>
                  <SP HEIGHT="63" WIDTH="13" VPOS="1091" HPOS="915"/>
                  <String HEIGHT="63" WIDTH="77" VPOS="1091" HPOS="877" CONTENT="§."/>
                  <SP HEIGHT="63" WIDTH="13" VPOS="1091" HPOS="954"/>
                  <String HEIGHT="63"
                          WIDTH="103"
                          VPOS="1091"
                          HPOS="915"
                          CONTENT="xix."/>
                  <SP HEIGHT="63" WIDTH="13" VPOS="1091" HPOS="1018"/>
                  <String HEIGHT="63" WIDTH="64" VPOS="1091" HPOS="967" CONTENT="xx."/>
               </TextLine>
               <TextLine ID="r2l41"
                         BASELINE="1248"
                         HEIGHT="70"
                         WIDTH="744"
                         VPOS="1178"
                         HPOS="424">
                  <String HEIGHT="70" WIDTH="103" VPOS="1178" HPOS="403" CONTENT="¶"/>
                  <SP HEIGHT="70" WIDTH="21" VPOS="1178" HPOS="507"/>
                  <String HEIGHT="70"
                          WIDTH="186"
                          VPOS="1178"
                          HPOS="445"
                          CONTENT="Utrum"/>
                  <SP HEIGHT="70" WIDTH="21" VPOS="1178" HPOS="631"/>
                  <String HEIGHT="70"
                          WIDTH="248"
                          VPOS="1178"
                          HPOS="569"
                          CONTENT="praescia"/>
                  <SP HEIGHT="70" WIDTH="21" VPOS="1178" HPOS="817"/>
                  <String HEIGHT="70"
                          WIDTH="145"
                          VPOS="1178"
                          HPOS="755"
                          CONTENT="dei"/>
                  <SP HEIGHT="70" WIDTH="21" VPOS="1178" HPOS="899"/>
                  <String HEIGHT="70"
                          WIDTH="145"
                          VPOS="1178"
                          HPOS="837"
                          CONTENT="sit"/>
                  <SP HEIGHT="70" WIDTH="21" VPOS="1178" HPOS="982"/>
                  <String HEIGHT="70"
                          WIDTH="186"
                          VPOS="1178"
                          HPOS="920"
                          CONTENT="causa"/>
                  <SP HEIGHT="70" WIDTH="21" VPOS="1178" HPOS="1106"/>
                  <String HEIGHT="70"
                          WIDTH="145"
                          VPOS="1178"
                          HPOS="1023"
                          CONTENT="rerum"/>
               </TextLine>
               <TextLine ID="r2l43"
                         BASELINE="1291"
                         HEIGHT="47"
                         WIDTH="766"
                         VPOS="1244"
                         HPOS="403">
                  <String HEIGHT="47" WIDTH="84" VPOS="1244" HPOS="389" CONTENT="An"/>
                  <SP HEIGHT="47" WIDTH="14" VPOS="1244" HPOS="473"/>
                  <String HEIGHT="47"
                          WIDTH="209"
                          VPOS="1244"
                          HPOS="431"
                          CONTENT="econuersio:"/>
                  <SP HEIGHT="47" WIDTH="14" VPOS="1244" HPOS="640"/>
                  <String HEIGHT="47" WIDTH="84" VPOS="1244" HPOS="598" CONTENT="Ad"/>
                  <SP HEIGHT="47" WIDTH="14" VPOS="1244" HPOS="682"/>
                  <String HEIGHT="47" WIDTH="97" VPOS="1244" HPOS="640" CONTENT="hoc"/>
                  <SP HEIGHT="47" WIDTH="14" VPOS="1244" HPOS="737"/>
                  <String HEIGHT="47"
                          WIDTH="167"
                          VPOS="1244"
                          HPOS="695"
                          CONTENT="Magister"/>
                  <SP HEIGHT="47" WIDTH="14" VPOS="1244" HPOS="863"/>
                  <String HEIGHT="47" WIDTH="97" VPOS="1244" HPOS="821" CONTENT="di."/>
                  <SP HEIGHT="47" WIDTH="14" VPOS="1244" HPOS="918"/>
                  <String HEIGHT="47"
                          WIDTH="167"
                          VPOS="1244"
                          HPOS="877"
                          CONTENT="xxxviii."/>
                  <SP HEIGHT="47" WIDTH="14" VPOS="1244" HPOS="1044"/>
                  <String HEIGHT="47"
                          WIDTH="97"
                          VPOS="1244"
                          HPOS="1002"
                          CONTENT="cum"/>
                  <SP HEIGHT="47" WIDTH="14" VPOS="1244" HPOS="1099"/>
                  <String HEIGHT="47"
                          WIDTH="111"
                          VPOS="1244"
                          HPOS="1058"
                          CONTENT="Aug."/>
                  <SP HEIGHT="47" WIDTH="14" VPOS="1244" HPOS="1169"/>
                  <String HEIGHT="47" WIDTH="56" VPOS="1244" HPOS="1113" CONTENT="xv"/>
               </TextLine>
               <TextLine ID="r2l45"
                         BASELINE="1335"
                         HEIGHT="51"
                         WIDTH="771"
                         VPOS="1284"
                         HPOS="406">
                  <String HEIGHT="51" WIDTH="83" VPOS="1284" HPOS="392" CONTENT="de"/>
                  <SP HEIGHT="51" WIDTH="14" VPOS="1284" HPOS="475"/>
                  <String HEIGHT="51"
                          WIDTH="110"
                          VPOS="1284"
                          HPOS="434"
                          CONTENT="tri."/>
                  <SP HEIGHT="51" WIDTH="14" VPOS="1284" HPOS="544"/>
                  <String HEIGHT="51" WIDTH="83" VPOS="1284" HPOS="502" CONTENT="Et"/>
                  <SP HEIGHT="51" WIDTH="14" VPOS="1284" HPOS="585"/>
                  <String HEIGHT="51"
                          WIDTH="124"
                          VPOS="1284"
                          HPOS="544"
                          CONTENT="etiam"/>
                  <SP HEIGHT="51" WIDTH="14" VPOS="1284" HPOS="668"/>
                  <String HEIGHT="51"
                          WIDTH="220"
                          VPOS="1284"
                          HPOS="626"
                          CONTENT="commentator."/>
                  <SP HEIGHT="51" WIDTH="14" VPOS="1284" HPOS="847"/>
                  <String HEIGHT="51"
                          WIDTH="110"
                          VPOS="1284"
                          HPOS="805"
                          CONTENT="xii."/>
                  <SP HEIGHT="51" WIDTH="14" VPOS="1284" HPOS="915"/>
                  <String HEIGHT="51"
                          WIDTH="124"
                          VPOS="1284"
                          HPOS="874"
                          CONTENT="Meta."/>
                  <SP HEIGHT="51" WIDTH="14" VPOS="1284" HPOS="998"/>
                  <String HEIGHT="51"
                          WIDTH="138"
                          VPOS="1284"
                          HPOS="957"
                          CONTENT="dicunt"/>
                  <SP HEIGHT="51" WIDTH="14" VPOS="1284" HPOS="1094"/>
                  <String HEIGHT="51"
                          WIDTH="110"
                          VPOS="1284"
                          HPOS="1053"
                          CONTENT="quod"/>
                  <SP HEIGHT="51" WIDTH="14" VPOS="1284" HPOS="1163"/>
                  <String HEIGHT="51"
                          WIDTH="69"
                          VPOS="1284"
                          HPOS="1108"
                          CONTENT="sci"/>
               </TextLine>
               <TextLine ID="r2l47"
                         BASELINE="1378"
                         HEIGHT="45"
                         WIDTH="769"
                         VPOS="1333"
                         HPOS="414">
                  <String HEIGHT="45"
                          WIDTH="95"
                          VPOS="1333"
                          HPOS="403"
                          CONTENT="entia"/>
                  <SP HEIGHT="45" WIDTH="11" VPOS="1333" HPOS="498"/>
                  <String HEIGHT="45"
                          WIDTH="84"
                          VPOS="1333"
                          HPOS="467"
                          CONTENT="dici"/>
                  <SP HEIGHT="45" WIDTH="11" VPOS="1333" HPOS="551"/>
                  <String HEIGHT="45" WIDTH="74" VPOS="1333" HPOS="519" CONTENT="est"/>
                  <SP HEIGHT="45" WIDTH="11" VPOS="1333" HPOS="593"/>
                  <String HEIGHT="45"
                          WIDTH="95"
                          VPOS="1333"
                          HPOS="561"
                          CONTENT="causa"/>
                  <SP HEIGHT="45" WIDTH="11" VPOS="1333" HPOS="656"/>
                  <String HEIGHT="45"
                          WIDTH="105"
                          VPOS="1333"
                          HPOS="625"
                          CONTENT="rerum."/>
                  <SP HEIGHT="45" WIDTH="11" VPOS="1333" HPOS="730"/>
                  <String HEIGHT="45"
                          WIDTH="84"
                          VPOS="1333"
                          HPOS="698"
                          CONTENT="vnde"/>
                  <SP HEIGHT="45" WIDTH="11" VPOS="1333" HPOS="783"/>
                  <String HEIGHT="45"
                          WIDTH="84"
                          VPOS="1333"
                          HPOS="751"
                          CONTENT="Aug."/>
                  <SP HEIGHT="45" WIDTH="11" VPOS="1333" HPOS="835"/>
                  <String HEIGHT="45" WIDTH="63" VPOS="1333" HPOS="804" CONTENT="in"/>
                  <SP HEIGHT="45" WIDTH="11" VPOS="1333" HPOS="867"/>
                  <String HEIGHT="45"
                          WIDTH="116"
                          VPOS="1333"
                          HPOS="835"
                          CONTENT="littera"/>
                  <SP HEIGHT="45" WIDTH="11" VPOS="1333" HPOS="951"/>
                  <String HEIGHT="45" WIDTH="74" VPOS="1333" HPOS="920" CONTENT="di."/>
                  <SP HEIGHT="45" WIDTH="11" VPOS="1333" HPOS="993"/>
                  <String HEIGHT="45"
                          WIDTH="105"
                          VPOS="1333"
                          HPOS="962"
                          CONTENT="supra."/>
                  <SP HEIGHT="45" WIDTH="11" VPOS="1333" HPOS="1067"/>
                  <String HEIGHT="45"
                          WIDTH="137"
                          VPOS="1333"
                          HPOS="1036"
                          CONTENT="allegatur"/>
                  <SP HEIGHT="45" WIDTH="11" VPOS="1333" HPOS="1172"/>
                  <String HEIGHT="45"
                          WIDTH="53"
                          VPOS="1333"
                          HPOS="1130"
                          CONTENT="dt."/>
               </TextLine>
               <TextLine ID="r2l49"
                         BASELINE="1412"
                         HEIGHT="48"
                         WIDTH="753"
                         VPOS="1364"
                         HPOS="418">
                  <String HEIGHT="48"
                          WIDTH="103"
                          VPOS="1364"
                          HPOS="403"
                          CONTENT="sic"/>
                  <SP HEIGHT="48" WIDTH="15" VPOS="1364" HPOS="507"/>
                  <String HEIGHT="48"
                          WIDTH="192"
                          VPOS="1364"
                          HPOS="462"
                          CONTENT="Uniuersas"/>
                  <SP HEIGHT="48" WIDTH="15" VPOS="1364" HPOS="654"/>
                  <String HEIGHT="48"
                          WIDTH="192"
                          VPOS="1364"
                          HPOS="610"
                          CONTENT="creaturas"/>
                  <SP HEIGHT="48" WIDTH="15" VPOS="1364" HPOS="802"/>
                  <String HEIGHT="48"
                          WIDTH="103"
                          VPOS="1364"
                          HPOS="758"
                          CONTENT="non"/>
                  <SP HEIGHT="48" WIDTH="15" VPOS="1364" HPOS="861"/>
                  <String HEIGHT="48"
                          WIDTH="118"
                          VPOS="1364"
                          HPOS="817"
                          CONTENT="quia"/>
                  <SP HEIGHT="48" WIDTH="15" VPOS="1364" HPOS="935"/>
                  <String HEIGHT="48" WIDTH="89" VPOS="1364" HPOS="890" CONTENT="se"/>
                  <SP HEIGHT="48" WIDTH="15" VPOS="1364" HPOS="979"/>
                  <String HEIGHT="48"
                          WIDTH="118"
                          VPOS="1364"
                          HPOS="935"
                          CONTENT="ideo"/>
                  <SP HEIGHT="48" WIDTH="15" VPOS="1364" HPOS="1053"/>
                  <String HEIGHT="48"
                          WIDTH="133"
                          VPOS="1364"
                          HPOS="1009"
                          CONTENT="nouit"/>
                  <SP HEIGHT="48" WIDTH="15" VPOS="1364" HPOS="1141"/>
                  <String HEIGHT="48"
                          WIDTH="89"
                          VPOS="1364"
                          HPOS="1082"
                          CONTENT="deus"/>
               </TextLine>
               <TextLine ID="r2l50"
                         BASELINE="1465"
                         HEIGHT="53"
                         WIDTH="766"
                         VPOS="1412"
                         HPOS="405">
                  <String HEIGHT="53" WIDTH="92" VPOS="1412" HPOS="392" CONTENT="sed"/>
                  <SP HEIGHT="53" WIDTH="13" VPOS="1412" HPOS="484"/>
                  <String HEIGHT="53"
                          WIDTH="106"
                          VPOS="1412"
                          HPOS="445"
                          CONTENT="ideo"/>
                  <SP HEIGHT="53" WIDTH="13" VPOS="1412" HPOS="550"/>
                  <String HEIGHT="53"
                          WIDTH="106"
                          VPOS="1412"
                          HPOS="511"
                          CONTENT="sunt"/>
                  <SP HEIGHT="53" WIDTH="13" VPOS="1412" HPOS="616"/>
                  <String HEIGHT="53"
                          WIDTH="106"
                          VPOS="1412"
                          HPOS="577"
                          CONTENT="quia"/>
                  <SP HEIGHT="53" WIDTH="13" VPOS="1412" HPOS="682"/>
                  <String HEIGHT="53"
                          WIDTH="119"
                          VPOS="1412"
                          HPOS="643"
                          CONTENT="nouit"/>
                  <SP HEIGHT="53" WIDTH="13" VPOS="1412" HPOS="762"/>
                  <String HEIGHT="53"
                          WIDTH="106"
                          VPOS="1412"
                          HPOS="722"
                          CONTENT="etc."/>
                  <SP HEIGHT="53" WIDTH="13" VPOS="1412" HPOS="828"/>
                  <String HEIGHT="53" WIDTH="66" VPOS="1412" HPOS="788" CONTENT="¶"/>
                  <SP HEIGHT="53" WIDTH="13" VPOS="1412" HPOS="854"/>
                  <String HEIGHT="53" WIDTH="92" VPOS="1412" HPOS="814" CONTENT="Sed"/>
                  <SP HEIGHT="53" WIDTH="13" VPOS="1412" HPOS="907"/>
                  <String HEIGHT="53"
                          WIDTH="158"
                          VPOS="1412"
                          HPOS="867"
                          CONTENT="qualiter"/>
                  <SP HEIGHT="53" WIDTH="13" VPOS="1412" HPOS="1026"/>
                  <String HEIGHT="53"
                          WIDTH="106"
                          VPOS="1412"
                          HPOS="986"
                          CONTENT="deus"/>
                  <SP HEIGHT="53" WIDTH="13" VPOS="1412" HPOS="1092"/>
                  <String HEIGHT="53"
                          WIDTH="92"
                          VPOS="1412"
                          HPOS="1052"
                          CONTENT="est"/>
                  <SP HEIGHT="53" WIDTH="13" VPOS="1412" HPOS="1145"/>
                  <String HEIGHT="53"
                          WIDTH="79"
                          VPOS="1412"
                          HPOS="1092"
                          CONTENT="cau"
                          SUBS_TYPE="HypPart1"
                          SUBS_CONTENT="causa"/>
                  <HYP CONTENT="-"/>
               </TextLine>
               <TextLine ID="r2l53"
                         BASELINE="1506"
                         HEIGHT="56"
                         WIDTH="765"
                         VPOS="1450"
                         HPOS="400">
                  <String HEIGHT="56"
                          WIDTH="78"
                          VPOS="1450"
                          HPOS="387"
                          CONTENT="sa"
                          SUBS_TYPE="HypPart2"
                          SUBS_CONTENT="causa"/>
                  <SP HEIGHT="56" WIDTH="13" VPOS="1450" HPOS="465"/>
                  <String HEIGHT="56"
                          WIDTH="117"
                          VPOS="1450"
                          HPOS="426"
                          CONTENT="rerum"/>
                  <SP HEIGHT="56" WIDTH="13" VPOS="1450" HPOS="543"/>
                  <String HEIGHT="56" WIDTH="91" VPOS="1450" HPOS="504" CONTENT="per"/>
                  <SP HEIGHT="56" WIDTH="13" VPOS="1450" HPOS="594"/>
                  <String HEIGHT="56"
                          WIDTH="104"
                          VPOS="1450"
                          HPOS="556"
                          CONTENT="suam"/>
                  <SP HEIGHT="56" WIDTH="13" VPOS="1450" HPOS="659"/>
                  <String HEIGHT="56"
                          WIDTH="233"
                          VPOS="1450"
                          HPOS="620"
                          CONTENT="praescientiam."/>
                  <SP HEIGHT="56" WIDTH="13" VPOS="1450" HPOS="854"/>
                  <String HEIGHT="56"
                          WIDTH="104"
                          VPOS="1450"
                          HPOS="815"
                          CONTENT="Nota"/>
                  <SP HEIGHT="56" WIDTH="13" VPOS="1450" HPOS="919"/>
                  <String HEIGHT="56" WIDTH="78" VPOS="1450" HPOS="880" CONTENT="de"/>
                  <SP HEIGHT="56" WIDTH="13" VPOS="1450" HPOS="958"/>
                  <String HEIGHT="56" WIDTH="91" VPOS="1450" HPOS="919" CONTENT="hoc"/>
                  <SP HEIGHT="56" WIDTH="13" VPOS="1450" HPOS="1009"/>
                  <String HEIGHT="56"
                          WIDTH="104"
                          VPOS="1450"
                          HPOS="971"
                          CONTENT="tres"/>
                  <SP HEIGHT="56" WIDTH="13" VPOS="1450" HPOS="1074"/>
                  <String HEIGHT="56"
                          WIDTH="143"
                          VPOS="1450"
                          HPOS="1022"
                          CONTENT="conclusio"/>
               </TextLine>
               <TextLine ID="r2l55"
                         BASELINE="1540"
                         HEIGHT="49"
                         WIDTH="766"
                         VPOS="1491"
                         HPOS="406">
                  <String HEIGHT="49"
                          WIDTH="102"
                          VPOS="1491"
                          HPOS="393"
                          CONTENT="nes."/>
                  <SP HEIGHT="49" WIDTH="13" VPOS="1491" HPOS="495"/>
                  <String HEIGHT="49" WIDTH="64" VPOS="1491" HPOS="457" CONTENT="¶"/>
                  <SP HEIGHT="49" WIDTH="13" VPOS="1491" HPOS="521"/>
                  <String HEIGHT="49"
                          WIDTH="115"
                          VPOS="1491"
                          HPOS="483"
                          CONTENT="Prima"/>
                  <SP HEIGHT="49" WIDTH="13" VPOS="1491" HPOS="598"/>
                  <String HEIGHT="49"
                          WIDTH="153"
                          VPOS="1491"
                          HPOS="559"
                          CONTENT="secundum"/>
                  <SP HEIGHT="49" WIDTH="13" VPOS="1491" HPOS="712"/>
                  <String HEIGHT="49"
                          WIDTH="102"
                          VPOS="1491"
                          HPOS="674"
                          CONTENT="Tho."/>
                  <SP HEIGHT="49" WIDTH="13" VPOS="1491" HPOS="776"/>
                  <String HEIGHT="49" WIDTH="77" VPOS="1491" HPOS="738" CONTENT="e."/>
                  <SP HEIGHT="49" WIDTH="13" VPOS="1491" HPOS="815"/>
                  <String HEIGHT="49" WIDTH="89" VPOS="1491" HPOS="776" CONTENT="di."/>
                  <SP HEIGHT="49" WIDTH="13" VPOS="1491" HPOS="866"/>
                  <String HEIGHT="49"
                          WIDTH="153"
                          VPOS="1491"
                          HPOS="827"
                          CONTENT="xxxviii."/>
                  <SP HEIGHT="49" WIDTH="13" VPOS="1491" HPOS="981"/>
                  <String HEIGHT="49" WIDTH="89" VPOS="1491" HPOS="942" CONTENT="ar."/>
                  <SP HEIGHT="49" WIDTH="13" VPOS="1491" HPOS="1032"/>
                  <String HEIGHT="49" WIDTH="77" VPOS="1491" HPOS="993" CONTENT="i."/>
                  <SP HEIGHT="49" WIDTH="13" VPOS="1491" HPOS="1070"/>
                  <String HEIGHT="49"
                          WIDTH="102"
                          VPOS="1491"
                          HPOS="1032"
                          CONTENT="quod"/>
                  <SP HEIGHT="49" WIDTH="13" VPOS="1491" HPOS="1134"/>
                  <String HEIGHT="49"
                          WIDTH="89"
                          VPOS="1491"
                          HPOS="1083"
                          CONTENT="scien"/>
               </TextLine>
               <TextLine ID="r2l56"
                         BASELINE="1581"
                         HEIGHT="48"
                         WIDTH="772"
                         VPOS="1533"
                         HPOS="400">
                  <String HEIGHT="48" WIDTH="89" VPOS="1533" HPOS="387" CONTENT="tia"/>
                  <SP HEIGHT="48" WIDTH="13" VPOS="1533" HPOS="476"/>
                  <String HEIGHT="48"
                          WIDTH="152"
                          VPOS="1533"
                          HPOS="438"
                          CONTENT="secundum"/>
                  <SP HEIGHT="48" WIDTH="13" VPOS="1533" HPOS="590"/>
                  <String HEIGHT="48"
                          WIDTH="152"
                          VPOS="1533"
                          HPOS="552"
                          CONTENT="rationem"/>
                  <SP HEIGHT="48" WIDTH="13" VPOS="1533" HPOS="704"/>
                  <String HEIGHT="48"
                          WIDTH="101"
                          VPOS="1533"
                          HPOS="666"
                          CONTENT="scie"/>
                  <SP HEIGHT="48" WIDTH="13" VPOS="1533" HPOS="767"/>
                  <String HEIGHT="48" WIDTH="89" VPOS="1533" HPOS="729" CONTENT="non"/>
                  <SP HEIGHT="48" WIDTH="13" VPOS="1533" HPOS="818"/>
                  <String HEIGHT="48"
                          WIDTH="114"
                          VPOS="1533"
                          HPOS="780"
                          CONTENT="dicit"/>
                  <SP HEIGHT="48" WIDTH="13" VPOS="1533" HPOS="894"/>
                  <String HEIGHT="48"
                          WIDTH="139"
                          VPOS="1533"
                          HPOS="856"
                          CONTENT="aliquam"/>
                  <SP HEIGHT="48" WIDTH="13" VPOS="1533" HPOS="995"/>
                  <String HEIGHT="48"
                          WIDTH="202"
                          VPOS="1533"
                          HPOS="957"
                          CONTENT="causalitate."/>
                  <SP HEIGHT="48" WIDTH="13" VPOS="1533" HPOS="1159"/>
                  <String HEIGHT="48"
                          WIDTH="63"
                          VPOS="1533"
                          HPOS="1109"
                          CONTENT="Ra"
                          SUBS_TYPE="HypPart1"
                          SUBS_CONTENT="Ratio"/>
                  <HYP CONTENT="-"/>
               </TextLine>
               <TextLine ID="r2l58"
                         BASELINE="1624"
                         HEIGHT="45"
                         WIDTH="763"
                         VPOS="1579"
                         HPOS="408">
                  <String HEIGHT="45"
                          WIDTH="73"
                          VPOS="1579"
                          HPOS="398"
                          CONTENT="tio"
                          SUBS_TYPE="HypPart2"
                          SUBS_CONTENT="Ratio"/>
                  <SP HEIGHT="45" WIDTH="10" VPOS="1579" HPOS="471"/>
                  <String HEIGHT="45"
                          WIDTH="84"
                          VPOS="1579"
                          HPOS="439"
                          CONTENT="quia"/>
                  <SP HEIGHT="45" WIDTH="10" VPOS="1579" HPOS="523"/>
                  <String HEIGHT="45" WIDTH="63" VPOS="1579" HPOS="492" CONTENT="si"/>
                  <SP HEIGHT="45" WIDTH="10" VPOS="1579" HPOS="554"/>
                  <String HEIGHT="45"
                          WIDTH="84"
                          VPOS="1579"
                          HPOS="523"
                          CONTENT="sic:"/>
                  <SP HEIGHT="45" WIDTH="10" VPOS="1579" HPOS="607"/>
                  <String HEIGHT="45"
                          WIDTH="146"
                          VPOS="1579"
                          HPOS="575"
                          CONTENT="sequeretur"/>
                  <SP HEIGHT="45" WIDTH="10" VPOS="1579" HPOS="722"/>
                  <String HEIGHT="45"
                          WIDTH="84"
                          VPOS="1579"
                          HPOS="690"
                          CONTENT="quod"/>
                  <SP HEIGHT="45" WIDTH="10" VPOS="1579" HPOS="774"/>
                  <String HEIGHT="45"
                          WIDTH="94"
                          VPOS="1579"
                          HPOS="742"
                          CONTENT="omnis"/>
                  <SP HEIGHT="45" WIDTH="10" VPOS="1579" HPOS="837"/>
                  <String HEIGHT="45"
                          WIDTH="94"
                          VPOS="1579"
                          HPOS="805"
                          CONTENT="sacia"/>
                  <SP HEIGHT="45" WIDTH="10" VPOS="1579" HPOS="899"/>
                  <String HEIGHT="45"
                          WIDTH="94"
                          VPOS="1579"
                          HPOS="868"
                          CONTENT="esset"/>
                  <SP HEIGHT="45" WIDTH="10" VPOS="1579" HPOS="962"/>
                  <String HEIGHT="45"
                          WIDTH="105"
                          VPOS="1579"
                          HPOS="931"
                          CONTENT="causa."/>
                  <SP HEIGHT="45" WIDTH="10" VPOS="1579" HPOS="1035"/>
                  <String HEIGHT="45"
                          WIDTH="73"
                          VPOS="1579"
                          HPOS="1004"
                          CONTENT="cum"/>
                  <SP HEIGHT="45" WIDTH="10" VPOS="1579" HPOS="1077"/>
                  <String HEIGHT="45"
                          WIDTH="94"
                          VPOS="1579"
                          HPOS="1046"
                          CONTENT="tamen"/>
                  <SP HEIGHT="45" WIDTH="10" VPOS="1579" HPOS="1140"/>
                  <String HEIGHT="45"
                          WIDTH="73"
                          VPOS="1579"
                          HPOS="1098"
                          CONTENT="sanci"/>
               </TextLine>
               <TextLine ID="r2l60"
                         BASELINE="1665"
                         HEIGHT="49"
                         WIDTH="765"
                         VPOS="1616"
                         HPOS="400">
                  <String HEIGHT="49"
                          WIDTH="130"
                          VPOS="1616"
                          HPOS="386"
                          CONTENT="entia"/>
                  <SP HEIGHT="49" WIDTH="14" VPOS="1616" HPOS="515"/>
                  <String HEIGHT="49"
                          WIDTH="101"
                          VPOS="1616"
                          HPOS="472"
                          CONTENT="non"/>
                  <SP HEIGHT="49" WIDTH="14" VPOS="1616" HPOS="573"/>
                  <String HEIGHT="49"
                          WIDTH="101"
                          VPOS="1616"
                          HPOS="530"
                          CONTENT="sit"/>
                  <SP HEIGHT="49" WIDTH="14" VPOS="1616" HPOS="631"/>
                  <String HEIGHT="49"
                          WIDTH="130"
                          VPOS="1616"
                          HPOS="588"
                          CONTENT="forma"/>
                  <SP HEIGHT="49" WIDTH="14" VPOS="1616" HPOS="718"/>
                  <String HEIGHT="49"
                          WIDTH="144"
                          VPOS="1616"
                          HPOS="674"
                          CONTENT="actiua"/>
                  <SP HEIGHT="49" WIDTH="14" VPOS="1616" HPOS="819"/>
                  <String HEIGHT="49"
                          WIDTH="144"
                          VPOS="1616"
                          HPOS="775"
                          CONTENT="rerum."/>
                  <SP HEIGHT="49" WIDTH="14" VPOS="1616" HPOS="920"/>
                  <String HEIGHT="49"
                          WIDTH="115"
                          VPOS="1616"
                          HPOS="876"
                          CONTENT="ergo"/>
                  <SP HEIGHT="49" WIDTH="14" VPOS="1616" HPOS="992"/>
                  <String HEIGHT="49"
                          WIDTH="101"
                          VPOS="1616"
                          HPOS="948"
                          CONTENT="nec"/>
                  <SP HEIGHT="49" WIDTH="14" VPOS="1616" HPOS="1050"/>
                  <String HEIGHT="49"
                          WIDTH="144"
                          VPOS="1616"
                          HPOS="1006"
                          CONTENT="causa."/>
                  <SP HEIGHT="49" WIDTH="14" VPOS="1616" HPOS="1151"/>
                  <String HEIGHT="49"
                          WIDTH="72"
                          VPOS="1616"
                          HPOS="1093"
                          CONTENT="Sed"/>
               </TextLine>
               <TextLine ID="r2l62"
                         BASELINE="1709"
                         HEIGHT="54"
                         WIDTH="779"
                         VPOS="1655"
                         HPOS="399">
                  <String HEIGHT="54"
                          WIDTH="184"
                          VPOS="1655"
                          HPOS="385"
                          CONTENT="inquantum"/>
                  <SP HEIGHT="54" WIDTH="14" VPOS="1655" HPOS="569"/>
                  <String HEIGHT="54" WIDTH="99" VPOS="1655" HPOS="526" CONTENT="est"/>
                  <SP HEIGHT="54" WIDTH="14" VPOS="1655" HPOS="626"/>
                  <String HEIGHT="54"
                          WIDTH="170"
                          VPOS="1655"
                          HPOS="583"
                          CONTENT="scientia"/>
                  <SP HEIGHT="54" WIDTH="14" VPOS="1655" HPOS="753"/>
                  <String HEIGHT="54"
                          WIDTH="184"
                          VPOS="1655"
                          HPOS="711"
                          CONTENT="artificis"/>
                  <SP HEIGHT="54" WIDTH="14" VPOS="1655" HPOS="895"/>
                  <String HEIGHT="54"
                          WIDTH="184"
                          VPOS="1655"
                          HPOS="852"
                          CONTENT="operantis"/>
                  <SP HEIGHT="54" WIDTH="14" VPOS="1655" HPOS="1036"/>
                  <String HEIGHT="54" WIDTH="99" VPOS="1655" HPOS="994" CONTENT="sic"/>
                  <SP HEIGHT="54" WIDTH="14" VPOS="1655" HPOS="1093"/>
                  <String HEIGHT="54"
                          WIDTH="127"
                          VPOS="1655"
                          HPOS="1051"
                          CONTENT="habet"/>
                  <SP HEIGHT="54" WIDTH="14" VPOS="1655" HPOS="1178"/>
                  <String HEIGHT="54" WIDTH="57" VPOS="1655" HPOS="1121" CONTENT="ra"/>
               </TextLine>
               <TextLine ID="r2l64"
                         BASELINE="1746"
                         HEIGHT="48"
                         WIDTH="766"
                         VPOS="1698"
                         HPOS="406">
                  <String HEIGHT="48"
                          WIDTH="139"
                          VPOS="1698"
                          HPOS="392"
                          CONTENT="tionem"/>
                  <SP HEIGHT="48" WIDTH="14" VPOS="1698" HPOS="531"/>
                  <String HEIGHT="48"
                          WIDTH="125"
                          VPOS="1698"
                          HPOS="490"
                          CONTENT="cause"/>
                  <SP HEIGHT="48" WIDTH="14" VPOS="1698" HPOS="615"/>
                  <String HEIGHT="48"
                          WIDTH="167"
                          VPOS="1698"
                          HPOS="573"
                          CONTENT="respectu"/>
                  <SP HEIGHT="48" WIDTH="14" VPOS="1698" HPOS="740"/>
                  <String HEIGHT="48" WIDTH="97" VPOS="1698" HPOS="698" CONTENT="rei"/>
                  <SP HEIGHT="48" WIDTH="14" VPOS="1698" HPOS="796"/>
                  <String HEIGHT="48"
                          WIDTH="153"
                          VPOS="1698"
                          HPOS="754"
                          CONTENT="operate"/>
                  <SP HEIGHT="48" WIDTH="14" VPOS="1698" HPOS="907"/>
                  <String HEIGHT="48" WIDTH="97" VPOS="1698" HPOS="866" CONTENT="per"/>
                  <SP HEIGHT="48" WIDTH="14" VPOS="1698" HPOS="963"/>
                  <String HEIGHT="48"
                          WIDTH="139"
                          VPOS="1698"
                          HPOS="921"
                          CONTENT="artem."/>
                  <SP HEIGHT="48" WIDTH="14" VPOS="1698" HPOS="1061"/>
                  <String HEIGHT="48"
                          WIDTH="111"
                          VPOS="1698"
                          HPOS="1019"
                          CONTENT="vnde"/>
                  <SP HEIGHT="48" WIDTH="14" VPOS="1698" HPOS="1130"/>
                  <String HEIGHT="48"
                          WIDTH="97"
                          VPOS="1698"
                          HPOS="1075"
                          CONTENT="sicui"/>
               </TextLine>
               <TextLine ID="r2l66"
                         BASELINE="1796"
                         HEIGHT="54"
                         WIDTH="763"
                         VPOS="1742"
                         HPOS="406">
                  <String HEIGHT="54"
                          WIDTH="173"
                          VPOS="1742"
                          HPOS="392"
                          CONTENT="scientia"/>
                  <SP HEIGHT="54" WIDTH="14" VPOS="1742" HPOS="564"/>
                  <String HEIGHT="54"
                          WIDTH="187"
                          VPOS="1742"
                          HPOS="521"
                          CONTENT="artificis"/>
                  <SP HEIGHT="54" WIDTH="14" VPOS="1742" HPOS="708"/>
                  <String HEIGHT="54"
                          WIDTH="101"
                          VPOS="1742"
                          HPOS="665"
                          CONTENT="non"/>
                  <SP HEIGHT="54" WIDTH="14" VPOS="1742" HPOS="766"/>
                  <String HEIGHT="54"
                          WIDTH="158"
                          VPOS="1742"
                          HPOS="723"
                          CONTENT="dicitur"/>
                  <SP HEIGHT="54" WIDTH="14" VPOS="1742" HPOS="881"/>
                  <String HEIGHT="54"
                          WIDTH="115"
                          VPOS="1742"
                          HPOS="838"
                          CONTENT="esse"/>
                  <SP HEIGHT="54" WIDTH="14" VPOS="1742" HPOS="953"/>
                  <String HEIGHT="54"
                          WIDTH="130"
                          VPOS="1742"
                          HPOS="910"
                          CONTENT="causa"/>
                  <SP HEIGHT="54" WIDTH="14" VPOS="1742" HPOS="1039"/>
                  <String HEIGHT="54"
                          WIDTH="173"
                          VPOS="1742"
                          HPOS="996"
                          CONTENT="defectus"/>
                  <SP HEIGHT="54" WIDTH="14" VPOS="1742" HPOS="1169"/>
                  <String HEIGHT="54" WIDTH="58" VPOS="1742" HPOS="1111" CONTENT="in"/>
               </TextLine>
               <TextLine ID="r2l68"
                         BASELINE="1837"
                         HEIGHT="51"
                         WIDTH="778"
                         VPOS="1786"
                         HPOS="403">
                  <String HEIGHT="51"
                          WIDTH="215"
                          VPOS="1786"
                          HPOS="390"
                          CONTENT="artificiato."/>
                  <SP HEIGHT="51" WIDTH="13" VPOS="1786" HPOS="604"/>
                  <String HEIGHT="51"
                          WIDTH="148"
                          VPOS="1786"
                          HPOS="564"
                          CONTENT="quamuis"/>
                  <SP HEIGHT="51" WIDTH="13" VPOS="1786" HPOS="712"/>
                  <String HEIGHT="51"
                          WIDTH="174"
                          VPOS="1786"
                          HPOS="671"
                          CONTENT="praesciat"/>
                  <SP HEIGHT="51" WIDTH="13" VPOS="1786" HPOS="846"/>
                  <String HEIGHT="51"
                          WIDTH="121"
                          VPOS="1786"
                          HPOS="805"
                          CONTENT="talem"/>
                  <SP HEIGHT="51" WIDTH="13" VPOS="1786" HPOS="926"/>
                  <String HEIGHT="51"
                          WIDTH="161"
                          VPOS="1786"
                          HPOS="886"
                          CONTENT="defectum"/>
                  <SP HEIGHT="51" WIDTH="13" VPOS="1786" HPOS="1047"/>
                  <String HEIGHT="51"
                          WIDTH="107"
                          VPOS="1786"
                          HPOS="1007"
                          CONTENT="puta"/>
                  <SP HEIGHT="51" WIDTH="13" VPOS="1786" HPOS="1114"/>
                  <String HEIGHT="51"
                          WIDTH="107"
                          VPOS="1786"
                          HPOS="1074"
                          CONTENT="quod"/>
                  <SP HEIGHT="51" WIDTH="13" VPOS="1786" HPOS="1181"/>
                  <String HEIGHT="51" WIDTH="54" VPOS="1786" HPOS="1127" CONTENT="ar"/>
               </TextLine>
               <TextLine ID="r2l70"
                         BASELINE="1876"
                         HEIGHT="50"
                         WIDTH="760"
                         VPOS="1826"
                         HPOS="406">
                  <String HEIGHT="50" WIDTH="84" VPOS="1826" HPOS="392" CONTENT="ca"/>
                  <SP HEIGHT="50" WIDTH="14" VPOS="1826" HPOS="476"/>
                  <String HEIGHT="50" WIDTH="99" VPOS="1826" HPOS="434" CONTENT="vel"/>
                  <SP HEIGHT="50" WIDTH="14" VPOS="1826" HPOS="533"/>
                  <String HEIGHT="50"
                          WIDTH="113"
                          VPOS="1826"
                          HPOS="490"
                          CONTENT="olla"/>
                  <SP HEIGHT="50" WIDTH="14" VPOS="1826" HPOS="603"/>
                  <String HEIGHT="50"
                          WIDTH="113"
                          VPOS="1826"
                          HPOS="561"
                          CONTENT="erit"/>
                  <SP HEIGHT="50" WIDTH="14" VPOS="1826" HPOS="673"/>
                  <String HEIGHT="50"
                          WIDTH="183"
                          VPOS="1826"
                          HPOS="631"
                          CONTENT="faciliter"/>
                  <SP HEIGHT="50" WIDTH="14" VPOS="1826" HPOS="814"/>
                  <String HEIGHT="50"
                          WIDTH="225"
                          VPOS="1826"
                          HPOS="772"
                          CONTENT="frangibilis."/>
                  <SP HEIGHT="50" WIDTH="14" VPOS="1826" HPOS="997"/>
                  <String HEIGHT="50" WIDTH="99" VPOS="1826" HPOS="955" CONTENT="hoc"/>
                  <SP HEIGHT="50" WIDTH="14" VPOS="1826" HPOS="1053"/>
                  <String HEIGHT="50"
                          WIDTH="99"
                          VPOS="1826"
                          HPOS="1011"
                          CONTENT="non"/>
                  <SP HEIGHT="50" WIDTH="14" VPOS="1826" HPOS="1110"/>
                  <String HEIGHT="50"
                          WIDTH="99"
                          VPOS="1826"
                          HPOS="1067"
                          CONTENT="est"/>
                  <SP HEIGHT="50" WIDTH="14" VPOS="1826" HPOS="1166"/>
                  <String HEIGHT="50" WIDTH="56" VPOS="1826" HPOS="1110" CONTENT="ex"/>
               </TextLine>
               <TextLine ID="r2l72"
                         BASELINE="1913"
                         HEIGHT="45"
                         WIDTH="760"
                         VPOS="1868"
                         HPOS="406">
                  <String HEIGHT="45"
                          WIDTH="157"
                          VPOS="1868"
                          HPOS="393"
                          CONTENT="scientia"/>
                  <SP HEIGHT="45" WIDTH="13" VPOS="1868" HPOS="550"/>
                  <String HEIGHT="45"
                          WIDTH="131"
                          VPOS="1868"
                          HPOS="511"
                          CONTENT="illius"/>
                  <SP HEIGHT="45" WIDTH="13" VPOS="1868" HPOS="642"/>
                  <String HEIGHT="45"
                          WIDTH="131"
                          VPOS="1868"
                          HPOS="603"
                          CONTENT="tantum"/>
                  <SP HEIGHT="45" WIDTH="13" VPOS="1868" HPOS="734"/>
                  <String HEIGHT="45"
                          WIDTH="144"
                          VPOS="1868"
                          HPOS="694"
                          CONTENT="Denique"/>
                  <SP HEIGHT="45" WIDTH="13" VPOS="1868" HPOS="838"/>
                  <String HEIGHT="45"
                          WIDTH="105"
                          VPOS="1868"
                          HPOS="799"
                          CONTENT="scia"/>
                  <SP HEIGHT="45" WIDTH="13" VPOS="1868" HPOS="904"/>
                  <String HEIGHT="45"
                          WIDTH="118"
                          VPOS="1868"
                          HPOS="865"
                          CONTENT="etiam"/>
                  <SP HEIGHT="45" WIDTH="13" VPOS="1868" HPOS="983"/>
                  <String HEIGHT="45" WIDTH="92" VPOS="1868" HPOS="943" CONTENT="non"/>
                  <SP HEIGHT="45" WIDTH="13" VPOS="1868" HPOS="1035"/>
                  <String HEIGHT="45" WIDTH="92" VPOS="1868" HPOS="996" CONTENT="est"/>
                  <SP HEIGHT="45" WIDTH="13" VPOS="1868" HPOS="1087"/>
                  <String HEIGHT="45"
                          WIDTH="131"
                          VPOS="1868"
                          HPOS="1035"
                          CONTENT="completa"/>
               </TextLine>
               <TextLine ID="r2l74"
                         BASELINE="1961"
                         HEIGHT="50"
                         WIDTH="763"
                         VPOS="1911"
                         HPOS="406">
                  <String HEIGHT="50"
                          WIDTH="123"
                          VPOS="1911"
                          HPOS="392"
                          CONTENT="causa"/>
                  <SP HEIGHT="50" WIDTH="14" VPOS="1911" HPOS="515"/>
                  <String HEIGHT="50"
                          WIDTH="204"
                          VPOS="1911"
                          HPOS="474"
                          CONTENT="artificiati"/>
                  <SP HEIGHT="50" WIDTH="14" VPOS="1911" HPOS="679"/>
                  <String HEIGHT="50"
                          WIDTH="109"
                          VPOS="1911"
                          HPOS="638"
                          CONTENT="nisi"/>
                  <SP HEIGHT="50" WIDTH="14" VPOS="1911" HPOS="747"/>
                  <String HEIGHT="50"
                          WIDTH="150"
                          VPOS="1911"
                          HPOS="706"
                          CONTENT="addatur"/>
                  <SP HEIGHT="50" WIDTH="14" VPOS="1911" HPOS="856"/>
                  <String HEIGHT="50" WIDTH="95" VPOS="1911" HPOS="815" CONTENT="vel"/>
                  <SP HEIGHT="50" WIDTH="14" VPOS="1911" HPOS="910"/>
                  <String HEIGHT="50"
                          WIDTH="164"
                          VPOS="1911"
                          HPOS="869"
                          CONTENT="scientie"/>
                  <SP HEIGHT="50" WIDTH="14" VPOS="1911" HPOS="1033"/>
                  <String HEIGHT="50"
                          WIDTH="123"
                          VPOS="1911"
                          HPOS="992"
                          CONTENT="assit"/>
                  <SP HEIGHT="50" WIDTH="14" VPOS="1911" HPOS="1115"/>
                  <String HEIGHT="50"
                          WIDTH="109"
                          VPOS="1911"
                          HPOS="1060"
                          CONTENT="volun"
                          SUBS_TYPE="HypPart1"
                          SUBS_CONTENT="voluntas"/>
                  <HYP CONTENT="-"/>
               </TextLine>
               <TextLine ID="r2l76"
                         BASELINE="2014"
                         HEIGHT="66"
                         WIDTH="776"
                         VPOS="1948"
                         HPOS="402">
                  <String HEIGHT="66"
                          WIDTH="79"
                          VPOS="1948"
                          HPOS="391"
                          CONTENT="tas"
                          SUBS_TYPE="HypPart2"
                          SUBS_CONTENT="voluntas"/>
                  <SP HEIGHT="66" WIDTH="11" VPOS="1948" HPOS="469"/>
                  <String HEIGHT="66" WIDTH="67" VPOS="1948" HPOS="436" CONTENT="vt"/>
                  <SP HEIGHT="66" WIDTH="11" VPOS="1948" HPOS="503"/>
                  <String HEIGHT="66"
                          WIDTH="101"
                          VPOS="1948"
                          HPOS="469"
                          CONTENT="dicit"/>
                  <SP HEIGHT="66" WIDTH="11" VPOS="1948" HPOS="571"/>
                  <String HEIGHT="66"
                          WIDTH="180"
                          VPOS="1948"
                          HPOS="537"
                          CONTENT="philosophus."/>
                  <SP HEIGHT="66" WIDTH="11" VPOS="1948" HPOS="717"/>
                  <String HEIGHT="66" WIDTH="79" VPOS="1948" HPOS="683" CONTENT="ix."/>
                  <SP HEIGHT="66" WIDTH="11" VPOS="1948" HPOS="762"/>
                  <String HEIGHT="66"
                          WIDTH="101"
                          VPOS="1948"
                          HPOS="728"
                          CONTENT="Meta."/>
                  <SP HEIGHT="66" WIDTH="11" VPOS="1948" HPOS="829"/>
                  <String HEIGHT="66"
                          WIDTH="146"
                          VPOS="1948"
                          HPOS="796"
                          CONTENT="Similiter"/>
                  <SP HEIGHT="66" WIDTH="11" VPOS="1948" HPOS="942"/>
                  <String HEIGHT="66"
                          WIDTH="101"
                          VPOS="1948"
                          HPOS="908"
                          CONTENT="etiam"/>
                  <SP HEIGHT="66" WIDTH="11" VPOS="1948" HPOS="1009"/>
                  <String HEIGHT="66" WIDTH="79" VPOS="1948" HPOS="976" CONTENT="est"/>
                  <SP HEIGHT="66" WIDTH="11" VPOS="1948" HPOS="1054"/>
                  <String HEIGHT="66" WIDTH="67" VPOS="1948" HPOS="1021" CONTENT="de"/>
                  <SP HEIGHT="66" WIDTH="11" VPOS="1948" HPOS="1088"/>
                  <String HEIGHT="66"
                          WIDTH="112"
                          VPOS="1948"
                          HPOS="1054"
                          CONTENT="scania"/>
                  <SP HEIGHT="66" WIDTH="11" VPOS="1948" HPOS="1167"/>
                  <String HEIGHT="66"
                          WIDTH="56"
                          VPOS="1948"
                          HPOS="1122"
                          CONTENT="dei"/>
               </TextLine>
               <TextLine ID="r2l78"
                         BASELINE="2047"
                         HEIGHT="59"
                         WIDTH="769"
                         VPOS="1988"
                         HPOS="403">
                  <String HEIGHT="59"
                          WIDTH="112"
                          VPOS="1988"
                          HPOS="387"
                          CONTENT="Hec"/>
                  <SP HEIGHT="59" WIDTH="16" VPOS="1988" HPOS="499"/>
                  <String HEIGHT="59" WIDTH="96" VPOS="1988" HPOS="451" CONTENT="ex"/>
                  <SP HEIGHT="59" WIDTH="16" VPOS="1988" HPOS="547"/>
                  <String HEIGHT="59"
                          WIDTH="112"
                          VPOS="1988"
                          HPOS="499"
                          CONTENT="Tho"/>
                  <SP HEIGHT="59" WIDTH="16" VPOS="1988" HPOS="611"/>
                  <String HEIGHT="59" WIDTH="80" VPOS="1988" HPOS="563" CONTENT="¶"/>
                  <SP HEIGHT="59" WIDTH="16" VPOS="1988" HPOS="643"/>
                  <String HEIGHT="59"
                          WIDTH="176"
                          VPOS="1988"
                          HPOS="595"
                          CONTENT="Secunda"/>
                  <SP HEIGHT="59" WIDTH="16" VPOS="1988" HPOS="771"/>
                  <String HEIGHT="59"
                          WIDTH="128"
                          VPOS="1988"
                          HPOS="723"
                          CONTENT="ergo"/>
                  <SP HEIGHT="59" WIDTH="16" VPOS="1988" HPOS="852"/>
                  <String HEIGHT="59"
                          WIDTH="208"
                          VPOS="1988"
                          HPOS="804"
                          CONTENT="conclusio"/>
                  <SP HEIGHT="59" WIDTH="16" VPOS="1988" HPOS="1012"/>
                  <String HEIGHT="59" WIDTH="96" VPOS="1988" HPOS="964" CONTENT="ex"/>
                  <SP HEIGHT="59" WIDTH="16" VPOS="1988" HPOS="1060"/>
                  <String HEIGHT="59"
                          WIDTH="176"
                          VPOS="1988"
                          HPOS="996"
                          CONTENT="Scotorlis"/>
               </TextLine>
               <TextLine ID="r2l80"
                         BASELINE="2086"
                         HEIGHT="66"
                         WIDTH="767"
                         VPOS="2020"
                         HPOS="405">
                  <String HEIGHT="66" WIDTH="74" VPOS="2020" HPOS="393" CONTENT="e."/>
                  <SP HEIGHT="66" WIDTH="12" VPOS="2020" HPOS="467"/>
                  <String HEIGHT="66"
                          WIDTH="111"
                          VPOS="2020"
                          HPOS="430"
                          CONTENT="dist."/>
                  <SP HEIGHT="66" WIDTH="12" VPOS="2020" HPOS="541"/>
                  <String HEIGHT="66"
                          WIDTH="148"
                          VPOS="2020"
                          HPOS="504"
                          CONTENT="xxxviii."/>
                  <SP HEIGHT="66" WIDTH="12" VPOS="2020" HPOS="652"/>
                  <String HEIGHT="66" WIDTH="74" VPOS="2020" HPOS="615" CONTENT="q."/>
                  <SP HEIGHT="66" WIDTH="12" VPOS="2020" HPOS="690"/>
                  <String HEIGHT="66" WIDTH="74" VPOS="2020" HPOS="652" CONTENT="i."/>
                  <SP HEIGHT="66" WIDTH="12" VPOS="2020" HPOS="727"/>
                  <String HEIGHT="66"
                          WIDTH="99"
                          VPOS="2020"
                          HPOS="690"
                          CONTENT="quod"/>
                  <SP HEIGHT="66" WIDTH="12" VPOS="2020" HPOS="789"/>
                  <String HEIGHT="66"
                          WIDTH="99"
                          VPOS="2020"
                          HPOS="751"
                          CONTENT="deus"/>
                  <SP HEIGHT="66" WIDTH="12" VPOS="2020" HPOS="850"/>
                  <String HEIGHT="66" WIDTH="87" VPOS="2020" HPOS="813" CONTENT="est"/>
                  <SP HEIGHT="66" WIDTH="12" VPOS="2020" HPOS="900"/>
                  <String HEIGHT="66"
                          WIDTH="111"
                          VPOS="2020"
                          HPOS="863"
                          CONTENT="causa"/>
                  <SP HEIGHT="66" WIDTH="12" VPOS="2020" HPOS="974"/>
                  <String HEIGHT="66"
                          WIDTH="111"
                          VPOS="2020"
                          HPOS="937"
                          CONTENT="rerum"/>
                  <SP HEIGHT="66" WIDTH="12" VPOS="2020" HPOS="1048"/>
                  <String HEIGHT="66"
                          WIDTH="87"
                          VPOS="2020"
                          HPOS="1011"
                          CONTENT="per"/>
                  <SP HEIGHT="66" WIDTH="12" VPOS="2020" HPOS="1098"/>
                  <String HEIGHT="66"
                          WIDTH="124"
                          VPOS="2020"
                          HPOS="1048"
                          CONTENT="intelle"
                          SUBS_TYPE="HypPart1"
                          SUBS_CONTENT="intellectum"/>
                  <HYP CONTENT="-"/>
               </TextLine>
               <TextLine ID="r2l82"
                         BASELINE="2125"
                         HEIGHT="46"
                         WIDTH="774"
                         VPOS="2079"
                         HPOS="400">
                  <String HEIGHT="46"
                          WIDTH="113"
                          VPOS="2079"
                          HPOS="386"
                          CONTENT="ctum"
                          SUBS_TYPE="HypPart2"
                          SUBS_CONTENT="intellectum"/>
                  <SP HEIGHT="46" WIDTH="14" VPOS="2079" HPOS="499"/>
                  <String HEIGHT="46"
                          WIDTH="113"
                          VPOS="2079"
                          HPOS="456"
                          CONTENT="siue"/>
                  <SP HEIGHT="46" WIDTH="14" VPOS="2079" HPOS="569"/>
                  <String HEIGHT="46" WIDTH="99" VPOS="2079" HPOS="527" CONTENT="per"/>
                  <SP HEIGHT="46" WIDTH="14" VPOS="2079" HPOS="625"/>
                  <String HEIGHT="46"
                          WIDTH="141"
                          VPOS="2079"
                          HPOS="583"
                          CONTENT="saciam"/>
                  <SP HEIGHT="46" WIDTH="14" VPOS="2079" HPOS="724"/>
                  <String HEIGHT="46" WIDTH="84" VPOS="2079" HPOS="681" CONTENT="et"/>
                  <SP HEIGHT="46" WIDTH="14" VPOS="2079" HPOS="766"/>
                  <String HEIGHT="46"
                          WIDTH="211"
                          VPOS="2079"
                          HPOS="724"
                          CONTENT="voluntatem."/>
                  <SP HEIGHT="46" WIDTH="14" VPOS="2079" HPOS="935"/>
                  <String HEIGHT="46"
                          WIDTH="127"
                          VPOS="2079"
                          HPOS="893"
                          CONTENT="Ratio"/>
                  <SP HEIGHT="46" WIDTH="14" VPOS="2079" HPOS="1019"/>
                  <String HEIGHT="46"
                          WIDTH="113"
                          VPOS="2079"
                          HPOS="977"
                          CONTENT="quia"/>
                  <SP HEIGHT="46" WIDTH="14" VPOS="2079" HPOS="1090"/>
                  <String HEIGHT="46"
                          WIDTH="113"
                          VPOS="2079"
                          HPOS="1047"
                          CONTENT="deus"/>
                  <SP HEIGHT="46" WIDTH="14" VPOS="2079" HPOS="1160"/>
                  <String HEIGHT="46"
                          WIDTH="70"
                          VPOS="2079"
                          HPOS="1104"
                          CONTENT="est"/>
               </TextLine>
               <TextLine ID="r2l84"
                         BASELINE="2168"
                         HEIGHT="50"
                         WIDTH="772"
                         VPOS="2118"
                         HPOS="406">
                  <String HEIGHT="50"
                          WIDTH="151"
                          VPOS="2118"
                          HPOS="389"
                          CONTENT="causa"/>
                  <SP HEIGHT="50" WIDTH="17" VPOS="2118" HPOS="540"/>
                  <String HEIGHT="50"
                          WIDTH="151"
                          VPOS="2118"
                          HPOS="490"
                          CONTENT="rerum"/>
                  <SP HEIGHT="50" WIDTH="17" VPOS="2118" HPOS="641"/>
                  <String HEIGHT="50"
                          WIDTH="252"
                          VPOS="2118"
                          HPOS="591"
                          CONTENT="nobilissimo"/>
                  <SP HEIGHT="50" WIDTH="17" VPOS="2118" HPOS="842"/>
                  <String HEIGHT="50"
                          WIDTH="134"
                          VPOS="2118"
                          HPOS="792"
                          CONTENT="modo"/>
                  <SP HEIGHT="50" WIDTH="17" VPOS="2118" HPOS="926"/>
                  <String HEIGHT="50"
                          WIDTH="252"
                          VPOS="2118"
                          HPOS="876"
                          CONTENT="producendi."/>
                  <SP HEIGHT="50" WIDTH="17" VPOS="2118" HPOS="1128"/>
                  <String HEIGHT="50"
                          WIDTH="117"
                          VPOS="2118"
                          HPOS="1061"
                          CONTENT="Nobi"
                          SUBS_TYPE="HypPart1"
                          SUBS_CONTENT="Nobilissimus"/>
                  <HYP CONTENT="-"/>
               </TextLine>
               <TextLine ID="r2l86"
                         BASELINE="2209"
                         HEIGHT="51"
                         WIDTH="752"
                         VPOS="2158"
                         HPOS="411">
                  <String HEIGHT="51"
                          WIDTH="177"
                          VPOS="2158"
                          HPOS="396"
                          CONTENT="lissimus"
                          SUBS_TYPE="HypPart2"
                          SUBS_CONTENT="Nobilissimus"/>
                  <SP HEIGHT="51" WIDTH="15" VPOS="2158" HPOS="573"/>
                  <String HEIGHT="51"
                          WIDTH="133"
                          VPOS="2158"
                          HPOS="529"
                          CONTENT="autem"/>
                  <SP HEIGHT="51" WIDTH="15" VPOS="2158" HPOS="662"/>
                  <String HEIGHT="51"
                          WIDTH="133"
                          VPOS="2158"
                          HPOS="617"
                          CONTENT="modus"/>
                  <SP HEIGHT="51" WIDTH="15" VPOS="2158" HPOS="750"/>
                  <String HEIGHT="51"
                          WIDTH="206"
                          VPOS="2158"
                          HPOS="706"
                          CONTENT="producendi"/>
                  <SP HEIGHT="51" WIDTH="15" VPOS="2158" HPOS="912"/>
                  <String HEIGHT="51"
                          WIDTH="103"
                          VPOS="2158"
                          HPOS="868"
                          CONTENT="est"/>
                  <SP HEIGHT="51" WIDTH="15" VPOS="2158" HPOS="971"/>
                  <String HEIGHT="51"
                          WIDTH="103"
                          VPOS="2158"
                          HPOS="927"
                          CONTENT="per"/>
                  <SP HEIGHT="51" WIDTH="15" VPOS="2158" HPOS="1030"/>
                  <String HEIGHT="51"
                          WIDTH="192"
                          VPOS="2158"
                          HPOS="971"
                          CONTENT="intellectum"/>
               </TextLine>
               <TextLine ID="r2l88"
                         BASELINE="2253"
                         HEIGHT="52"
                         WIDTH="754"
                         VPOS="2201"
                         HPOS="409">
                  <String HEIGHT="52" WIDTH="79" VPOS="2201" HPOS="396" CONTENT="et"/>
                  <SP HEIGHT="52" WIDTH="13" VPOS="2201" HPOS="475"/>
                  <String HEIGHT="52"
                          WIDTH="198"
                          VPOS="2201"
                          HPOS="435"
                          CONTENT="voluntatem."/>
                  <SP HEIGHT="52" WIDTH="13" VPOS="2201" HPOS="634"/>
                  <String HEIGHT="52"
                          WIDTH="106"
                          VPOS="2201"
                          HPOS="594"
                          CONTENT="vnde"/>
                  <SP HEIGHT="52" WIDTH="13" VPOS="2201" HPOS="700"/>
                  <String HEIGHT="52"
                          WIDTH="119"
                          VPOS="2201"
                          HPOS="660"
                          CONTENT="sicut"/>
                  <SP HEIGHT="52" WIDTH="13" VPOS="2201" HPOS="779"/>
                  <String HEIGHT="52"
                          WIDTH="146"
                          VPOS="2201"
                          HPOS="740"
                          CONTENT="artifex"/>
                  <SP HEIGHT="52" WIDTH="13" VPOS="2201" HPOS="885"/>
                  <String HEIGHT="52"
                          WIDTH="159"
                          VPOS="2201"
                          HPOS="846"
                          CONTENT="producit"/>
                  <SP HEIGHT="52" WIDTH="13" VPOS="2201" HPOS="1004"/>
                  <String HEIGHT="52"
                          WIDTH="185"
                          VPOS="2201"
                          HPOS="965"
                          CONTENT="artificium"/>
                  <SP HEIGHT="52" WIDTH="13" VPOS="2201" HPOS="1150"/>
                  <String HEIGHT="52"
                          WIDTH="66"
                          VPOS="2201"
                          HPOS="1097"
                          CONTENT="per"/>
               </TextLine>
               <TextLine ID="r2l90"
                         BASELINE="2289"
                         HEIGHT="44"
                         WIDTH="727"
                         VPOS="2245"
                         HPOS="409">
                  <String HEIGHT="44"
                          WIDTH="210"
                          VPOS="2245"
                          HPOS="395"
                          CONTENT="intellectum"/>
                  <SP HEIGHT="44" WIDTH="14" VPOS="2245" HPOS="605"/>
                  <String HEIGHT="44" WIDTH="84" VPOS="2245" HPOS="563" CONTENT="et"/>
                  <SP HEIGHT="44" WIDTH="14" VPOS="2245" HPOS="647"/>
                  <String HEIGHT="44"
                          WIDTH="196"
                          VPOS="2245"
                          HPOS="605"
                          CONTENT="voluntatem"/>
                  <SP HEIGHT="44" WIDTH="14" VPOS="2245" HPOS="800"/>
                  <String HEIGHT="44" WIDTH="98" VPOS="2245" HPOS="759" CONTENT="ita"/>
                  <SP HEIGHT="44" WIDTH="14" VPOS="2245" HPOS="856"/>
                  <String HEIGHT="44" WIDTH="84" VPOS="2245" HPOS="814" CONTENT="et"/>
                  <SP HEIGHT="44" WIDTH="14" VPOS="2245" HPOS="898"/>
                  <String HEIGHT="44"
                          WIDTH="112"
                          VPOS="2245"
                          HPOS="856"
                          CONTENT="deus"/>
                  <SP HEIGHT="44" WIDTH="14" VPOS="2245" HPOS="968"/>
                  <String HEIGHT="44"
                          WIDTH="168"
                          VPOS="2245"
                          HPOS="926"
                          CONTENT="producit"/>
                  <SP HEIGHT="44" WIDTH="14" VPOS="2245" HPOS="1094"/>
                  <String HEIGHT="44"
                          WIDTH="98"
                          VPOS="2245"
                          HPOS="1038"
                          CONTENT="extra"/>
               </TextLine>
               <TextLine ID="r2l92"
                         BASELINE="2330"
                         HEIGHT="44"
                         WIDTH="760"
                         VPOS="2286"
                         HPOS="402">
                  <String HEIGHT="44"
                          WIDTH="102"
                          VPOS="2286"
                          HPOS="387"
                          CONTENT="Sed"/>
                  <SP HEIGHT="44" WIDTH="15" VPOS="2286" HPOS="490"/>
                  <String HEIGHT="44"
                          WIDTH="117"
                          VPOS="2286"
                          HPOS="446"
                          CONTENT="quod"/>
                  <SP HEIGHT="44" WIDTH="15" VPOS="2286" HPOS="563"/>
                  <String HEIGHT="44"
                          WIDTH="132"
                          VPOS="2286"
                          HPOS="519"
                          CONTENT="horum"/>
                  <SP HEIGHT="44" WIDTH="15" VPOS="2286" HPOS="650"/>
                  <String HEIGHT="44"
                          WIDTH="102"
                          VPOS="2286"
                          HPOS="607"
                          CONTENT="sit"/>
                  <SP HEIGHT="44" WIDTH="15" VPOS="2286" HPOS="709"/>
                  <String HEIGHT="44"
                          WIDTH="234"
                          VPOS="2286"
                          HPOS="665"
                          CONTENT="principalius"/>
                  <SP HEIGHT="44" WIDTH="15" VPOS="2286" HPOS="899"/>
                  <String HEIGHT="44"
                          WIDTH="175"
                          VPOS="2286"
                          HPOS="855"
                          CONTENT="ponitur."/>
                  <SP HEIGHT="44" WIDTH="15" VPOS="2286" HPOS="1030"/>
                  <String HEIGHT="44" WIDTH="73" VPOS="2286" HPOS="987" CONTENT="¶"/>
                  <SP HEIGHT="44" WIDTH="15" VPOS="2286" HPOS="1060"/>
                  <String HEIGHT="44"
                          WIDTH="146"
                          VPOS="2286"
                          HPOS="1016"
                          CONTENT="Tertia"/>
                  <SP HEIGHT="44" WIDTH="15" VPOS="2286" HPOS="1162"/>
                  <String HEIGHT="44" WIDTH="58" VPOS="2286" HPOS="1104" CONTENT="co"/>
               </TextLine>
               <TextLine ID="r2l94"
                         BASELINE="2371"
                         HEIGHT="46"
                         WIDTH="763"
                         VPOS="2325"
                         HPOS="409">
                  <String HEIGHT="46"
                          WIDTH="136"
                          VPOS="2325"
                          HPOS="395"
                          CONTENT="clusio"/>
                  <SP HEIGHT="46" WIDTH="14" VPOS="2325" HPOS="532"/>
                  <String HEIGHT="46" WIDTH="82" VPOS="2325" HPOS="491" CONTENT="ex"/>
                  <SP HEIGHT="46" WIDTH="14" VPOS="2325" HPOS="573"/>
                  <String HEIGHT="46" WIDTH="82" VPOS="2325" HPOS="532" CONTENT="e."/>
                  <SP HEIGHT="46" WIDTH="14" VPOS="2325" HPOS="613"/>
                  <String HEIGHT="46"
                          WIDTH="191"
                          VPOS="2325"
                          HPOS="573"
                          CONTENT="Scotorlis."/>
                  <SP HEIGHT="46" WIDTH="14" VPOS="2325" HPOS="763"/>
                  <String HEIGHT="46"
                          WIDTH="123"
                          VPOS="2325"
                          HPOS="722"
                          CONTENT="vicem"/>
                  <SP HEIGHT="46" WIDTH="14" VPOS="2325" HPOS="845"/>
                  <String HEIGHT="46"
                          WIDTH="109"
                          VPOS="2325"
                          HPOS="804"
                          CONTENT="quod"/>
                  <SP HEIGHT="46" WIDTH="14" VPOS="2325" HPOS="913"/>
                  <String HEIGHT="46"
                          WIDTH="109"
                          VPOS="2325"
                          HPOS="872"
                          CONTENT="deus"/>
                  <SP HEIGHT="46" WIDTH="14" VPOS="2325" HPOS="981"/>
                  <String HEIGHT="46"
                          WIDTH="218"
                          VPOS="2325"
                          HPOS="940"
                          CONTENT="principalius"/>
                  <SP HEIGHT="46" WIDTH="14" VPOS="2325" HPOS="1158"/>
                  <String HEIGHT="46"
                          WIDTH="68"
                          VPOS="2325"
                          HPOS="1104"
                          CONTENT="est"/>
               </TextLine>
               <TextLine ID="r2l96"
                         BASELINE="2420"
                         HEIGHT="49"
                         WIDTH="763"
                         VPOS="2371"
                         HPOS="405">
                  <String HEIGHT="49"
                          WIDTH="111"
                          VPOS="2371"
                          HPOS="393"
                          CONTENT="causa"/>
                  <SP HEIGHT="49" WIDTH="12" VPOS="2371" HPOS="503"/>
                  <String HEIGHT="49"
                          WIDTH="111"
                          VPOS="2371"
                          HPOS="467"
                          CONTENT="rerum"/>
                  <SP HEIGHT="49" WIDTH="12" VPOS="2371" HPOS="577"/>
                  <String HEIGHT="49" WIDTH="86" VPOS="2371" HPOS="540" CONTENT="per"/>
                  <SP HEIGHT="49" WIDTH="12" VPOS="2371" HPOS="627"/>
                  <String HEIGHT="49"
                          WIDTH="172"
                          VPOS="2371"
                          HPOS="590"
                          CONTENT="voluntatem"/>
                  <SP HEIGHT="49" WIDTH="12" VPOS="2371" HPOS="762"/>
                  <String HEIGHT="49"
                          WIDTH="98"
                          VPOS="2371"
                          HPOS="725"
                          CONTENT="quam"/>
                  <SP HEIGHT="49" WIDTH="12" VPOS="2371" HPOS="823"/>
                  <String HEIGHT="49" WIDTH="86" VPOS="2371" HPOS="787" CONTENT="per"/>
                  <SP HEIGHT="49" WIDTH="12" VPOS="2371" HPOS="873"/>
                  <String HEIGHT="49"
                          WIDTH="197"
                          VPOS="2371"
                          HPOS="836"
                          CONTENT="intellectum."/>
                  <SP HEIGHT="49" WIDTH="12" VPOS="2371" HPOS="1033"/>
                  <String HEIGHT="49"
                          WIDTH="148"
                          VPOS="2371"
                          HPOS="996"
                          CONTENT="probatur"/>
                  <SP HEIGHT="49" WIDTH="12" VPOS="2371" HPOS="1143"/>
                  <String HEIGHT="49"
                          WIDTH="74"
                          VPOS="2371"
                          HPOS="1094"
                          CONTENT="quia"/>
               </TextLine>
               <TextLine ID="r2l98"
                         BASELINE="2454"
                         HEIGHT="43"
                         WIDTH="748"
                         VPOS="2411"
                         HPOS="412">
                  <String HEIGHT="43"
                          WIDTH="208"
                          VPOS="2411"
                          HPOS="398"
                          CONTENT="intellectus"/>
                  <SP HEIGHT="43" WIDTH="14" VPOS="2411" HPOS="606"/>
                  <String HEIGHT="43" WIDTH="97" VPOS="2411" HPOS="564" CONTENT="est"/>
                  <SP HEIGHT="43" WIDTH="14" VPOS="2411" HPOS="661"/>
                  <String HEIGHT="43"
                          WIDTH="194"
                          VPOS="2411"
                          HPOS="620"
                          CONTENT="principium"/>
                  <SP HEIGHT="43" WIDTH="14" VPOS="2411" HPOS="814"/>
                  <String HEIGHT="43"
                          WIDTH="208"
                          VPOS="2411"
                          HPOS="772"
                          CONTENT="creaturarum"/>
                  <SP HEIGHT="43" WIDTH="14" VPOS="2411" HPOS="980"/>
                  <String HEIGHT="43"
                          WIDTH="235"
                          VPOS="2411"
                          HPOS="925"
                          CONTENT="representatiuum"/>
               </TextLine>
               <TextLine ID="r2l100"
                         BASELINE="2500"
                         HEIGHT="53"
                         WIDTH="768"
                         VPOS="2447"
                         HPOS="400">
                  <String HEIGHT="53"
                          WIDTH="134"
                          VPOS="2447"
                          HPOS="388"
                          CONTENT="tantum."/>
                  <SP HEIGHT="53" WIDTH="12" VPOS="2447" HPOS="522"/>
                  <String HEIGHT="53"
                          WIDTH="146"
                          VPOS="2447"
                          HPOS="485"
                          CONTENT="Uoluntas"/>
                  <SP HEIGHT="53" WIDTH="12" VPOS="2447" HPOS="632"/>
                  <String HEIGHT="53"
                          WIDTH="110"
                          VPOS="2447"
                          HPOS="595"
                          CONTENT="autem"/>
                  <SP HEIGHT="53" WIDTH="12" VPOS="2447" HPOS="705"/>
                  <String HEIGHT="53" WIDTH="85" VPOS="2447" HPOS="668" CONTENT="est"/>
                  <SP HEIGHT="53" WIDTH="12" VPOS="2447" HPOS="754"/>
                  <String HEIGHT="53"
                          WIDTH="171"
                          VPOS="2447"
                          HPOS="717"
                          CONTENT="principium"/>
                  <SP HEIGHT="53" WIDTH="12" VPOS="2447" HPOS="888"/>
                  <String HEIGHT="53"
                          WIDTH="171"
                          VPOS="2447"
                          HPOS="851"
                          CONTENT="elicitiuum"/>
                  <SP HEIGHT="53" WIDTH="12" VPOS="2447" HPOS="1022"/>
                  <String HEIGHT="53" WIDTH="73" VPOS="2447" HPOS="985" CONTENT="et"/>
                  <SP HEIGHT="53" WIDTH="12" VPOS="2447" HPOS="1058"/>
                  <String HEIGHT="53"
                          WIDTH="158"
                          VPOS="2447"
                          HPOS="1010"
                          CONTENT="productiuum"/>
               </TextLine>
               <TextLine ID="r2l103"
                         BASELINE="2551"
                         HEIGHT="56"
                         WIDTH="770"
                         VPOS="2495"
                         HPOS="402">
                  <String HEIGHT="56"
                          WIDTH="99"
                          VPOS="2495"
                          HPOS="390"
                          CONTENT="vnde"/>
                  <SP HEIGHT="56" WIDTH="12" VPOS="2495" HPOS="489"/>
                  <String HEIGHT="56"
                          WIDTH="137"
                          VPOS="2495"
                          HPOS="452"
                          CONTENT="Psalmus"/>
                  <SP HEIGHT="56" WIDTH="12" VPOS="2495" HPOS="588"/>
                  <String HEIGHT="56" WIDTH="87" VPOS="2495" HPOS="551" CONTENT="Ipe"/>
                  <SP HEIGHT="56" WIDTH="12" VPOS="2495" HPOS="638"/>
                  <String HEIGHT="56"
                          WIDTH="149"
                          VPOS="2495"
                          HPOS="601"
                          CONTENT="scilicet"/>
                  <SP HEIGHT="56" WIDTH="12" VPOS="2495" HPOS="750"/>
                  <String HEIGHT="56"
                          WIDTH="99"
                          VPOS="2495"
                          HPOS="712"
                          CONTENT="deus"/>
                  <SP HEIGHT="56" WIDTH="12" VPOS="2495" HPOS="812"/>
                  <String HEIGHT="56"
                          WIDTH="112"
                          VPOS="2495"
                          HPOS="775"
                          CONTENT="dixit"/>
                  <SP HEIGHT="56" WIDTH="12" VPOS="2495" HPOS="886"/>
                  <String HEIGHT="56" WIDTH="75" VPOS="2495" HPOS="849" CONTENT="et"/>
                  <SP HEIGHT="56" WIDTH="12" VPOS="2495" HPOS="924"/>
                  <String HEIGHT="56"
                          WIDTH="112"
                          VPOS="2495"
                          HPOS="886"
                          CONTENT="facta"/>
                  <SP HEIGHT="56" WIDTH="12" VPOS="2495" HPOS="998"/>
                  <String HEIGHT="56"
                          WIDTH="112"
                          VPOS="2495"
                          HPOS="961"
                          CONTENT="sunt."/>
                  <SP HEIGHT="56" WIDTH="12" VPOS="2495" HPOS="1073"/>
                  <String HEIGHT="56"
                          WIDTH="112"
                          VPOS="2495"
                          HPOS="1035"
                          CONTENT="Ipere"/>
                  <SP HEIGHT="56" WIDTH="12" VPOS="2495" HPOS="1147"/>
                  <String HEIGHT="56"
                          WIDTH="75"
                          VPOS="2495"
                          HPOS="1097"
                          CONTENT="man"
                          SUBS_TYPE="HypPart1"
                          SUBS_CONTENT="mandauit"/>
                  <HYP CONTENT="-"/>
               </TextLine>
               <TextLine ID="r2l105"
                         BASELINE="2584"
                         HEIGHT="52"
                         WIDTH="773"
                         VPOS="2532"
                         HPOS="396">
                  <String HEIGHT="52"
                          WIDTH="139"
                          VPOS="2532"
                          HPOS="381"
                          CONTENT="dauit"
                          SUBS_TYPE="HypPart2"
                          SUBS_CONTENT="mandauit"/>
                  <SP HEIGHT="52" WIDTH="15" VPOS="2532" HPOS="520"/>
                  <String HEIGHT="52" WIDTH="93" VPOS="2532" HPOS="473" CONTENT="et"/>
                  <SP HEIGHT="52" WIDTH="15" VPOS="2532" HPOS="566"/>
                  <String HEIGHT="52"
                          WIDTH="155"
                          VPOS="2532"
                          HPOS="520"
                          CONTENT="creata"/>
                  <SP HEIGHT="52" WIDTH="15" VPOS="2532" HPOS="674"/>
                  <String HEIGHT="52"
                          WIDTH="139"
                          VPOS="2532"
                          HPOS="628"
                          CONTENT="sunt."/>
                  <SP HEIGHT="52" WIDTH="15" VPOS="2532" HPOS="767"/>
                  <String HEIGHT="52" WIDTH="93" VPOS="2532" HPOS="721" CONTENT="Et"/>
                  <SP HEIGHT="52" WIDTH="15" VPOS="2532" HPOS="813"/>
                  <String HEIGHT="52"
                          WIDTH="155"
                          VPOS="2532"
                          HPOS="767"
                          CONTENT="iterum"/>
                  <SP HEIGHT="52" WIDTH="15" VPOS="2532" HPOS="922"/>
                  <String HEIGHT="52"
                          WIDTH="139"
                          VPOS="2532"
                          HPOS="875"
                          CONTENT="Omnia"/>
                  <SP HEIGHT="52" WIDTH="15" VPOS="2532" HPOS="1014"/>
                  <String HEIGHT="52"
                          WIDTH="201"
                          VPOS="2532"
                          HPOS="968"
                          CONTENT="quecumque"/>
                  <SP HEIGHT="52" WIDTH="15" VPOS="2532" HPOS="1169"/>
                  <String HEIGHT="52" WIDTH="62" VPOS="2532" HPOS="1107" CONTENT="vo"/>
               </TextLine>
               <TextLine ID="r2l107"
                         BASELINE="2624"
                         HEIGHT="49"
                         WIDTH="751"
                         VPOS="2575"
                         HPOS="412">
                  <String HEIGHT="49"
                          WIDTH="107"
                          VPOS="2575"
                          HPOS="399"
                          CONTENT="luit"/>
                  <SP HEIGHT="49" WIDTH="13" VPOS="2575" HPOS="506"/>
                  <String HEIGHT="49"
                          WIDTH="148"
                          VPOS="2575"
                          HPOS="466"
                          CONTENT="dominus"/>
                  <SP HEIGHT="49" WIDTH="13" VPOS="2575" HPOS="613"/>
                  <String HEIGHT="49"
                          WIDTH="121"
                          VPOS="2575"
                          HPOS="573"
                          CONTENT="fecit"/>
                  <SP HEIGHT="49" WIDTH="13" VPOS="2575" HPOS="694"/>
                  <String HEIGHT="49" WIDTH="80" VPOS="2575" HPOS="653" CONTENT="in"/>
                  <SP HEIGHT="49" WIDTH="13" VPOS="2575" HPOS="734"/>
                  <String HEIGHT="49"
                          WIDTH="107"
                          VPOS="2575"
                          HPOS="694"
                          CONTENT="celo"/>
                  <SP HEIGHT="49" WIDTH="13" VPOS="2575" HPOS="801"/>
                  <String HEIGHT="49" WIDTH="80" VPOS="2575" HPOS="761" CONTENT="et"/>
                  <SP HEIGHT="49" WIDTH="13" VPOS="2575" HPOS="841"/>
                  <String HEIGHT="49" WIDTH="80" VPOS="2575" HPOS="801" CONTENT="in"/>
                  <SP HEIGHT="49" WIDTH="13" VPOS="2575" HPOS="881"/>
                  <String HEIGHT="49"
                          WIDTH="134"
                          VPOS="2575"
                          HPOS="841"
                          CONTENT="terra."/>
                  <SP HEIGHT="49" WIDTH="13" VPOS="2575" HPOS="975"/>
                  <String HEIGHT="49" WIDTH="94" VPOS="2575" HPOS="935" CONTENT="Sed"/>
                  <SP HEIGHT="49" WIDTH="13" VPOS="2575" HPOS="1029"/>
                  <String HEIGHT="49"
                          WIDTH="188"
                          VPOS="2575"
                          HPOS="975"
                          CONTENT="principalius"/>
               </TextLine>
               <TextLine ID="r2l109"
                         BASELINE="2664"
                         HEIGHT="45"
                         WIDTH="776"
                         VPOS="2619"
                         HPOS="396">
                  <String HEIGHT="45" WIDTH="97" VPOS="2619" HPOS="382" CONTENT="est"/>
                  <SP HEIGHT="45" WIDTH="14" VPOS="2619" HPOS="479"/>
                  <String HEIGHT="45"
                          WIDTH="125"
                          VPOS="2619"
                          HPOS="438"
                          CONTENT="causa"/>
                  <SP HEIGHT="45" WIDTH="14" VPOS="2619" HPOS="562"/>
                  <String HEIGHT="45"
                          WIDTH="125"
                          VPOS="2619"
                          HPOS="521"
                          CONTENT="rerum"/>
                  <SP HEIGHT="45" WIDTH="14" VPOS="2619" HPOS="645"/>
                  <String HEIGHT="45"
                          WIDTH="194"
                          VPOS="2619"
                          HPOS="604"
                          CONTENT="principium"/>
                  <SP HEIGHT="45" WIDTH="14" VPOS="2619" HPOS="798"/>
                  <String HEIGHT="45"
                          WIDTH="208"
                          VPOS="2619"
                          HPOS="756"
                          CONTENT="productiuum"/>
                  <SP HEIGHT="45" WIDTH="14" VPOS="2619" HPOS="964"/>
                  <String HEIGHT="45"
                          WIDTH="111"
                          VPOS="2619"
                          HPOS="923"
                          CONTENT="quam"/>
                  <SP HEIGHT="45" WIDTH="14" VPOS="2619" HPOS="1033"/>
                  <String HEIGHT="45"
                          WIDTH="194"
                          VPOS="2619"
                          HPOS="978"
                          CONTENT="representati"/>
               </TextLine>
               <TextLine ID="r2l111"
                         BASELINE="2711"
                         HEIGHT="51"
                         WIDTH="769"
                         VPOS="2660"
                         HPOS="406">
                  <String HEIGHT="51"
                          WIDTH="118"
                          VPOS="2660"
                          HPOS="391"
                          CONTENT="uum."/>
                  <SP HEIGHT="51" WIDTH="15" VPOS="2660" HPOS="510"/>
                  <String HEIGHT="51"
                          WIDTH="118"
                          VPOS="2660"
                          HPOS="465"
                          CONTENT="Quod"/>
                  <SP HEIGHT="51" WIDTH="15" VPOS="2660" HPOS="583"/>
                  <String HEIGHT="51"
                          WIDTH="192"
                          VPOS="2660"
                          HPOS="539"
                          CONTENT="probatur."/>
                  <SP HEIGHT="51" WIDTH="15" VPOS="2660" HPOS="731"/>
                  <String HEIGHT="51"
                          WIDTH="118"
                          VPOS="2660"
                          HPOS="687"
                          CONTENT="quia"/>
                  <SP HEIGHT="51" WIDTH="15" VPOS="2660" HPOS="805"/>
                  <String HEIGHT="51"
                          WIDTH="148"
                          VPOS="2660"
                          HPOS="761"
                          CONTENT="posito"/>
                  <SP HEIGHT="51" WIDTH="15" VPOS="2660" HPOS="909"/>
                  <String HEIGHT="51"
                          WIDTH="118"
                          VPOS="2660"
                          HPOS="864"
                          CONTENT="casu"/>
                  <SP HEIGHT="51" WIDTH="15" VPOS="2660" HPOS="983"/>
                  <String HEIGHT="51"
                          WIDTH="104"
                          VPOS="2660"
                          HPOS="938"
                          CONTENT="per"/>
                  <SP HEIGHT="51" WIDTH="15" VPOS="2660" HPOS="1042"/>
                  <String HEIGHT="51"
                          WIDTH="192"
                          VPOS="2660"
                          HPOS="983"
                          CONTENT="impossibile"/>
               </TextLine>
               <TextLine ID="r2l113"
                         BASELINE="2755"
                         HEIGHT="50"
                         WIDTH="775"
                         VPOS="2705"
                         HPOS="397">
                  <String HEIGHT="50"
                          WIDTH="117"
                          VPOS="2705"
                          HPOS="382"
                          CONTENT="quod"/>
                  <SP HEIGHT="50" WIDTH="15" VPOS="2705" HPOS="499"/>
                  <String HEIGHT="50" WIDTH="88" VPOS="2705" HPOS="455" CONTENT="in"/>
                  <SP HEIGHT="50" WIDTH="15" VPOS="2705" HPOS="543"/>
                  <String HEIGHT="50"
                          WIDTH="117"
                          VPOS="2705"
                          HPOS="499"
                          CONTENT="deo:"/>
                  <SP HEIGHT="50" WIDTH="15" VPOS="2705" HPOS="616"/>
                  <String HEIGHT="50"
                          WIDTH="249"
                          VPOS="2705"
                          HPOS="572"
                          CONTENT="circumscripto"/>
                  <SP HEIGHT="50" WIDTH="15" VPOS="2705" HPOS="821"/>
                  <String HEIGHT="50"
                          WIDTH="117"
                          VPOS="2705"
                          HPOS="777"
                          CONTENT="actu"/>
                  <SP HEIGHT="50" WIDTH="15" VPOS="2705" HPOS="894"/>
                  <String HEIGHT="50"
                          WIDTH="219"
                          VPOS="2705"
                          HPOS="850"
                          CONTENT="intellectus"/>
                  <SP HEIGHT="50" WIDTH="15" VPOS="2705" HPOS="1070"/>
                  <String HEIGHT="50" WIDTH="88" VPOS="2705" HPOS="1026" CONTENT="si"/>
                  <SP HEIGHT="50" WIDTH="15" VPOS="2705" HPOS="1114"/>
                  <String HEIGHT="50"
                          WIDTH="117"
                          VPOS="2705"
                          HPOS="1055"
                          CONTENT="ponere"/>
               </TextLine>
            </TextBlock>
            <TextBlock ID="TextRegion_1611416935652_1124"
                       HEIGHT="2535"
                       WIDTH="808"
                       VPOS="217"
                       HPOS="1217">
               <Shape>
                  <Polygon POINTS="1217,217 2025,217 2025,2752 1217,2752"/>
               </Shape>
               <TextLine ID="r2l2"
                         BASELINE="370"
                         HEIGHT="76"
                         WIDTH="772"
                         VPOS="294"
                         HPOS="1227">
                  <String HEIGHT="76"
                          WIDTH="113"
                          VPOS="294"
                          HPOS="1211"
                          CONTENT="tur"/>
                  <SP HEIGHT="76" WIDTH="16" VPOS="294" HPOS="1324"/>
                  <String HEIGHT="76"
                          WIDTH="145"
                          VPOS="294"
                          HPOS="1275"
                          CONTENT="actus"/>
                  <SP HEIGHT="76" WIDTH="16" VPOS="294" HPOS="1420"/>
                  <String HEIGHT="76"
                          WIDTH="225"
                          VPOS="294"
                          HPOS="1372"
                          CONTENT="voluntatis"/>
                  <SP HEIGHT="76" WIDTH="16" VPOS="294" HPOS="1597"/>
                  <String HEIGHT="76"
                          WIDTH="145"
                          VPOS="294"
                          HPOS="1549"
                          CONTENT="adhuc"/>
                  <SP HEIGHT="76" WIDTH="16" VPOS="294" HPOS="1693"/>
                  <String HEIGHT="76"
                          WIDTH="209"
                          VPOS="294"
                          HPOS="1645"
                          CONTENT="poneretur"/>
                  <SP HEIGHT="76" WIDTH="16" VPOS="294" HPOS="1854"/>
                  <String HEIGHT="76"
                          WIDTH="193"
                          VPOS="294"
                          HPOS="1806"
                          CONTENT="effectus"/>
                  <SP HEIGHT="76" WIDTH="16" VPOS="294" HPOS="1999"/>
                  <String HEIGHT="76" WIDTH="64" VPOS="294" HPOS="1935" CONTENT="et"/>
               </TextLine>
               <TextLine ID="r2l4"
                         BASELINE="425"
                         HEIGHT="64"
                         WIDTH="652"
                         VPOS="361"
                         HPOS="1233">
                  <String HEIGHT="64" WIDTH="88" VPOS="361" HPOS="1220" CONTENT="non"/>
                  <SP HEIGHT="64" WIDTH="13" VPOS="361" HPOS="1308"/>
                  <String HEIGHT="64"
                          WIDTH="176"
                          VPOS="361"
                          HPOS="1271"
                          CONTENT="econuerso."/>
                  <SP HEIGHT="64" WIDTH="13" VPOS="361" HPOS="1446"/>
                  <String HEIGHT="64"
                          WIDTH="100"
                          VPOS="361"
                          HPOS="1409"
                          CONTENT="ergo"/>
                  <SP HEIGHT="64" WIDTH="13" VPOS="361" HPOS="1509"/>
                  <String HEIGHT="64"
                          WIDTH="201"
                          VPOS="361"
                          HPOS="1471"
                          CONTENT="principalior"/>
                  <SP HEIGHT="64" WIDTH="13" VPOS="361" HPOS="1672"/>
                  <String HEIGHT="64"
                          WIDTH="113"
                          VPOS="361"
                          HPOS="1634"
                          CONTENT="causa"/>
                  <SP HEIGHT="64" WIDTH="13" VPOS="361" HPOS="1747"/>
                  <String HEIGHT="64"
                          WIDTH="150"
                          VPOS="361"
                          HPOS="1709"
                          CONTENT="voluntas"/>
                  <SP HEIGHT="64" WIDTH="13" VPOS="361" HPOS="1860"/>
                  <String HEIGHT="64"
                          WIDTH="75"
                          VPOS="361"
                          HPOS="1810"
                          CONTENT="est."/>
               </TextLine>
               <TextLine ID="r2l7"
                         BASELINE="484"
                         HEIGHT="77"
                         WIDTH="701"
                         VPOS="407"
                         HPOS="1283">
                  <String HEIGHT="77" WIDTH="117" VPOS="407" HPOS="1260" CONTENT="¶"/>
                  <SP HEIGHT="77" WIDTH="23" VPOS="407" HPOS="1376"/>
                  <String HEIGHT="77"
                          WIDTH="164"
                          VPOS="407"
                          HPOS="1306"
                          CONTENT="Sed"/>
                  <SP HEIGHT="77" WIDTH="23" VPOS="407" HPOS="1470"/>
                  <String HEIGHT="77"
                          WIDTH="351"
                          VPOS="407"
                          HPOS="1400"
                          CONTENT="difficultas"/>
                  <SP HEIGHT="77" WIDTH="23" VPOS="407" HPOS="1750"/>
                  <String HEIGHT="77"
                          WIDTH="187"
                          VPOS="407"
                          HPOS="1680"
                          CONTENT="est."/>
                  <SP HEIGHT="77" WIDTH="23" VPOS="407" HPOS="1867"/>
                  <String HEIGHT="77"
                          WIDTH="187"
                          VPOS="407"
                          HPOS="1797"
                          CONTENT="quia"/>
                  <SP HEIGHT="77" WIDTH="23" VPOS="407" HPOS="1984"/>
                  <String HEIGHT="77" WIDTH="93" VPOS="407" HPOS="1891" CONTENT="de"/>
               </TextLine>
               <TextLine ID="r2l9"
                         BASELINE="520"
                         HEIGHT="58"
                         WIDTH="760"
                         VPOS="462"
                         HPOS="1236">
                  <String HEIGHT="58"
                          WIDTH="137"
                          VPOS="462"
                          HPOS="1221"
                          CONTENT="multa"/>
                  <SP HEIGHT="58" WIDTH="15" VPOS="462" HPOS="1358"/>
                  <String HEIGHT="58"
                          WIDTH="182"
                          VPOS="462"
                          HPOS="1312"
                          CONTENT="praescit"/>
                  <SP HEIGHT="58" WIDTH="15" VPOS="462" HPOS="1494"/>
                  <String HEIGHT="58" WIDTH="91" VPOS="462" HPOS="1449" CONTENT="ad"/>
                  <SP HEIGHT="58" WIDTH="15" VPOS="462" HPOS="1540"/>
                  <String HEIGHT="58"
                          WIDTH="106"
                          VPOS="462"
                          HPOS="1494"
                          CONTENT="que"/>
                  <SP HEIGHT="58" WIDTH="15" VPOS="462" HPOS="1601"/>
                  <String HEIGHT="58"
                          WIDTH="106"
                          VPOS="462"
                          HPOS="1555"
                          CONTENT="non"/>
                  <SP HEIGHT="58" WIDTH="15" VPOS="462" HPOS="1662"/>
                  <String HEIGHT="58"
                          WIDTH="182"
                          VPOS="462"
                          HPOS="1616"
                          CONTENT="extendit"/>
                  <SP HEIGHT="58" WIDTH="15" VPOS="462" HPOS="1798"/>
                  <String HEIGHT="58" WIDTH="91" VPOS="462" HPOS="1753" CONTENT="se"/>
                  <SP HEIGHT="58" WIDTH="15" VPOS="462" HPOS="1844"/>
                  <String HEIGHT="58"
                          WIDTH="106"
                          VPOS="462"
                          HPOS="1798"
                          CONTENT="sua"/>
                  <SP HEIGHT="58" WIDTH="15" VPOS="462" HPOS="1905"/>
                  <String HEIGHT="58"
                          WIDTH="152"
                          VPOS="462"
                          HPOS="1844"
                          CONTENT="voluntas"/>
               </TextLine>
               <TextLine ID="r2l11"
                         BASELINE="557"
                         HEIGHT="51"
                         WIDTH="766"
                         VPOS="506"
                         HPOS="1239">
                  <String HEIGHT="51" WIDTH="99" VPOS="506" HPOS="1225" CONTENT="nec"/>
                  <SP HEIGHT="51" WIDTH="14" VPOS="506" HPOS="1324"/>
                  <String HEIGHT="51" WIDTH="99" VPOS="506" HPOS="1282" CONTENT="est"/>
                  <SP HEIGHT="51" WIDTH="14" VPOS="506" HPOS="1381"/>
                  <String HEIGHT="51"
                          WIDTH="128"
                          VPOS="506"
                          HPOS="1338"
                          CONTENT="causa"/>
                  <SP HEIGHT="51" WIDTH="14" VPOS="506" HPOS="1466"/>
                  <String HEIGHT="51"
                          WIDTH="156"
                          VPOS="506"
                          HPOS="1423"
                          CONTENT="talium."/>
                  <SP HEIGHT="51" WIDTH="14" VPOS="506" HPOS="1579"/>
                  <String HEIGHT="51" WIDTH="85" VPOS="506" HPOS="1537" CONTENT="vt"/>
                  <SP HEIGHT="51" WIDTH="14" VPOS="506" HPOS="1622"/>
                  <String HEIGHT="51"
                          WIDTH="113"
                          VPOS="506"
                          HPOS="1579"
                          CONTENT="sunt"/>
                  <SP HEIGHT="51" WIDTH="14" VPOS="506" HPOS="1693"/>
                  <String HEIGHT="51"
                          WIDTH="113"
                          VPOS="506"
                          HPOS="1650"
                          CONTENT="mala"/>
                  <SP HEIGHT="51" WIDTH="14" VPOS="506" HPOS="1764"/>
                  <String HEIGHT="51"
                          WIDTH="142"
                          VPOS="506"
                          HPOS="1721"
                          CONTENT="culpe."/>
                  <SP HEIGHT="51" WIDTH="14" VPOS="506" HPOS="1863"/>
                  <String HEIGHT="51"
                          WIDTH="156"
                          VPOS="506"
                          HPOS="1821"
                          CONTENT="mentiri"/>
                  <SP HEIGHT="51" WIDTH="14" VPOS="506" HPOS="1977"/>
                  <String HEIGHT="51"
                          WIDTH="85"
                          VPOS="506"
                          HPOS="1920"
                          CONTENT="etc."/>
               </TextLine>
               <TextLine ID="r2l13"
                         BASELINE="602"
                         HEIGHT="55"
                         WIDTH="751"
                         VPOS="547"
                         HPOS="1245">
                  <String HEIGHT="55"
                          WIDTH="179"
                          VPOS="547"
                          HPOS="1233"
                          CONTENT="Respondetur"/>
                  <SP HEIGHT="55" WIDTH="12" VPOS="547" HPOS="1412"/>
                  <String HEIGHT="55"
                          WIDTH="143"
                          VPOS="547"
                          HPOS="1376"
                          CONTENT="secundum"/>
                  <SP HEIGHT="55" WIDTH="12" VPOS="547" HPOS="1519"/>
                  <String HEIGHT="55"
                          WIDTH="143"
                          VPOS="547"
                          HPOS="1483"
                          CONTENT="Bonauem."/>
                  <SP HEIGHT="55" WIDTH="12" VPOS="547" HPOS="1626"/>
                  <String HEIGHT="55" WIDTH="72" VPOS="547" HPOS="1591" CONTENT="e."/>
                  <SP HEIGHT="55" WIDTH="12" VPOS="547" HPOS="1662"/>
                  <String HEIGHT="55" WIDTH="83" VPOS="547" HPOS="1626" CONTENT="di."/>
                  <SP HEIGHT="55" WIDTH="12" VPOS="547" HPOS="1710"/>
                  <String HEIGHT="55"
                          WIDTH="143"
                          VPOS="547"
                          HPOS="1674"
                          CONTENT="xxxviii."/>
                  <SP HEIGHT="55" WIDTH="12" VPOS="547" HPOS="1817"/>
                  <String HEIGHT="55"
                          WIDTH="95"
                          VPOS="547"
                          HPOS="1781"
                          CONTENT="quod"/>
                  <SP HEIGHT="55" WIDTH="12" VPOS="547" HPOS="1877"/>
                  <String HEIGHT="55"
                          WIDTH="107"
                          VPOS="547"
                          HPOS="1841"
                          CONTENT="rerum"/>
                  <SP HEIGHT="55" WIDTH="12" VPOS="547" HPOS="1948"/>
                  <String HEIGHT="55"
                          WIDTH="95"
                          VPOS="547"
                          HPOS="1901"
                          CONTENT="futura"/>
               </TextLine>
               <TextLine ID="r2l15"
                         BASELINE="638"
                         HEIGHT="52"
                         WIDTH="763"
                         VPOS="586"
                         HPOS="1245">
                  <String HEIGHT="52"
                          WIDTH="103"
                          VPOS="586"
                          HPOS="1230"
                          CONTENT="tum"/>
                  <SP HEIGHT="52" WIDTH="15" VPOS="586" HPOS="1333"/>
                  <String HEIGHT="52"
                          WIDTH="161"
                          VPOS="586"
                          HPOS="1289"
                          CONTENT="triplex"/>
                  <SP HEIGHT="52" WIDTH="15" VPOS="586" HPOS="1450"/>
                  <String HEIGHT="52"
                          WIDTH="103"
                          VPOS="586"
                          HPOS="1406"
                          CONTENT="est"/>
                  <SP HEIGHT="52" WIDTH="15" VPOS="586" HPOS="1509"/>
                  <String HEIGHT="52"
                          WIDTH="235"
                          VPOS="586"
                          HPOS="1465"
                          CONTENT="differentia."/>
                  <SP HEIGHT="52" WIDTH="15" VPOS="586" HPOS="1700"/>
                  <String HEIGHT="52"
                          WIDTH="132"
                          VPOS="586"
                          HPOS="1656"
                          CONTENT="Primo"/>
                  <SP HEIGHT="52" WIDTH="15" VPOS="586" HPOS="1788"/>
                  <String HEIGHT="52"
                          WIDTH="147"
                          VPOS="586"
                          HPOS="1744"
                          CONTENT="quedam"/>
                  <SP HEIGHT="52" WIDTH="15" VPOS="586" HPOS="1891"/>
                  <String HEIGHT="52"
                          WIDTH="117"
                          VPOS="586"
                          HPOS="1847"
                          CONTENT="sunt"/>
                  <SP HEIGHT="52" WIDTH="15" VPOS="586" HPOS="1964"/>
                  <String HEIGHT="52"
                          WIDTH="103"
                          VPOS="586"
                          HPOS="1905"
                          CONTENT="cuius"/>
               </TextLine>
               <TextLine ID="r2l17"
                         BASELINE="681"
                         HEIGHT="54"
                         WIDTH="760"
                         VPOS="627"
                         HPOS="1245">
                  <String HEIGHT="54"
                          WIDTH="117"
                          VPOS="627"
                          HPOS="1230"
                          CONTENT="deus"/>
                  <SP HEIGHT="54" WIDTH="15" VPOS="627" HPOS="1347"/>
                  <String HEIGHT="54"
                          WIDTH="102"
                          VPOS="627"
                          HPOS="1303"
                          CONTENT="est"/>
                  <SP HEIGHT="54" WIDTH="15" VPOS="627" HPOS="1406"/>
                  <String HEIGHT="54"
                          WIDTH="117"
                          VPOS="627"
                          HPOS="1362"
                          CONTENT="tota"/>
                  <SP HEIGHT="54" WIDTH="15" VPOS="627" HPOS="1479"/>
                  <String HEIGHT="54"
                          WIDTH="132"
                          VPOS="627"
                          HPOS="1435"
                          CONTENT="causa"/>
                  <SP HEIGHT="54" WIDTH="15" VPOS="627" HPOS="1567"/>
                  <String HEIGHT="54"
                          WIDTH="102"
                          VPOS="627"
                          HPOS="1523"
                          CONTENT="per"/>
                  <SP HEIGHT="54" WIDTH="15" VPOS="627" HPOS="1625"/>
                  <String HEIGHT="54"
                          WIDTH="219"
                          VPOS="627"
                          HPOS="1581"
                          CONTENT="voluntatem."/>
                  <SP HEIGHT="54" WIDTH="15" VPOS="627" HPOS="1800"/>
                  <String HEIGHT="54" WIDTH="88" VPOS="627" HPOS="1757" CONTENT="vt"/>
                  <SP HEIGHT="54" WIDTH="15" VPOS="627" HPOS="1844"/>
                  <String HEIGHT="54"
                          WIDTH="117"
                          VPOS="627"
                          HPOS="1800"
                          CONTENT="sunt"/>
                  <SP HEIGHT="54" WIDTH="15" VPOS="627" HPOS="1917"/>
                  <String HEIGHT="54"
                          WIDTH="146"
                          VPOS="627"
                          HPOS="1859"
                          CONTENT="creature"/>
               </TextLine>
               <TextLine ID="r2l19"
                         BASELINE="726"
                         HEIGHT="44"
                         WIDTH="771"
                         VPOS="682"
                         HPOS="1234">
                  <String HEIGHT="44"
                          WIDTH="126"
                          VPOS="682"
                          HPOS="1218"
                          CONTENT="dei."/>
                  <SP HEIGHT="44" WIDTH="16" VPOS="682" HPOS="1344"/>
                  <String HEIGHT="44"
                          WIDTH="173"
                          VPOS="682"
                          HPOS="1297"
                          CONTENT="Secundo"/>
                  <SP HEIGHT="44" WIDTH="16" VPOS="682" HPOS="1470"/>
                  <String HEIGHT="44"
                          WIDTH="157"
                          VPOS="682"
                          HPOS="1423"
                          CONTENT="quedam"/>
                  <SP HEIGHT="44" WIDTH="16" VPOS="682" HPOS="1580"/>
                  <String HEIGHT="44"
                          WIDTH="126"
                          VPOS="682"
                          HPOS="1533"
                          CONTENT="sunt"/>
                  <SP HEIGHT="44" WIDTH="16" VPOS="682" HPOS="1659"/>
                  <String HEIGHT="44"
                          WIDTH="142"
                          VPOS="682"
                          HPOS="1612"
                          CONTENT="cuius"/>
                  <SP HEIGHT="44" WIDTH="16" VPOS="682" HPOS="1753"/>
                  <String HEIGHT="44"
                          WIDTH="110"
                          VPOS="682"
                          HPOS="1706"
                          CONTENT="non"/>
                  <SP HEIGHT="44" WIDTH="16" VPOS="682" HPOS="1816"/>
                  <String HEIGHT="44"
                          WIDTH="126"
                          VPOS="682"
                          HPOS="1769"
                          CONTENT="deus"/>
                  <SP HEIGHT="44" WIDTH="16" VPOS="682" HPOS="1895"/>
                  <String HEIGHT="44"
                          WIDTH="110"
                          VPOS="682"
                          HPOS="1848"
                          CONTENT="sed"/>
                  <SP HEIGHT="44" WIDTH="16" VPOS="682" HPOS="1958"/>
                  <String HEIGHT="44"
                          WIDTH="110"
                          VPOS="682"
                          HPOS="1895"
                          CONTENT="crea"
                          SUBS_TYPE="HypPart1"
                          SUBS_CONTENT="creatura"/>
                  <HYP CONTENT="-"/>
               </TextLine>
               <TextLine ID="r2l21"
                         BASELINE="770"
                         HEIGHT="51"
                         WIDTH="766"
                         VPOS="719"
                         HPOS="1237">
                  <String HEIGHT="51"
                          WIDTH="120"
                          VPOS="719"
                          HPOS="1222"
                          CONTENT="tura"
                          SUBS_TYPE="HypPart2"
                          SUBS_CONTENT="creatura"/>
                  <SP HEIGHT="51" WIDTH="15" VPOS="719" HPOS="1342"/>
                  <String HEIGHT="51"
                          WIDTH="105"
                          VPOS="719"
                          HPOS="1297"
                          CONTENT="est"/>
                  <SP HEIGHT="51" WIDTH="15" VPOS="719" HPOS="1402"/>
                  <String HEIGHT="51"
                          WIDTH="120"
                          VPOS="719"
                          HPOS="1357"
                          CONTENT="tota"/>
                  <SP HEIGHT="51" WIDTH="15" VPOS="719" HPOS="1477"/>
                  <String HEIGHT="51"
                          WIDTH="135"
                          VPOS="719"
                          HPOS="1432"
                          CONTENT="causa"/>
                  <SP HEIGHT="51" WIDTH="15" VPOS="719" HPOS="1567"/>
                  <String HEIGHT="51"
                          WIDTH="105"
                          VPOS="719"
                          HPOS="1522"
                          CONTENT="per"/>
                  <SP HEIGHT="51" WIDTH="15" VPOS="719" HPOS="1628"/>
                  <String HEIGHT="51"
                          WIDTH="210"
                          VPOS="719"
                          HPOS="1582"
                          CONTENT="voluntatem"/>
                  <SP HEIGHT="51" WIDTH="15" VPOS="719" HPOS="1793"/>
                  <String HEIGHT="51"
                          WIDTH="135"
                          VPOS="719"
                          HPOS="1748"
                          CONTENT="malam"/>
                  <SP HEIGHT="51" WIDTH="15" VPOS="719" HPOS="1883"/>
                  <String HEIGHT="51" WIDTH="90" VPOS="719" HPOS="1838" CONTENT="vt"/>
                  <SP HEIGHT="51" WIDTH="15" VPOS="719" HPOS="1928"/>
                  <String HEIGHT="51"
                          WIDTH="135"
                          VPOS="719"
                          HPOS="1868"
                          CONTENT="peccato"/>
               </TextLine>
               <TextLine ID="r2l23"
                         BASELINE="806"
                         HEIGHT="50"
                         WIDTH="758"
                         VPOS="756"
                         HPOS="1244">
                  <String HEIGHT="50"
                          WIDTH="165"
                          VPOS="756"
                          HPOS="1228"
                          CONTENT="Tertio"/>
                  <SP HEIGHT="50" WIDTH="16" VPOS="756" HPOS="1392"/>
                  <String HEIGHT="50"
                          WIDTH="165"
                          VPOS="756"
                          HPOS="1343"
                          CONTENT="quedam"/>
                  <SP HEIGHT="50" WIDTH="16" VPOS="756" HPOS="1508"/>
                  <String HEIGHT="50"
                          WIDTH="132"
                          VPOS="756"
                          HPOS="1458"
                          CONTENT="sunt"/>
                  <SP HEIGHT="50" WIDTH="16" VPOS="756" HPOS="1590"/>
                  <String HEIGHT="50"
                          WIDTH="148"
                          VPOS="756"
                          HPOS="1541"
                          CONTENT="cuius"/>
                  <SP HEIGHT="50" WIDTH="16" VPOS="756" HPOS="1689"/>
                  <String HEIGHT="50"
                          WIDTH="132"
                          VPOS="756"
                          HPOS="1639"
                          CONTENT="deus"/>
                  <SP HEIGHT="50" WIDTH="16" VPOS="756" HPOS="1771"/>
                  <String HEIGHT="50" WIDTH="99" VPOS="756" HPOS="1722" CONTENT="et"/>
                  <SP HEIGHT="50" WIDTH="16" VPOS="756" HPOS="1821"/>
                  <String HEIGHT="50"
                          WIDTH="198"
                          VPOS="756"
                          HPOS="1771"
                          CONTENT="creatura"/>
                  <SP HEIGHT="50" WIDTH="16" VPOS="756" HPOS="1969"/>
                  <String HEIGHT="50"
                          WIDTH="99"
                          VPOS="756"
                          HPOS="1903"
                          CONTENT="simu"/>
               </TextLine>
               <TextLine ID="r2l25"
                         BASELINE="857"
                         HEIGHT="60"
                         WIDTH="776"
                         VPOS="797"
                         HPOS="1235">
                  <String HEIGHT="60"
                          WIDTH="117"
                          VPOS="797"
                          HPOS="1220"
                          CONTENT="sunt"/>
                  <SP HEIGHT="60" WIDTH="15" VPOS="797" HPOS="1337"/>
                  <String HEIGHT="60"
                          WIDTH="117"
                          VPOS="797"
                          HPOS="1294"
                          CONTENT="tota"/>
                  <SP HEIGHT="60" WIDTH="15" VPOS="797" HPOS="1411"/>
                  <String HEIGHT="60"
                          WIDTH="146"
                          VPOS="797"
                          HPOS="1367"
                          CONTENT="causa."/>
                  <SP HEIGHT="60" WIDTH="15" VPOS="797" HPOS="1513"/>
                  <String HEIGHT="60"
                          WIDTH="132"
                          VPOS="797"
                          HPOS="1469"
                          CONTENT="licet"/>
                  <SP HEIGHT="60" WIDTH="15" VPOS="797" HPOS="1601"/>
                  <String HEIGHT="60"
                          WIDTH="234"
                          VPOS="797"
                          HPOS="1557"
                          CONTENT="principalior"/>
                  <SP HEIGHT="60" WIDTH="15" VPOS="797" HPOS="1791"/>
                  <String HEIGHT="60"
                          WIDTH="102"
                          VPOS="797"
                          HPOS="1747"
                          CONTENT="sit"/>
                  <SP HEIGHT="60" WIDTH="15" VPOS="797" HPOS="1850"/>
                  <String HEIGHT="60"
                          WIDTH="132"
                          VPOS="797"
                          HPOS="1806"
                          CONTENT="deus."/>
                  <SP HEIGHT="60" WIDTH="15" VPOS="797" HPOS="1938"/>
                  <String HEIGHT="60" WIDTH="88" VPOS="797" HPOS="1894" CONTENT="vt"/>
                  <SP HEIGHT="60" WIDTH="15" VPOS="797" HPOS="1982"/>
                  <String HEIGHT="60"
                          WIDTH="88"
                          VPOS="797"
                          HPOS="1923"
                          CONTENT="sunt"/>
               </TextLine>
               <TextLine ID="r2l27"
                         BASELINE="902"
                         HEIGHT="65"
                         WIDTH="764"
                         VPOS="837"
                         HPOS="1244">
                  <String HEIGHT="65"
                          WIDTH="165"
                          VPOS="837"
                          HPOS="1229"
                          CONTENT="moralia"/>
                  <SP HEIGHT="65" WIDTH="15" VPOS="837" HPOS="1394"/>
                  <String HEIGHT="65"
                          WIDTH="120"
                          VPOS="837"
                          HPOS="1349"
                          CONTENT="bona"/>
                  <SP HEIGHT="65" WIDTH="15" VPOS="837" HPOS="1469"/>
                  <String HEIGHT="65" WIDTH="90" VPOS="837" HPOS="1424" CONTENT="et"/>
                  <SP HEIGHT="65" WIDTH="15" VPOS="837" HPOS="1514"/>
                  <String HEIGHT="65"
                          WIDTH="180"
                          VPOS="837"
                          HPOS="1469"
                          CONTENT="virtuosa"/>
                  <SP HEIGHT="65" WIDTH="15" VPOS="837" HPOS="1648"/>
                  <String HEIGHT="65"
                          WIDTH="135"
                          VPOS="837"
                          HPOS="1604"
                          CONTENT="opera"/>
                  <SP HEIGHT="65" WIDTH="15" VPOS="837" HPOS="1738"/>
                  <String HEIGHT="65"
                          WIDTH="105"
                          VPOS="837"
                          HPOS="1693"
                          CONTENT="que"/>
                  <SP HEIGHT="65" WIDTH="15" VPOS="837" HPOS="1798"/>
                  <String HEIGHT="65"
                          WIDTH="120"
                          VPOS="837"
                          HPOS="1753"
                          CONTENT="deus"/>
                  <SP HEIGHT="65" WIDTH="15" VPOS="837" HPOS="1873"/>
                  <String HEIGHT="65"
                          WIDTH="180"
                          VPOS="837"
                          HPOS="1828"
                          CONTENT="operatur"/>
                  <SP HEIGHT="65" WIDTH="15" VPOS="837" HPOS="2008"/>
                  <String HEIGHT="65" WIDTH="60" VPOS="837" HPOS="1948" CONTENT="in"/>
               </TextLine>
               <TextLine ID="r2l29"
                         BASELINE="940"
                         HEIGHT="59"
                         WIDTH="771"
                         VPOS="881"
                         HPOS="1239">
                  <String HEIGHT="59"
                          WIDTH="116"
                          VPOS="881"
                          HPOS="1226"
                          CONTENT="nobis"/>
                  <SP HEIGHT="59" WIDTH="13" VPOS="881" HPOS="1342"/>
                  <String HEIGHT="59" WIDTH="90" VPOS="881" HPOS="1303" CONTENT="non"/>
                  <SP HEIGHT="59" WIDTH="13" VPOS="881" HPOS="1393"/>
                  <String HEIGHT="59"
                          WIDTH="103"
                          VPOS="881"
                          HPOS="1355"
                          CONTENT="sine"/>
                  <SP HEIGHT="59" WIDTH="13" VPOS="881" HPOS="1457"/>
                  <String HEIGHT="59"
                          WIDTH="116"
                          VPOS="881"
                          HPOS="1419"
                          CONTENT="nobis"/>
                  <SP HEIGHT="59" WIDTH="13" VPOS="881" HPOS="1535"/>
                  <String HEIGHT="59"
                          WIDTH="154"
                          VPOS="881"
                          HPOS="1496"
                          CONTENT="secundum"/>
                  <SP HEIGHT="59" WIDTH="13" VPOS="881" HPOS="1650"/>
                  <String HEIGHT="59"
                          WIDTH="129"
                          VPOS="881"
                          HPOS="1612"
                          CONTENT="Grego."/>
                  <SP HEIGHT="59" WIDTH="13" VPOS="881" HPOS="1740"/>
                  <String HEIGHT="59"
                          WIDTH="103"
                          VPOS="881"
                          HPOS="1702"
                          CONTENT="Unde"/>
                  <SP HEIGHT="59" WIDTH="13" VPOS="881" HPOS="1804"/>
                  <String HEIGHT="59"
                          WIDTH="154"
                          VPOS="881"
                          HPOS="1766"
                          CONTENT="secundum"/>
                  <SP HEIGHT="59" WIDTH="13" VPOS="881" HPOS="1920"/>
                  <String HEIGHT="59" WIDTH="90" VPOS="881" HPOS="1882" CONTENT="hec"/>
                  <SP HEIGHT="59" WIDTH="13" VPOS="881" HPOS="1971"/>
                  <String HEIGHT="59"
                          WIDTH="90"
                          VPOS="881"
                          HPOS="1920"
                          CONTENT="dicen"/>
               </TextLine>
               <TextLine ID="r2l31"
                         BASELINE="978"
                         HEIGHT="55"
                         WIDTH="782"
                         VPOS="923"
                         HPOS="1233">
                  <String HEIGHT="55" WIDTH="98" VPOS="923" HPOS="1219" CONTENT="dum"/>
                  <SP HEIGHT="55" WIDTH="14" VPOS="923" HPOS="1317"/>
                  <String HEIGHT="55"
                          WIDTH="112"
                          VPOS="923"
                          HPOS="1275"
                          CONTENT="quod"/>
                  <SP HEIGHT="55" WIDTH="14" VPOS="923" HPOS="1387"/>
                  <String HEIGHT="55"
                          WIDTH="112"
                          VPOS="923"
                          HPOS="1345"
                          CONTENT="deus"/>
                  <SP HEIGHT="55" WIDTH="14" VPOS="923" HPOS="1456"/>
                  <String HEIGHT="55" WIDTH="98" VPOS="923" HPOS="1415" CONTENT="est"/>
                  <SP HEIGHT="55" WIDTH="14" VPOS="923" HPOS="1512"/>
                  <String HEIGHT="55"
                          WIDTH="126"
                          VPOS="923"
                          HPOS="1470"
                          CONTENT="causa"/>
                  <SP HEIGHT="55" WIDTH="14" VPOS="923" HPOS="1596"/>
                  <String HEIGHT="55"
                          WIDTH="126"
                          VPOS="923"
                          HPOS="1554"
                          CONTENT="rerum"/>
                  <SP HEIGHT="55" WIDTH="14" VPOS="923" HPOS="1680"/>
                  <String HEIGHT="55" WIDTH="98" VPOS="923" HPOS="1638" CONTENT="per"/>
                  <SP HEIGHT="55" WIDTH="14" VPOS="923" HPOS="1736"/>
                  <String HEIGHT="55"
                          WIDTH="196"
                          VPOS="923"
                          HPOS="1694"
                          CONTENT="voluntatem"/>
                  <SP HEIGHT="55" WIDTH="14" VPOS="923" HPOS="1889"/>
                  <String HEIGHT="55" WIDTH="98" VPOS="923" HPOS="1847" CONTENT="Sed"/>
                  <SP HEIGHT="55" WIDTH="14" VPOS="923" HPOS="1945"/>
                  <String HEIGHT="55"
                          WIDTH="126"
                          VPOS="923"
                          HPOS="1889"
                          CONTENT="malorum"/>
               </TextLine>
               <TextLine ID="r2l33"
                         BASELINE="1024"
                         HEIGHT="58"
                         WIDTH="766"
                         VPOS="966"
                         HPOS="1245">
                  <String HEIGHT="58"
                          WIDTH="184"
                          VPOS="966"
                          HPOS="1231"
                          CONTENT="inquantum"/>
                  <SP HEIGHT="58" WIDTH="14" VPOS="966" HPOS="1415"/>
                  <String HEIGHT="58"
                          WIDTH="113"
                          VPOS="966"
                          HPOS="1373"
                          CONTENT="sunt"/>
                  <SP HEIGHT="58" WIDTH="14" VPOS="966" HPOS="1486"/>
                  <String HEIGHT="58"
                          WIDTH="113"
                          VPOS="966"
                          HPOS="1444"
                          CONTENT="mala"/>
                  <SP HEIGHT="58" WIDTH="14" VPOS="966" HPOS="1557"/>
                  <String HEIGHT="58"
                          WIDTH="113"
                          VPOS="966"
                          HPOS="1515"
                          CONTENT="deus"/>
                  <SP HEIGHT="58" WIDTH="14" VPOS="966" HPOS="1628"/>
                  <String HEIGHT="58" WIDTH="99" VPOS="966" HPOS="1585" CONTENT="non"/>
                  <SP HEIGHT="58" WIDTH="14" VPOS="966" HPOS="1685"/>
                  <String HEIGHT="58" WIDTH="99" VPOS="966" HPOS="1642" CONTENT="est"/>
                  <SP HEIGHT="58" WIDTH="14" VPOS="966" HPOS="1741"/>
                  <String HEIGHT="58"
                          WIDTH="142"
                          VPOS="966"
                          HPOS="1699"
                          CONTENT="causa."/>
                  <SP HEIGHT="58" WIDTH="14" VPOS="966" HPOS="1841"/>
                  <String HEIGHT="58"
                          WIDTH="128"
                          VPOS="966"
                          HPOS="1798"
                          CONTENT="licet"/>
                  <SP HEIGHT="58" WIDTH="14" VPOS="966" HPOS="1926"/>
                  <String HEIGHT="58"
                          WIDTH="113"
                          VPOS="966"
                          HPOS="1883"
                          CONTENT="enim"/>
                  <SP HEIGHT="58" WIDTH="14" VPOS="966" HPOS="1997"/>
                  <String HEIGHT="58" WIDTH="71" VPOS="966" HPOS="1940" CONTENT="qua"/>
               </TextLine>
               <TextLine ID="r2l34"
                         BASELINE="1055"
                         HEIGHT="47"
                         WIDTH="784"
                         VPOS="1008"
                         HPOS="1236">
                  <String HEIGHT="47" WIDTH="90" VPOS="1008" HPOS="1221" CONTENT="ad"/>
                  <SP HEIGHT="47" WIDTH="15" VPOS="1008" HPOS="1311"/>
                  <String HEIGHT="47"
                          WIDTH="211"
                          VPOS="1008"
                          HPOS="1266"
                          CONTENT="substratum"/>
                  <SP HEIGHT="47" WIDTH="15" VPOS="1008" HPOS="1477"/>
                  <String HEIGHT="47"
                          WIDTH="106"
                          VPOS="1008"
                          HPOS="1432"
                          CONTENT="vel"/>
                  <SP HEIGHT="47" WIDTH="15" VPOS="1008" HPOS="1538"/>
                  <String HEIGHT="47"
                          WIDTH="196"
                          VPOS="1008"
                          HPOS="1492"
                          CONTENT="subiectum"/>
                  <SP HEIGHT="47" WIDTH="15" VPOS="1008" HPOS="1688"/>
                  <String HEIGHT="47"
                          WIDTH="106"
                          VPOS="1008"
                          HPOS="1643"
                          CONTENT="est"/>
                  <SP HEIGHT="47" WIDTH="15" VPOS="1008" HPOS="1749"/>
                  <String HEIGHT="47"
                          WIDTH="151"
                          VPOS="1008"
                          HPOS="1703"
                          CONTENT="causa."/>
                  <SP HEIGHT="47" WIDTH="15" VPOS="1008" HPOS="1854"/>
                  <String HEIGHT="47"
                          WIDTH="106"
                          VPOS="1008"
                          HPOS="1809"
                          CONTENT="non"/>
                  <SP HEIGHT="47" WIDTH="15" VPOS="1008" HPOS="1914"/>
                  <String HEIGHT="47"
                          WIDTH="136"
                          VPOS="1008"
                          HPOS="1869"
                          CONTENT="tamen"/>
                  <SP HEIGHT="47" WIDTH="15" VPOS="1008" HPOS="2005"/>
                  <String HEIGHT="47"
                          WIDTH="75"
                          VPOS="1008"
                          HPOS="1945"
                          CONTENT="quo"/>
               </TextLine>
               <TextLine ID="r2l36"
                         BASELINE="1102"
                         HEIGHT="53"
                         WIDTH="763"
                         VPOS="1049"
                         HPOS="1245">
                  <String HEIGHT="53" WIDTH="95" VPOS="1049" HPOS="1229" CONTENT="ad"/>
                  <SP HEIGHT="53" WIDTH="16" VPOS="1049" HPOS="1324"/>
                  <String HEIGHT="53"
                          WIDTH="254"
                          VPOS="1049"
                          HPOS="1277"
                          CONTENT="deformitatem"/>
                  <SP HEIGHT="53" WIDTH="16" VPOS="1049" HPOS="1531"/>
                  <String HEIGHT="53"
                          WIDTH="191"
                          VPOS="1049"
                          HPOS="1483"
                          CONTENT="malicie."/>
                  <SP HEIGHT="53" WIDTH="16" VPOS="1049" HPOS="1674"/>
                  <String HEIGHT="53" WIDTH="95" VPOS="1049" HPOS="1627" CONTENT="vt"/>
                  <SP HEIGHT="53" WIDTH="16" VPOS="1049" HPOS="1722"/>
                  <String HEIGHT="53"
                          WIDTH="159"
                          VPOS="1049"
                          HPOS="1674"
                          CONTENT="patuit"/>
                  <SP HEIGHT="53" WIDTH="16" VPOS="1049" HPOS="1833"/>
                  <String HEIGHT="53"
                          WIDTH="111"
                          VPOS="1049"
                          HPOS="1785"
                          CONTENT="vbi"/>
                  <SP HEIGHT="53" WIDTH="16" VPOS="1049" HPOS="1897"/>
                  <String HEIGHT="53"
                          WIDTH="159"
                          VPOS="1049"
                          HPOS="1849"
                          CONTENT="Malum."/>
                  <SP HEIGHT="53" WIDTH="16" VPOS="1049" HPOS="2008"/>
                  <String HEIGHT="53" WIDTH="64" VPOS="1049" HPOS="1944" CONTENT="§."/>
               </TextLine>
               <TextLine ID="r2l37"
                         BASELINE="1147"
                         HEIGHT="47"
                         WIDTH="763"
                         VPOS="1100"
                         HPOS="1245">
                  <String HEIGHT="47"
                          WIDTH="118"
                          VPOS="1100"
                          HPOS="1232"
                          CONTENT="iiii."/>
                  <SP HEIGHT="47" WIDTH="13" VPOS="1100" HPOS="1350"/>
                  <String HEIGHT="47"
                          WIDTH="92"
                          VPOS="1100"
                          HPOS="1311"
                          CONTENT="et."/>
                  <SP HEIGHT="47" WIDTH="13" VPOS="1100" HPOS="1403"/>
                  <String HEIGHT="47" WIDTH="79" VPOS="1100" HPOS="1363" CONTENT="v."/>
                  <SP HEIGHT="47" WIDTH="13" VPOS="1100" HPOS="1442"/>
                  <String HEIGHT="47"
                          WIDTH="145"
                          VPOS="1100"
                          HPOS="1403"
                          CONTENT="latius."/>
                  <SP HEIGHT="47" WIDTH="13" VPOS="1100" HPOS="1548"/>
                  <String HEIGHT="47" WIDTH="79" VPOS="1100" HPOS="1508" CONTENT="Si"/>
                  <SP HEIGHT="47" WIDTH="13" VPOS="1100" HPOS="1587"/>
                  <String HEIGHT="47"
                          WIDTH="105"
                          VPOS="1100"
                          HPOS="1548"
                          CONTENT="ergo"/>
                  <SP HEIGHT="47" WIDTH="13" VPOS="1100" HPOS="1653"/>
                  <String HEIGHT="47"
                          WIDTH="158"
                          VPOS="1100"
                          HPOS="1613"
                          CONTENT="arguatur"/>
                  <SP HEIGHT="47" WIDTH="13" VPOS="1100" HPOS="1771"/>
                  <String HEIGHT="47" WIDTH="79" VPOS="1100" HPOS="1732" CONTENT="ex"/>
                  <SP HEIGHT="47" WIDTH="13" VPOS="1100" HPOS="1811"/>
                  <String HEIGHT="47"
                          WIDTH="92"
                          VPOS="1100"
                          HPOS="1771"
                          CONTENT="hoc"/>
                  <SP HEIGHT="47" WIDTH="13" VPOS="1100" HPOS="1863"/>
                  <String HEIGHT="47"
                          WIDTH="105"
                          VPOS="1100"
                          HPOS="1824"
                          CONTENT="quod"/>
                  <SP HEIGHT="47" WIDTH="13" VPOS="1100" HPOS="1929"/>
                  <String HEIGHT="47"
                          WIDTH="105"
                          VPOS="1100"
                          HPOS="1890"
                          CONTENT="deus"/>
                  <SP HEIGHT="47" WIDTH="13" VPOS="1100" HPOS="1995"/>
                  <String HEIGHT="47"
                          WIDTH="66"
                          VPOS="1100"
                          HPOS="1942"
                          CONTENT="non"/>
               </TextLine>
               <TextLine ID="r2l39"
                         BASELINE="1189"
                         HEIGHT="53"
                         WIDTH="779"
                         VPOS="1136"
                         HPOS="1241">
                  <String HEIGHT="53"
                          WIDTH="99"
                          VPOS="1136"
                          HPOS="1227"
                          CONTENT="est"/>
                  <SP HEIGHT="53" WIDTH="14" VPOS="1136" HPOS="1326"/>
                  <String HEIGHT="53"
                          WIDTH="127"
                          VPOS="1136"
                          HPOS="1283"
                          CONTENT="causa"/>
                  <SP HEIGHT="53" WIDTH="14" VPOS="1136" HPOS="1411"/>
                  <String HEIGHT="53"
                          WIDTH="127"
                          VPOS="1136"
                          HPOS="1368"
                          CONTENT="omnim"/>
                  <SP HEIGHT="53" WIDTH="14" VPOS="1136" HPOS="1496"/>
                  <String HEIGHT="53"
                          WIDTH="99"
                          VPOS="1136"
                          HPOS="1453"
                          CONTENT="per"/>
                  <SP HEIGHT="53" WIDTH="14" VPOS="1136" HPOS="1553"/>
                  <String HEIGHT="53"
                          WIDTH="198"
                          VPOS="1136"
                          HPOS="1510"
                          CONTENT="voluntatem"/>
                  <SP HEIGHT="53" WIDTH="14" VPOS="1136" HPOS="1708"/>
                  <String HEIGHT="53" WIDTH="85" VPOS="1136" HPOS="1666" CONTENT="eo"/>
                  <SP HEIGHT="53" WIDTH="14" VPOS="1136" HPOS="1751"/>
                  <String HEIGHT="53"
                          WIDTH="113"
                          VPOS="1136"
                          HPOS="1708"
                          CONTENT="quod"/>
                  <SP HEIGHT="53" WIDTH="14" VPOS="1136" HPOS="1822"/>
                  <String HEIGHT="53"
                          WIDTH="99"
                          VPOS="1136"
                          HPOS="1779"
                          CONTENT="non"/>
                  <SP HEIGHT="53" WIDTH="14" VPOS="1136" HPOS="1878"/>
                  <String HEIGHT="53"
                          WIDTH="99"
                          VPOS="1136"
                          HPOS="1836"
                          CONTENT="est"/>
                  <SP HEIGHT="53" WIDTH="14" VPOS="1136" HPOS="1935"/>
                  <String HEIGHT="53"
                          WIDTH="127"
                          VPOS="1136"
                          HPOS="1893"
                          CONTENT="causa"/>
                  <SP HEIGHT="53" WIDTH="14" VPOS="1136" HPOS="2020"/>
                  <String HEIGHT="53" WIDTH="57" VPOS="1136" HPOS="1963" CONTENT="ma"/>
               </TextLine>
               <TextLine ID="r2l40"
                         BASELINE="1236"
                         HEIGHT="59"
                         WIDTH="784"
                         VPOS="1177"
                         HPOS="1233">
                  <String HEIGHT="59"
                          WIDTH="140"
                          VPOS="1177"
                          HPOS="1219"
                          CONTENT="lorum."/>
                  <SP HEIGHT="59" WIDTH="14" VPOS="1177" HPOS="1359"/>
                  <String HEIGHT="59"
                          WIDTH="98"
                          VPOS="1177"
                          HPOS="1317"
                          CONTENT="non"/>
                  <SP HEIGHT="59" WIDTH="14" VPOS="1177" HPOS="1415"/>
                  <String HEIGHT="59"
                          WIDTH="126"
                          VPOS="1177"
                          HPOS="1373"
                          CONTENT="valet"/>
                  <SP HEIGHT="59" WIDTH="14" VPOS="1177" HPOS="1499"/>
                  <String HEIGHT="59"
                          WIDTH="210"
                          VPOS="1177"
                          HPOS="1457"
                          CONTENT="argumentum."/>
                  <SP HEIGHT="59" WIDTH="14" VPOS="1177" HPOS="1667"/>
                  <String HEIGHT="59"
                          WIDTH="112"
                          VPOS="1177"
                          HPOS="1625"
                          CONTENT="quia"/>
                  <SP HEIGHT="59" WIDTH="14" VPOS="1177" HPOS="1737"/>
                  <String HEIGHT="59"
                          WIDTH="98"
                          VPOS="1177"
                          HPOS="1695"
                          CONTENT="dei"/>
                  <SP HEIGHT="59" WIDTH="14" VPOS="1177" HPOS="1793"/>
                  <String HEIGHT="59"
                          WIDTH="168"
                          VPOS="1177"
                          HPOS="1751"
                          CONTENT="voluntas"/>
                  <SP HEIGHT="59" WIDTH="14" VPOS="1177" HPOS="1919"/>
                  <String HEIGHT="59"
                          WIDTH="98"
                          VPOS="1177"
                          HPOS="1877"
                          CONTENT="est"/>
                  <SP HEIGHT="59" WIDTH="14" VPOS="1177" HPOS="1975"/>
                  <String HEIGHT="59"
                          WIDTH="98"
                          VPOS="1177"
                          HPOS="1919"
                          CONTENT="causa"/>
               </TextLine>
               <TextLine ID="r2l42"
                         BASELINE="1272"
                         HEIGHT="47"
                         WIDTH="762"
                         VPOS="1225"
                         HPOS="1246">
                  <String HEIGHT="47"
                          WIDTH="141"
                          VPOS="1225"
                          HPOS="1232"
                          CONTENT="omnium"/>
                  <SP HEIGHT="47" WIDTH="14" VPOS="1225" HPOS="1373"/>
                  <String HEIGHT="47"
                          WIDTH="155"
                          VPOS="1225"
                          HPOS="1331"
                          CONTENT="entium."/>
                  <SP HEIGHT="47" WIDTH="14" VPOS="1225" HPOS="1486"/>
                  <String HEIGHT="47"
                          WIDTH="127"
                          VPOS="1225"
                          HPOS="1444"
                          CONTENT="malum"/>
                  <SP HEIGHT="47" WIDTH="14" VPOS="1225" HPOS="1571"/>
                  <String HEIGHT="47"
                          WIDTH="127"
                          VPOS="1225"
                          HPOS="1528"
                          CONTENT="autem"/>
                  <SP HEIGHT="47" WIDTH="14" VPOS="1225" HPOS="1655"/>
                  <String HEIGHT="47"
                          WIDTH="183"
                          VPOS="1225"
                          HPOS="1613"
                          CONTENT="inquantum"/>
                  <SP HEIGHT="47" WIDTH="14" VPOS="1225" HPOS="1796"/>
                  <String HEIGHT="47"
                          WIDTH="127"
                          VPOS="1225"
                          HPOS="1754"
                          CONTENT="malum"/>
                  <SP HEIGHT="47" WIDTH="14" VPOS="1225" HPOS="1881"/>
                  <String HEIGHT="47"
                          WIDTH="99"
                          VPOS="1225"
                          HPOS="1839"
                          CONTENT="non"/>
                  <SP HEIGHT="47" WIDTH="14" VPOS="1225" HPOS="1937"/>
                  <String HEIGHT="47"
                          WIDTH="99"
                          VPOS="1225"
                          HPOS="1895"
                          CONTENT="est"/>
                  <SP HEIGHT="47" WIDTH="14" VPOS="1225" HPOS="1994"/>
                  <String HEIGHT="47"
                          WIDTH="71"
                          VPOS="1225"
                          HPOS="1937"
                          CONTENT="ens"/>
               </TextLine>
               <TextLine ID="r2l44"
                         BASELINE="1325"
                         HEIGHT="59"
                         WIDTH="412"
                         VPOS="1266"
                         HPOS="1239">
                  <String HEIGHT="59"
                          WIDTH="96"
                          VPOS="1266"
                          HPOS="1225"
                          CONTENT="vel"/>
                  <SP HEIGHT="59" WIDTH="14" VPOS="1266" HPOS="1321"/>
                  <String HEIGHT="59"
                          WIDTH="96"
                          VPOS="1266"
                          HPOS="1280"
                          CONTENT="res"/>
                  <SP HEIGHT="59" WIDTH="14" VPOS="1266" HPOS="1376"/>
                  <String HEIGHT="59"
                          WIDTH="96"
                          VPOS="1266"
                          HPOS="1335"
                          CONTENT="sed"/>
                  <SP HEIGHT="59" WIDTH="14" VPOS="1266" HPOS="1431"/>
                  <String HEIGHT="59"
                          WIDTH="179"
                          VPOS="1266"
                          HPOS="1390"
                          CONTENT="priuatio."/>
                  <SP HEIGHT="59" WIDTH="14" VPOS="1266" HPOS="1569"/>
                  <String HEIGHT="59"
                          WIDTH="110"
                          VPOS="1266"
                          HPOS="1527"
                          CONTENT="ergo"/>
                  <SP HEIGHT="59" WIDTH="14" VPOS="1266" HPOS="1637"/>
                  <String HEIGHT="59"
                          WIDTH="69"
                          VPOS="1266"
                          HPOS="1582"
                          CONTENT="etc"/>
               </TextLine>
               <TextLine ID="r2l46"
                         BASELINE="1383"
                         HEIGHT="82"
                         WIDTH="722"
                         VPOS="1301"
                         HPOS="1301">
                  <String HEIGHT="82" WIDTH="106" VPOS="1301" HPOS="1280" CONTENT="¶"/>
                  <SP HEIGHT="82" WIDTH="21" VPOS="1301" HPOS="1386"/>
                  <String HEIGHT="82"
                          WIDTH="191"
                          VPOS="1301"
                          HPOS="1322"
                          CONTENT="Utrum"/>
                  <SP HEIGHT="82" WIDTH="21" VPOS="1301" HPOS="1513"/>
                  <String HEIGHT="82"
                          WIDTH="212"
                          VPOS="1301"
                          HPOS="1450"
                          CONTENT="futura"/>
                  <SP HEIGHT="82" WIDTH="21" VPOS="1301" HPOS="1662"/>
                  <String HEIGHT="82"
                          WIDTH="170"
                          VPOS="1301"
                          HPOS="1598"
                          CONTENT="sint"/>
                  <SP HEIGHT="82" WIDTH="21" VPOS="1301" HPOS="1768"/>
                  <String HEIGHT="82"
                          WIDTH="191"
                          VPOS="1301"
                          HPOS="1704"
                          CONTENT="causa"/>
                  <SP HEIGHT="82" WIDTH="21" VPOS="1301" HPOS="1896"/>
                  <String HEIGHT="82"
                          WIDTH="212"
                          VPOS="1301"
                          HPOS="1811"
                          CONTENT="praescie"/>
               </TextLine>
               <TextLine ID="r2l48"
                         BASELINE="1417"
                         HEIGHT="52"
                         WIDTH="783"
                         VPOS="1365"
                         HPOS="1240">
                  <String HEIGHT="52"
                          WIDTH="106"
                          VPOS="1365"
                          HPOS="1227"
                          CONTENT="dei:"/>
                  <SP HEIGHT="52" WIDTH="13" VPOS="1365" HPOS="1333"/>
                  <String HEIGHT="52"
                          WIDTH="159"
                          VPOS="1365"
                          HPOS="1293"
                          CONTENT="Arguitur"/>
                  <SP HEIGHT="52" WIDTH="13" VPOS="1365" HPOS="1452"/>
                  <String HEIGHT="52"
                          WIDTH="106"
                          VPOS="1365"
                          HPOS="1413"
                          CONTENT="quod"/>
                  <SP HEIGHT="52" WIDTH="13" VPOS="1365" HPOS="1519"/>
                  <String HEIGHT="52"
                          WIDTH="106"
                          VPOS="1365"
                          HPOS="1479"
                          CONTENT="sic."/>
                  <SP HEIGHT="52" WIDTH="13" VPOS="1365" HPOS="1585"/>
                  <String HEIGHT="52"
                          WIDTH="106"
                          VPOS="1365"
                          HPOS="1545"
                          CONTENT="quia"/>
                  <SP HEIGHT="52" WIDTH="13" VPOS="1365" HPOS="1651"/>
                  <String HEIGHT="52"
                          WIDTH="133"
                          VPOS="1365"
                          HPOS="1612"
                          CONTENT="Orige."/>
                  <SP HEIGHT="52" WIDTH="13" VPOS="1365" HPOS="1744"/>
                  <String HEIGHT="52"
                          WIDTH="119"
                          VPOS="1365"
                          HPOS="1704"
                          CONTENT="super"/>
                  <SP HEIGHT="52" WIDTH="13" VPOS="1365" HPOS="1824"/>
                  <String HEIGHT="52"
                          WIDTH="173"
                          VPOS="1365"
                          HPOS="1784"
                          CONTENT="epistolam"/>
                  <SP HEIGHT="52" WIDTH="13" VPOS="1365" HPOS="1957"/>
                  <String HEIGHT="52" WIDTH="80" VPOS="1365" HPOS="1917" CONTENT="ad"/>
                  <SP HEIGHT="52" WIDTH="13" VPOS="1365" HPOS="1996"/>
                  <String HEIGHT="52"
                          WIDTH="80"
                          VPOS="1365"
                          HPOS="1943"
                          CONTENT="Rho."/>
               </TextLine>
               <TextLine ID="r2l51"
                         BASELINE="1462"
                         HEIGHT="45"
                         WIDTH="784"
                         VPOS="1417"
                         HPOS="1246">
                  <String HEIGHT="45" WIDTH="81" VPOS="1417" HPOS="1232" CONTENT="vt"/>
                  <SP HEIGHT="45" WIDTH="14" VPOS="1417" HPOS="1314"/>
                  <String HEIGHT="45"
                          WIDTH="149"
                          VPOS="1417"
                          HPOS="1273"
                          CONTENT="allegat"/>
                  <SP HEIGHT="45" WIDTH="14" VPOS="1417" HPOS="1422"/>
                  <String HEIGHT="45"
                          WIDTH="176"
                          VPOS="1417"
                          HPOS="1381"
                          CONTENT="Magister."/>
                  <SP HEIGHT="45" WIDTH="14" VPOS="1417" HPOS="1557"/>
                  <String HEIGHT="45" WIDTH="81" VPOS="1417" HPOS="1516" CONTENT="e."/>
                  <SP HEIGHT="45" WIDTH="14" VPOS="1417" HPOS="1597"/>
                  <String HEIGHT="45"
                          WIDTH="122"
                          VPOS="1417"
                          HPOS="1557"
                          CONTENT="dist."/>
                  <SP HEIGHT="45" WIDTH="14" VPOS="1417" HPOS="1679"/>
                  <String HEIGHT="45"
                          WIDTH="162"
                          VPOS="1417"
                          HPOS="1638"
                          CONTENT="xxxviii."/>
                  <SP HEIGHT="45" WIDTH="14" VPOS="1417" HPOS="1800"/>
                  <String HEIGHT="45"
                          WIDTH="122"
                          VPOS="1417"
                          HPOS="1760"
                          CONTENT="dicit"/>
                  <SP HEIGHT="45" WIDTH="14" VPOS="1417" HPOS="1881"/>
                  <String HEIGHT="45"
                          WIDTH="95"
                          VPOS="1417"
                          HPOS="1841"
                          CONTENT="Non"/>
                  <SP HEIGHT="45" WIDTH="14" VPOS="1417" HPOS="1935"/>
                  <String HEIGHT="45"
                          WIDTH="149"
                          VPOS="1417"
                          HPOS="1881"
                          CONTENT="propterea"/>
               </TextLine>
               <TextLine ID="r2l52"
                         BASELINE="1501"
                         HEIGHT="56"
                         WIDTH="777"
                         VPOS="1445"
                         HPOS="1244">
                  <String HEIGHT="56"
                          WIDTH="155"
                          VPOS="1445"
                          HPOS="1230"
                          CONTENT="aliquid"/>
                  <SP HEIGHT="56" WIDTH="14" VPOS="1445" HPOS="1385"/>
                  <String HEIGHT="56"
                          WIDTH="127"
                          VPOS="1445"
                          HPOS="1343"
                          CONTENT="erit."/>
                  <SP HEIGHT="56" WIDTH="14" VPOS="1445" HPOS="1470"/>
                  <String HEIGHT="56"
                          WIDTH="113"
                          VPOS="1445"
                          HPOS="1428"
                          CONTENT="quia"/>
                  <SP HEIGHT="56" WIDTH="14" VPOS="1445" HPOS="1541"/>
                  <String HEIGHT="56"
                          WIDTH="113"
                          VPOS="1445"
                          HPOS="1498"
                          CONTENT="scit"/>
                  <SP HEIGHT="56" WIDTH="14" VPOS="1445" HPOS="1611"/>
                  <String HEIGHT="56"
                          WIDTH="113"
                          VPOS="1445"
                          HPOS="1569"
                          CONTENT="deus"/>
                  <SP HEIGHT="56" WIDTH="14" VPOS="1445" HPOS="1682"/>
                  <String HEIGHT="56"
                          WIDTH="240"
                          VPOS="1445"
                          HPOS="1640"
                          CONTENT="illudfuturum."/>
                  <SP HEIGHT="56" WIDTH="14" VPOS="1445" HPOS="1880"/>
                  <String HEIGHT="56"
                          WIDTH="99"
                          VPOS="1445"
                          HPOS="1837"
                          CONTENT="sed"/>
                  <SP HEIGHT="56" WIDTH="14" VPOS="1445" HPOS="1936"/>
                  <String HEIGHT="56"
                          WIDTH="113"
                          VPOS="1445"
                          HPOS="1894"
                          CONTENT="quia"/>
                  <SP HEIGHT="56" WIDTH="14" VPOS="1445" HPOS="2007"/>
                  <String HEIGHT="56"
                          WIDTH="71"
                          VPOS="1445"
                          HPOS="1950"
                          CONTENT="fu"
                          SUBS_TYPE="HypPart1"
                          SUBS_CONTENT="futurum"/>
                  <HYP CONTENT="-"/>
               </TextLine>
               <TextLine ID="r2l54"
                         BASELINE="1545"
                         HEIGHT="46"
                         WIDTH="792"
                         VPOS="1499"
                         HPOS="1234">
                  <String HEIGHT="46"
                          WIDTH="123"
                          VPOS="1499"
                          HPOS="1220"
                          CONTENT="turum"
                          SUBS_TYPE="HypPart2"
                          SUBS_CONTENT="futurum"/>
                  <SP HEIGHT="46" WIDTH="14" VPOS="1499" HPOS="1343"/>
                  <String HEIGHT="46"
                          WIDTH="109"
                          VPOS="1499"
                          HPOS="1302"
                          CONTENT="est."/>
                  <SP HEIGHT="46" WIDTH="14" VPOS="1499" HPOS="1412"/>
                  <String HEIGHT="46"
                          WIDTH="109"
                          VPOS="1499"
                          HPOS="1371"
                          CONTENT="ideo"/>
                  <SP HEIGHT="46" WIDTH="14" VPOS="1499" HPOS="1480"/>
                  <String HEIGHT="46"
                          WIDTH="137"
                          VPOS="1499"
                          HPOS="1439"
                          CONTENT="scitur"/>
                  <SP HEIGHT="46" WIDTH="14" VPOS="1499" HPOS="1575"/>
                  <String HEIGHT="46" WIDTH="68" VPOS="1499" HPOS="1534" CONTENT="a"/>
                  <SP HEIGHT="46" WIDTH="14" VPOS="1499" HPOS="1603"/>
                  <String HEIGHT="46"
                          WIDTH="96"
                          VPOS="1499"
                          HPOS="1562"
                          CONTENT="deo"/>
                  <SP HEIGHT="46" WIDTH="14" VPOS="1499" HPOS="1657"/>
                  <String HEIGHT="46"
                          WIDTH="137"
                          VPOS="1499"
                          HPOS="1616"
                          CONTENT="anquam"/>
                  <SP HEIGHT="46" WIDTH="14" VPOS="1499" HPOS="1753"/>
                  <String HEIGHT="46"
                          WIDTH="123"
                          VPOS="1499"
                          HPOS="1712"
                          CONTENT="fiat."/>
                  <SP HEIGHT="46" WIDTH="14" VPOS="1499" HPOS="1835"/>
                  <String HEIGHT="46"
                          WIDTH="96"
                          VPOS="1499"
                          HPOS="1794"
                          CONTENT="Hec"/>
                  <SP HEIGHT="46" WIDTH="14" VPOS="1499" HPOS="1889"/>
                  <String HEIGHT="46"
                          WIDTH="123"
                          VPOS="1499"
                          HPOS="1848"
                          CONTENT="ille."/>
                  <SP HEIGHT="46" WIDTH="14" VPOS="1499" HPOS="1971"/>
                  <String HEIGHT="46"
                          WIDTH="96"
                          VPOS="1499"
                          HPOS="1930"
                          CONTENT="Sed"/>
                  <SP HEIGHT="46" WIDTH="14" VPOS="1499" HPOS="2026"/>
                  <String HEIGHT="46" WIDTH="55" VPOS="1499" HPOS="1971" CONTENT="in"/>
               </TextLine>
               <TextLine ID="r2l57"
                         BASELINE="1594"
                         HEIGHT="60"
                         WIDTH="764"
                         VPOS="1534"
                         HPOS="1246">
                  <String HEIGHT="60"
                          WIDTH="171"
                          VPOS="1534"
                          HPOS="1233"
                          CONTENT="oppositum"/>
                  <SP HEIGHT="60" WIDTH="13" VPOS="1534" HPOS="1404"/>
                  <String HEIGHT="60"
                          WIDTH="92"
                          VPOS="1534"
                          HPOS="1365"
                          CONTENT="est"/>
                  <SP HEIGHT="60" WIDTH="13" VPOS="1534" HPOS="1457"/>
                  <String HEIGHT="60"
                          WIDTH="158"
                          VPOS="1534"
                          HPOS="1417"
                          CONTENT="magister"/>
                  <SP HEIGHT="60" WIDTH="13" VPOS="1534" HPOS="1575"/>
                  <String HEIGHT="60"
                          WIDTH="132"
                          VPOS="1534"
                          HPOS="1536"
                          CONTENT="ibidem"/>
                  <SP HEIGHT="60" WIDTH="13" VPOS="1534" HPOS="1668"/>
                  <String HEIGHT="60"
                          WIDTH="119"
                          VPOS="1534"
                          HPOS="1628"
                          CONTENT="dicit"/>
                  <SP HEIGHT="60" WIDTH="13" VPOS="1534" HPOS="1747"/>
                  <String HEIGHT="60"
                          WIDTH="105"
                          VPOS="1534"
                          HPOS="1707"
                          CONTENT="quod"/>
                  <SP HEIGHT="60" WIDTH="13" VPOS="1534" HPOS="1812"/>
                  <String HEIGHT="60"
                          WIDTH="132"
                          VPOS="1534"
                          HPOS="1773"
                          CONTENT="futura"/>
                  <SP HEIGHT="60" WIDTH="13" VPOS="1534" HPOS="1905"/>
                  <String HEIGHT="60"
                          WIDTH="119"
                          VPOS="1534"
                          HPOS="1865"
                          CONTENT="nullo"/>
                  <SP HEIGHT="60" WIDTH="13" VPOS="1534" HPOS="1984"/>
                  <String HEIGHT="60"
                          WIDTH="79"
                          VPOS="1534"
                          HPOS="1931"
                          CONTENT="modo"/>
               </TextLine>
               <TextLine ID="r2l59"
                         BASELINE="1627"
                         HEIGHT="55"
                         WIDTH="778"
                         VPOS="1572"
                         HPOS="1245">
                  <String HEIGHT="55"
                          WIDTH="122"
                          VPOS="1572"
                          HPOS="1230"
                          CONTENT="sunt"/>
                  <SP HEIGHT="55" WIDTH="15" VPOS="1572" HPOS="1352"/>
                  <String HEIGHT="55"
                          WIDTH="137"
                          VPOS="1572"
                          HPOS="1306"
                          CONTENT="causa"/>
                  <SP HEIGHT="55" WIDTH="15" VPOS="1572" HPOS="1443"/>
                  <String HEIGHT="55"
                          WIDTH="244"
                          VPOS="1572"
                          HPOS="1398"
                          CONTENT="praescientie"/>
                  <SP HEIGHT="55" WIDTH="15" VPOS="1572" HPOS="1642"/>
                  <String HEIGHT="55"
                          WIDTH="107"
                          VPOS="1572"
                          HPOS="1596"
                          CONTENT="dei"/>
                  <SP HEIGHT="55" WIDTH="15" VPOS="1572" HPOS="1703"/>
                  <String HEIGHT="55"
                          WIDTH="122"
                          VPOS="1572"
                          HPOS="1657"
                          CONTENT="nisi"/>
                  <SP HEIGHT="55" WIDTH="15" VPOS="1572" HPOS="1779"/>
                  <String HEIGHT="55"
                          WIDTH="168"
                          VPOS="1572"
                          HPOS="1733"
                          CONTENT="dicamus"/>
                  <SP HEIGHT="55" WIDTH="15" VPOS="1572" HPOS="1901"/>
                  <String HEIGHT="55"
                          WIDTH="137"
                          VPOS="1572"
                          HPOS="1855"
                          CONTENT="causa"/>
                  <SP HEIGHT="55" WIDTH="15" VPOS="1572" HPOS="1992"/>
                  <String HEIGHT="55"
                          WIDTH="92"
                          VPOS="1572"
                          HPOS="1931"
                          CONTENT="sine"/>
               </TextLine>
               <TextLine ID="r2l61"
                         BASELINE="1675"
                         HEIGHT="61"
                         WIDTH="760"
                         VPOS="1614"
                         HPOS="1254">
                  <String HEIGHT="61"
                          WIDTH="92"
                          VPOS="1614"
                          HPOS="1241"
                          CONTENT="qua"/>
                  <SP HEIGHT="61" WIDTH="13" VPOS="1614" HPOS="1333"/>
                  <String HEIGHT="61"
                          WIDTH="92"
                          VPOS="1614"
                          HPOS="1293"
                          CONTENT="non"/>
                  <SP HEIGHT="61" WIDTH="13" VPOS="1614" HPOS="1385"/>
                  <String HEIGHT="61"
                          WIDTH="105"
                          VPOS="1614"
                          HPOS="1346"
                          CONTENT="sunt"/>
                  <SP HEIGHT="61" WIDTH="13" VPOS="1614" HPOS="1451"/>
                  <String HEIGHT="61" WIDTH="66" VPOS="1614" HPOS="1411" CONTENT="¶"/>
                  <SP HEIGHT="61" WIDTH="13" VPOS="1614" HPOS="1477"/>
                  <String HEIGHT="61"
                          WIDTH="197"
                          VPOS="1614"
                          HPOS="1437"
                          CONTENT="Respondetur"/>
                  <SP HEIGHT="61" WIDTH="13" VPOS="1614" HPOS="1634"/>
                  <String HEIGHT="61"
                          WIDTH="105"
                          VPOS="1614"
                          HPOS="1595"
                          CONTENT="ergo"/>
                  <SP HEIGHT="61" WIDTH="13" VPOS="1614" HPOS="1700"/>
                  <String HEIGHT="61"
                          WIDTH="157"
                          VPOS="1614"
                          HPOS="1660"
                          CONTENT="secundum"/>
                  <SP HEIGHT="61" WIDTH="13" VPOS="1614" HPOS="1817"/>
                  <String HEIGHT="61"
                          WIDTH="157"
                          VPOS="1614"
                          HPOS="1778"
                          CONTENT="Bonauem."/>
                  <SP HEIGHT="61" WIDTH="13" VPOS="1614" HPOS="1935"/>
                  <String HEIGHT="61" WIDTH="79" VPOS="1614" HPOS="1896" CONTENT="e."/>
                  <SP HEIGHT="61" WIDTH="13" VPOS="1614" HPOS="1975"/>
                  <String HEIGHT="61"
                          WIDTH="92"
                          VPOS="1614"
                          HPOS="1922"
                          CONTENT="dist."/>
               </TextLine>
               <TextLine ID="r2l63"
                         BASELINE="1715"
                         HEIGHT="49"
                         WIDTH="787"
                         VPOS="1666"
                         HPOS="1236">
                  <String HEIGHT="49"
                          WIDTH="178"
                          VPOS="1666"
                          HPOS="1221"
                          CONTENT="xxxviii."/>
                  <SP HEIGHT="49" WIDTH="15" VPOS="1666" HPOS="1399"/>
                  <String HEIGHT="49"
                          WIDTH="119"
                          VPOS="1666"
                          HPOS="1355"
                          CONTENT="quod"/>
                  <SP HEIGHT="49" WIDTH="15" VPOS="1666" HPOS="1474"/>
                  <String HEIGHT="49"
                          WIDTH="148"
                          VPOS="1666"
                          HPOS="1429"
                          CONTENT="causam"/>
                  <SP HEIGHT="49" WIDTH="15" VPOS="1666" HPOS="1578"/>
                  <String HEIGHT="49"
                          WIDTH="104"
                          VPOS="1666"
                          HPOS="1533"
                          CONTENT="est"/>
                  <SP HEIGHT="49" WIDTH="15" VPOS="1666" HPOS="1637"/>
                  <String HEIGHT="49"
                          WIDTH="178"
                          VPOS="1666"
                          HPOS="1592"
                          CONTENT="accipere"/>
                  <SP HEIGHT="49" WIDTH="15" VPOS="1666" HPOS="1771"/>
                  <String HEIGHT="49"
                          WIDTH="238"
                          VPOS="1666"
                          HPOS="1726"
                          CONTENT="tripliciter."/>
                  <SP HEIGHT="49" WIDTH="15" VPOS="1666" HPOS="1964"/>
                  <String HEIGHT="49"
                          WIDTH="104"
                          VPOS="1666"
                          HPOS="1919"
                          CONTENT="Uno"/>
                  <SP HEIGHT="49" WIDTH="15" VPOS="1666" HPOS="2023"/>
                  <String HEIGHT="49" WIDTH="59" VPOS="1666" HPOS="1964" CONTENT="mo"/>
               </TextLine>
               <TextLine ID="r2l65"
                         BASELINE="1748"
                         HEIGHT="40"
                         WIDTH="784"
                         VPOS="1708"
                         HPOS="1239">
                  <String HEIGHT="40" WIDTH="86" VPOS="1708" HPOS="1225" CONTENT="do"/>
                  <SP HEIGHT="40" WIDTH="14" VPOS="1708" HPOS="1310"/>
                  <String HEIGHT="40"
                          WIDTH="171"
                          VPOS="1708"
                          HPOS="1268"
                          CONTENT="secundum"/>
                  <SP HEIGHT="40" WIDTH="14" VPOS="1708" HPOS="1439"/>
                  <String HEIGHT="40"
                          WIDTH="114"
                          VPOS="1708"
                          HPOS="1396"
                          CONTENT="roem"/>
                  <SP HEIGHT="40" WIDTH="14" VPOS="1708" HPOS="1510"/>
                  <String HEIGHT="40"
                          WIDTH="171"
                          VPOS="1708"
                          HPOS="1467"
                          CONTENT="essendi."/>
                  <SP HEIGHT="40" WIDTH="14" VPOS="1708" HPOS="1638"/>
                  <String HEIGHT="40" WIDTH="86" VPOS="1708" HPOS="1595" CONTENT="et"/>
                  <SP HEIGHT="40" WIDTH="14" VPOS="1708" HPOS="1681"/>
                  <String HEIGHT="40"
                          WIDTH="100"
                          VPOS="1708"
                          HPOS="1638"
                          CONTENT="sic"/>
                  <SP HEIGHT="40" WIDTH="14" VPOS="1708" HPOS="1738"/>
                  <String HEIGHT="40"
                          WIDTH="128"
                          VPOS="1708"
                          HPOS="1695"
                          CONTENT="nullo"/>
                  <SP HEIGHT="40" WIDTH="14" VPOS="1708" HPOS="1823"/>
                  <String HEIGHT="40"
                          WIDTH="114"
                          VPOS="1708"
                          HPOS="1781"
                          CONTENT="modo"/>
                  <SP HEIGHT="40" WIDTH="14" VPOS="1708" HPOS="1895"/>
                  <String HEIGHT="40"
                          WIDTH="143"
                          VPOS="1708"
                          HPOS="1852"
                          CONTENT="futura"/>
                  <SP HEIGHT="40" WIDTH="14" VPOS="1708" HPOS="1994"/>
                  <String HEIGHT="40"
                          WIDTH="86"
                          VPOS="1708"
                          HPOS="1937"
                          CONTENT="sunt"/>
               </TextLine>
               <TextLine ID="r2l67"
                         BASELINE="1794"
                         HEIGHT="46"
                         WIDTH="778"
                         VPOS="1748"
                         HPOS="1239">
                  <String HEIGHT="46"
                          WIDTH="127"
                          VPOS="1748"
                          HPOS="1225"
                          CONTENT="causa"/>
                  <SP HEIGHT="46" WIDTH="14" VPOS="1748" HPOS="1352"/>
                  <String HEIGHT="46"
                          WIDTH="226"
                          VPOS="1748"
                          HPOS="1310"
                          CONTENT="praescientie"/>
                  <SP HEIGHT="46" WIDTH="14" VPOS="1748" HPOS="1536"/>
                  <String HEIGHT="46"
                          WIDTH="99"
                          VPOS="1748"
                          HPOS="1494"
                          CONTENT="dei"/>
                  <SP HEIGHT="46" WIDTH="14" VPOS="1748" HPOS="1593"/>
                  <String HEIGHT="46"
                          WIDTH="99"
                          VPOS="1748"
                          HPOS="1550"
                          CONTENT="sed"/>
                  <SP HEIGHT="46" WIDTH="14" VPOS="1748" HPOS="1649"/>
                  <String HEIGHT="46"
                          WIDTH="198"
                          VPOS="1748"
                          HPOS="1607"
                          CONTENT="econuerso."/>
                  <SP HEIGHT="46" WIDTH="14" VPOS="1748" HPOS="1805"/>
                  <String HEIGHT="46"
                          WIDTH="113"
                          VPOS="1748"
                          HPOS="1762"
                          CONTENT="quia"/>
                  <SP HEIGHT="46" WIDTH="14" VPOS="1748" HPOS="1876"/>
                  <String HEIGHT="46"
                          WIDTH="170"
                          VPOS="1748"
                          HPOS="1833"
                          CONTENT="scientia"/>
                  <SP HEIGHT="46" WIDTH="14" VPOS="1748" HPOS="2003"/>
                  <String HEIGHT="46"
                          WIDTH="71"
                          VPOS="1748"
                          HPOS="1946"
                          CONTENT="dei"/>
               </TextLine>
               <TextLine ID="r2l69"
                         BASELINE="1833"
                         HEIGHT="49"
                         WIDTH="784"
                         VPOS="1784"
                         HPOS="1239">
                  <String HEIGHT="49"
                          WIDTH="133"
                          VPOS="1784"
                          HPOS="1224"
                          CONTENT="adhuc"/>
                  <SP HEIGHT="49" WIDTH="15" VPOS="1784" HPOS="1357"/>
                  <String HEIGHT="49"
                          WIDTH="133"
                          VPOS="1784"
                          HPOS="1313"
                          CONTENT="esset"/>
                  <SP HEIGHT="49" WIDTH="15" VPOS="1784" HPOS="1446"/>
                  <String HEIGHT="49" WIDTH="89" VPOS="1784" HPOS="1402" CONTENT="in"/>
                  <SP HEIGHT="49" WIDTH="15" VPOS="1784" HPOS="1490"/>
                  <String HEIGHT="49"
                          WIDTH="104"
                          VPOS="1784"
                          HPOS="1446"
                          CONTENT="deo"/>
                  <SP HEIGHT="49" WIDTH="15" VPOS="1784" HPOS="1550"/>
                  <String HEIGHT="49"
                          WIDTH="163"
                          VPOS="1784"
                          HPOS="1505"
                          CONTENT="etiamsi"/>
                  <SP HEIGHT="49" WIDTH="15" VPOS="1784" HPOS="1668"/>
                  <String HEIGHT="49"
                          WIDTH="133"
                          VPOS="1784"
                          HPOS="1624"
                          CONTENT="nulla"/>
                  <SP HEIGHT="49" WIDTH="15" VPOS="1784" HPOS="1757"/>
                  <String HEIGHT="49"
                          WIDTH="148"
                          VPOS="1784"
                          HPOS="1712"
                          CONTENT="essent"/>
                  <SP HEIGHT="49" WIDTH="15" VPOS="1784" HPOS="1860"/>
                  <String HEIGHT="49"
                          WIDTH="163"
                          VPOS="1784"
                          HPOS="1816"
                          CONTENT="futura."/>
                  <SP HEIGHT="49" WIDTH="15" VPOS="1784" HPOS="1979"/>
                  <String HEIGHT="49" WIDTH="89" VPOS="1784" HPOS="1934" CONTENT="vt"/>
                  <SP HEIGHT="49" WIDTH="15" VPOS="1784" HPOS="2023"/>
                  <String HEIGHT="49" WIDTH="59" VPOS="1784" HPOS="1964" CONTENT="in"/>
               </TextLine>
               <TextLine ID="r2l71"
                         BASELINE="1875"
                         HEIGHT="51"
                         WIDTH="784"
                         VPOS="1824"
                         HPOS="1246">
                  <String HEIGHT="51" WIDTH="78" VPOS="1824" HPOS="1233" CONTENT="se"/>
                  <SP HEIGHT="51" WIDTH="13" VPOS="1824" HPOS="1311"/>
                  <String HEIGHT="51"
                          WIDTH="118"
                          VPOS="1824"
                          HPOS="1272"
                          CONTENT="quan."/>
                  <SP HEIGHT="51" WIDTH="13" VPOS="1824" HPOS="1390"/>
                  <String HEIGHT="51"
                          WIDTH="157"
                          VPOS="1824"
                          HPOS="1351"
                          CONTENT="patebit."/>
                  <SP HEIGHT="51" WIDTH="13" VPOS="1824" HPOS="1507"/>
                  <String HEIGHT="51"
                          WIDTH="105"
                          VPOS="1824"
                          HPOS="1468"
                          CONTENT="Alio"/>
                  <SP HEIGHT="51" WIDTH="13" VPOS="1824" HPOS="1573"/>
                  <String HEIGHT="51"
                          WIDTH="105"
                          VPOS="1824"
                          HPOS="1533"
                          CONTENT="modo"/>
                  <SP HEIGHT="51" WIDTH="13" VPOS="1824" HPOS="1638"/>
                  <String HEIGHT="51"
                          WIDTH="157"
                          VPOS="1824"
                          HPOS="1599"
                          CONTENT="secundum"/>
                  <SP HEIGHT="51" WIDTH="13" VPOS="1824" HPOS="1756"/>
                  <String HEIGHT="51"
                          WIDTH="157"
                          VPOS="1824"
                          HPOS="1716"
                          CONTENT="rationem"/>
                  <SP HEIGHT="51" WIDTH="13" VPOS="1824" HPOS="1873"/>
                  <String HEIGHT="51"
                          WIDTH="170"
                          VPOS="1824"
                          HPOS="1834"
                          CONTENT="inferendi"/>
                  <SP HEIGHT="51" WIDTH="13" VPOS="1824" HPOS="2004"/>
                  <String HEIGHT="51"
                          WIDTH="78"
                          VPOS="1824"
                          HPOS="1952"
                          CONTENT="tam"
                          SUBS_TYPE="HypPart1"
                          SUBS_CONTENT="tamquam"/>
                  <HYP CONTENT="-"/>
               </TextLine>
               <TextLine ID="r2l73"
                         BASELINE="1925"
                         HEIGHT="55"
                         WIDTH="764"
                         VPOS="1870"
                         HPOS="1248">
                  <String HEIGHT="55"
                          WIDTH="115"
                          VPOS="1870"
                          HPOS="1234"
                          CONTENT="quam"
                          SUBS_TYPE="HypPart2"
                          SUBS_CONTENT="tamquam"/>
                  <SP HEIGHT="55" WIDTH="14" VPOS="1870" HPOS="1349"/>
                  <String HEIGHT="55"
                          WIDTH="216"
                          VPOS="1870"
                          HPOS="1306"
                          CONTENT="correlatiua"/>
                  <SP HEIGHT="55" WIDTH="14" VPOS="1870" HPOS="1522"/>
                  <String HEIGHT="55" WIDTH="86" VPOS="1870" HPOS="1479" CONTENT="vt"/>
                  <SP HEIGHT="55" WIDTH="14" VPOS="1870" HPOS="1565"/>
                  <String HEIGHT="55"
                          WIDTH="130"
                          VPOS="1870"
                          HPOS="1522"
                          CONTENT="addit"/>
                  <SP HEIGHT="55" WIDTH="14" VPOS="1870" HPOS="1652"/>
                  <String HEIGHT="55"
                          WIDTH="144"
                          VPOS="1870"
                          HPOS="1608"
                          CONTENT="noster"/>
                  <SP HEIGHT="55" WIDTH="14" VPOS="1870" HPOS="1753"/>
                  <String HEIGHT="55"
                          WIDTH="130"
                          VPOS="1870"
                          HPOS="1709"
                          CONTENT="Rich."/>
                  <SP HEIGHT="55" WIDTH="14" VPOS="1870" HPOS="1839"/>
                  <String HEIGHT="55"
                          WIDTH="159"
                          VPOS="1870"
                          HPOS="1796"
                          CONTENT="ibidem."/>
                  <SP HEIGHT="55" WIDTH="14" VPOS="1870" HPOS="1954"/>
                  <String HEIGHT="55" WIDTH="86" VPOS="1870" HPOS="1911" CONTENT="et"/>
                  <SP HEIGHT="55" WIDTH="14" VPOS="1870" HPOS="1998"/>
                  <String HEIGHT="55"
                          WIDTH="72"
                          VPOS="1870"
                          HPOS="1940"
                          CONTENT="sic"/>
               </TextLine>
               <TextLine ID="r2l75"
                         BASELINE="1958"
                         HEIGHT="50"
                         WIDTH="790"
                         VPOS="1908"
                         HPOS="1239">
                  <String HEIGHT="50"
                          WIDTH="139"
                          VPOS="1908"
                          HPOS="1224"
                          CONTENT="mutuo"/>
                  <SP HEIGHT="50" WIDTH="15" VPOS="1908" HPOS="1363"/>
                  <String HEIGHT="50"
                          WIDTH="124"
                          VPOS="1908"
                          HPOS="1316"
                          CONTENT="sunt"/>
                  <SP HEIGHT="50" WIDTH="15" VPOS="1908" HPOS="1440"/>
                  <String HEIGHT="50"
                          WIDTH="155"
                          VPOS="1908"
                          HPOS="1394"
                          CONTENT="cause."/>
                  <SP HEIGHT="50" WIDTH="15" VPOS="1908" HPOS="1549"/>
                  <String HEIGHT="50"
                          WIDTH="124"
                          VPOS="1908"
                          HPOS="1502"
                          CONTENT="quia"/>
                  <SP HEIGHT="50" WIDTH="15" VPOS="1908" HPOS="1626"/>
                  <String HEIGHT="50"
                          WIDTH="186"
                          VPOS="1908"
                          HPOS="1580"
                          CONTENT="ancedens"/>
                  <SP HEIGHT="50" WIDTH="15" VPOS="1908" HPOS="1766"/>
                  <String HEIGHT="50"
                          WIDTH="108"
                          VPOS="1908"
                          HPOS="1719"
                          CONTENT="est"/>
                  <SP HEIGHT="50" WIDTH="15" VPOS="1908" HPOS="1828"/>
                  <String HEIGHT="50"
                          WIDTH="139"
                          VPOS="1908"
                          HPOS="1781"
                          CONTENT="causa"/>
                  <SP HEIGHT="50" WIDTH="15" VPOS="1908" HPOS="1921"/>
                  <String HEIGHT="50"
                          WIDTH="170"
                          VPOS="1908"
                          HPOS="1859"
                          CONTENT="consequen"/>
               </TextLine>
               <TextLine ID="r2l77"
                         BASELINE="2001"
                         HEIGHT="48"
                         WIDTH="769"
                         VPOS="1953"
                         HPOS="1242">
                  <String HEIGHT="48"
                          WIDTH="100"
                          VPOS="1953"
                          HPOS="1228"
                          CONTENT="tis"/>
                  <SP HEIGHT="48" WIDTH="14" VPOS="1953" HPOS="1327"/>
                  <String HEIGHT="48"
                          WIDTH="185"
                          VPOS="1953"
                          HPOS="1285"
                          CONTENT="inferendo"/>
                  <SP HEIGHT="48" WIDTH="14" VPOS="1953" HPOS="1470"/>
                  <String HEIGHT="48"
                          WIDTH="100"
                          VPOS="1953"
                          HPOS="1427"
                          CONTENT="Nam"/>
                  <SP HEIGHT="48" WIDTH="14" VPOS="1953" HPOS="1527"/>
                  <String HEIGHT="48" WIDTH="85" VPOS="1953" HPOS="1484" CONTENT="ex"/>
                  <SP HEIGHT="48" WIDTH="14" VPOS="1953" HPOS="1570"/>
                  <String HEIGHT="48"
                          WIDTH="100"
                          VPOS="1953"
                          HPOS="1527"
                          CONTENT="hoc"/>
                  <SP HEIGHT="48" WIDTH="14" VPOS="1953" HPOS="1627"/>
                  <String HEIGHT="48"
                          WIDTH="114"
                          VPOS="1953"
                          HPOS="1584"
                          CONTENT="quod"/>
                  <SP HEIGHT="48" WIDTH="14" VPOS="1953" HPOS="1698"/>
                  <String HEIGHT="48"
                          WIDTH="114"
                          VPOS="1953"
                          HPOS="1655"
                          CONTENT="deus"/>
                  <SP HEIGHT="48" WIDTH="14" VPOS="1953" HPOS="1769"/>
                  <String HEIGHT="48"
                          WIDTH="171"
                          VPOS="1953"
                          HPOS="1726"
                          CONTENT="praescit"/>
                  <SP HEIGHT="48" WIDTH="14" VPOS="1953" HPOS="1897"/>
                  <String HEIGHT="48"
                          WIDTH="142"
                          VPOS="1953"
                          HPOS="1854"
                          CONTENT="futura"/>
                  <SP HEIGHT="48" WIDTH="14" VPOS="1953" HPOS="1997"/>
                  <String HEIGHT="48"
                          WIDTH="71"
                          VPOS="1953"
                          HPOS="1940"
                          CONTENT="bo"
                          SUBS_TYPE="HypPart1"
                          SUBS_CONTENT="bosequitur"/>
                  <HYP CONTENT="-"/>
               </TextLine>
               <TextLine ID="r2l79"
                         BASELINE="2049"
                         HEIGHT="48"
                         WIDTH="793"
                         VPOS="2001"
                         HPOS="1237">
                  <String HEIGHT="48"
                          WIDTH="153"
                          VPOS="2001"
                          HPOS="1224"
                          CONTENT="sequitur"
                          SUBS_TYPE="HypPart2"
                          SUBS_CONTENT="bosequitur"/>
                  <SP HEIGHT="48" WIDTH="13" VPOS="2001" HPOS="1378"/>
                  <String HEIGHT="48"
                          WIDTH="102"
                          VPOS="2001"
                          HPOS="1339"
                          CONTENT="quod"/>
                  <SP HEIGHT="48" WIDTH="13" VPOS="2001" HPOS="1442"/>
                  <String HEIGHT="48"
                          WIDTH="128"
                          VPOS="2001"
                          HPOS="1403"
                          CONTENT="futura"/>
                  <SP HEIGHT="48" WIDTH="13" VPOS="2001" HPOS="1531"/>
                  <String HEIGHT="48"
                          WIDTH="128"
                          VPOS="2001"
                          HPOS="1493"
                          CONTENT="erunt."/>
                  <SP HEIGHT="48" WIDTH="13" VPOS="2001" HPOS="1621"/>
                  <String HEIGHT="48" WIDTH="77" VPOS="2001" HPOS="1582" CONTENT="Et"/>
                  <SP HEIGHT="48" WIDTH="13" VPOS="2001" HPOS="1659"/>
                  <String HEIGHT="48"
                          WIDTH="179"
                          VPOS="2001"
                          HPOS="1621"
                          CONTENT="econuerso."/>
                  <SP HEIGHT="48" WIDTH="13" VPOS="2001" HPOS="1800"/>
                  <String HEIGHT="48"
                          WIDTH="102"
                          VPOS="2001"
                          HPOS="1761"
                          CONTENT="quia"/>
                  <SP HEIGHT="48" WIDTH="13" VPOS="2001" HPOS="1864"/>
                  <String HEIGHT="48"
                          WIDTH="128"
                          VPOS="2001"
                          HPOS="1825"
                          CONTENT="futura"/>
                  <SP HEIGHT="48" WIDTH="13" VPOS="2001" HPOS="1953"/>
                  <String HEIGHT="48"
                          WIDTH="115"
                          VPOS="2001"
                          HPOS="1915"
                          CONTENT="sunt:"/>
                  <SP HEIGHT="48" WIDTH="13" VPOS="2001" HPOS="2030"/>
                  <String HEIGHT="48" WIDTH="51" VPOS="2001" HPOS="1979" CONTENT="se"/>
               </TextLine>
               <TextLine ID="r2l81"
                         BASELINE="2100"
                         HEIGHT="62"
                         WIDTH="779"
                         VPOS="2038"
                         HPOS="1248">
                  <String HEIGHT="62"
                          WIDTH="130"
                          VPOS="2038"
                          HPOS="1235"
                          CONTENT="quitur"/>
                  <SP HEIGHT="62" WIDTH="13" VPOS="2038" HPOS="1365"/>
                  <String HEIGHT="62"
                          WIDTH="104"
                          VPOS="2038"
                          HPOS="1326"
                          CONTENT="quod"/>
                  <SP HEIGHT="62" WIDTH="13" VPOS="2038" HPOS="1430"/>
                  <String HEIGHT="62"
                          WIDTH="104"
                          VPOS="2038"
                          HPOS="1391"
                          CONTENT="ergo"/>
                  <SP HEIGHT="62" WIDTH="13" VPOS="2038" HPOS="1495"/>
                  <String HEIGHT="62"
                          WIDTH="104"
                          VPOS="2038"
                          HPOS="1456"
                          CONTENT="deus"/>
                  <SP HEIGHT="62" WIDTH="13" VPOS="2038" HPOS="1560"/>
                  <String HEIGHT="62"
                          WIDTH="182"
                          VPOS="2038"
                          HPOS="1521"
                          CONTENT="praesciuit"/>
                  <SP HEIGHT="62" WIDTH="13" VPOS="2038" HPOS="1702"/>
                  <String HEIGHT="62"
                          WIDTH="117"
                          VPOS="2038"
                          HPOS="1663"
                          CONTENT="illa."/>
                  <SP HEIGHT="62" WIDTH="13" VPOS="2038" HPOS="1780"/>
                  <String HEIGHT="62"
                          WIDTH="130"
                          VPOS="2038"
                          HPOS="1741"
                          CONTENT="Tertio"/>
                  <SP HEIGHT="62" WIDTH="13" VPOS="2038" HPOS="1871"/>
                  <String HEIGHT="62"
                          WIDTH="104"
                          VPOS="2038"
                          HPOS="1832"
                          CONTENT="modo"/>
                  <SP HEIGHT="62" WIDTH="13" VPOS="2038" HPOS="1936"/>
                  <String HEIGHT="62"
                          WIDTH="91"
                          VPOS="2038"
                          HPOS="1897"
                          CONTENT="est"/>
                  <SP HEIGHT="62" WIDTH="13" VPOS="2038" HPOS="1988"/>
                  <String HEIGHT="62"
                          WIDTH="91"
                          VPOS="2038"
                          HPOS="1936"
                          CONTENT="causa"/>
               </TextLine>
               <TextLine ID="r2l83"
                         BASELINE="2136"
                         HEIGHT="58"
                         WIDTH="769"
                         VPOS="2078"
                         HPOS="1252">
                  <String HEIGHT="58"
                          WIDTH="106"
                          VPOS="2078"
                          HPOS="1239"
                          CONTENT="olum"/>
                  <SP HEIGHT="58" WIDTH="13" VPOS="2078" HPOS="1345"/>
                  <String HEIGHT="58"
                          WIDTH="159"
                          VPOS="2078"
                          HPOS="1305"
                          CONTENT="secundum"/>
                  <SP HEIGHT="58" WIDTH="13" VPOS="2078" HPOS="1464"/>
                  <String HEIGHT="58"
                          WIDTH="119"
                          VPOS="2078"
                          HPOS="1424"
                          CONTENT="ronem"/>
                  <SP HEIGHT="58" WIDTH="13" VPOS="2078" HPOS="1544"/>
                  <String HEIGHT="58"
                          WIDTH="159"
                          VPOS="2078"
                          HPOS="1504"
                          CONTENT="dicendi."/>
                  <SP HEIGHT="58" WIDTH="13" VPOS="2078" HPOS="1663"/>
                  <String HEIGHT="58" WIDTH="80" VPOS="2078" HPOS="1623" CONTENT="et"/>
                  <SP HEIGHT="58" WIDTH="13" VPOS="2078" HPOS="1703"/>
                  <String HEIGHT="58"
                          WIDTH="93"
                          VPOS="2078"
                          HPOS="1663"
                          CONTENT="sic"/>
                  <SP HEIGHT="58" WIDTH="13" VPOS="2078" HPOS="1756"/>
                  <String HEIGHT="58"
                          WIDTH="133"
                          VPOS="2078"
                          HPOS="1716"
                          CONTENT="futura"/>
                  <SP HEIGHT="58" WIDTH="13" VPOS="2078" HPOS="1849"/>
                  <String HEIGHT="58"
                          WIDTH="106"
                          VPOS="2078"
                          HPOS="1809"
                          CONTENT="sunt"/>
                  <SP HEIGHT="58" WIDTH="13" VPOS="2078" HPOS="1915"/>
                  <String HEIGHT="58"
                          WIDTH="119"
                          VPOS="2078"
                          HPOS="1875"
                          CONTENT="causa"/>
                  <SP HEIGHT="58" WIDTH="13" VPOS="2078" HPOS="1994"/>
                  <String HEIGHT="58"
                          WIDTH="80"
                          VPOS="2078"
                          HPOS="1941"
                          CONTENT="prae"/>
               </TextLine>
               <TextLine ID="r2l85"
                         BASELINE="2171"
                         HEIGHT="46"
                         WIDTH="780"
                         VPOS="2125"
                         HPOS="1237">
                  <String HEIGHT="46"
                          WIDTH="140"
                          VPOS="2125"
                          HPOS="1225"
                          CONTENT="scientie"/>
                  <SP HEIGHT="46" WIDTH="12" VPOS="2125" HPOS="1365"/>
                  <String HEIGHT="46"
                          WIDTH="93"
                          VPOS="2125"
                          HPOS="1330"
                          CONTENT="dei."/>
                  <SP HEIGHT="46" WIDTH="12" VPOS="2125" HPOS="1423"/>
                  <String HEIGHT="46" WIDTH="70" VPOS="2125" HPOS="1388" CONTENT="et"/>
                  <SP HEIGHT="46" WIDTH="12" VPOS="2125" HPOS="1458"/>
                  <String HEIGHT="46"
                          WIDTH="81"
                          VPOS="2125"
                          HPOS="1423"
                          CONTENT="non"/>
                  <SP HEIGHT="46" WIDTH="12" VPOS="2125" HPOS="1505"/>
                  <String HEIGHT="46"
                          WIDTH="163"
                          VPOS="2125"
                          HPOS="1470"
                          CONTENT="econuerso."/>
                  <SP HEIGHT="46" WIDTH="12" VPOS="2125" HPOS="1633"/>
                  <String HEIGHT="46"
                          WIDTH="93"
                          VPOS="2125"
                          HPOS="1598"
                          CONTENT="quia"/>
                  <SP HEIGHT="46" WIDTH="12" VPOS="2125" HPOS="1691"/>
                  <String HEIGHT="46"
                          WIDTH="163"
                          VPOS="2125"
                          HPOS="1656"
                          CONTENT="praesancia"/>
                  <SP HEIGHT="46" WIDTH="12" VPOS="2125" HPOS="1819"/>
                  <String HEIGHT="46"
                          WIDTH="105"
                          VPOS="2125"
                          HPOS="1784"
                          CONTENT="dicit"/>
                  <SP HEIGHT="46" WIDTH="12" VPOS="2125" HPOS="1889"/>
                  <String HEIGHT="46"
                          WIDTH="140"
                          VPOS="2125"
                          HPOS="1854"
                          CONTENT="sanctiam"/>
                  <SP HEIGHT="46" WIDTH="12" VPOS="2125" HPOS="1994"/>
                  <String HEIGHT="46"
                          WIDTH="70"
                          VPOS="2125"
                          HPOS="1947"
                          CONTENT="ante"/>
               </TextLine>
               <TextLine ID="r2l87"
                         BASELINE="2218"
                         HEIGHT="52"
                         WIDTH="778"
                         VPOS="2166"
                         HPOS="1237">
                  <String HEIGHT="52"
                          WIDTH="124"
                          VPOS="2166"
                          HPOS="1221"
                          CONTENT="rem."/>
                  <SP HEIGHT="52" WIDTH="16" VPOS="2166" HPOS="1346"/>
                  <String HEIGHT="52" WIDTH="93" VPOS="2166" HPOS="1299" CONTENT="et"/>
                  <SP HEIGHT="52" WIDTH="16" VPOS="2166" HPOS="1393"/>
                  <String HEIGHT="52"
                          WIDTH="109"
                          VPOS="2166"
                          HPOS="1346"
                          CONTENT="sic"/>
                  <SP HEIGHT="52" WIDTH="16" VPOS="2166" HPOS="1455"/>
                  <String HEIGHT="52"
                          WIDTH="187"
                          VPOS="2166"
                          HPOS="1408"
                          CONTENT="importat"/>
                  <SP HEIGHT="52" WIDTH="16" VPOS="2166" HPOS="1595"/>
                  <String HEIGHT="52"
                          WIDTH="171"
                          VPOS="2166"
                          HPOS="1548"
                          CONTENT="ordinem"/>
                  <SP HEIGHT="52" WIDTH="16" VPOS="2166" HPOS="1719"/>
                  <String HEIGHT="52" WIDTH="93" VPOS="2166" HPOS="1673" CONTENT="ad"/>
                  <SP HEIGHT="52" WIDTH="16" VPOS="2166" HPOS="1766"/>
                  <String HEIGHT="52"
                          WIDTH="218"
                          VPOS="2166"
                          HPOS="1719"
                          CONTENT="posterius."/>
                  <SP HEIGHT="52" WIDTH="16" VPOS="2166" HPOS="1937"/>
                  <String HEIGHT="52"
                          WIDTH="124"
                          VPOS="2166"
                          HPOS="1891"
                          CONTENT="Ideo"/>
                  <SP HEIGHT="52" WIDTH="16" VPOS="2166" HPOS="2015"/>
                  <String HEIGHT="52" WIDTH="62" VPOS="2166" HPOS="1953" CONTENT="ad"/>
               </TextLine>
               <TextLine ID="r2l89"
                         BASELINE="2263"
                         HEIGHT="59"
                         WIDTH="797"
                         VPOS="2204"
                         HPOS="1233">
                  <String HEIGHT="59"
                          WIDTH="83"
                          VPOS="2204"
                          HPOS="1221"
                          CONTENT="hoc"/>
                  <SP HEIGHT="59" WIDTH="12" VPOS="2204" HPOS="1304"/>
                  <String HEIGHT="59"
                          WIDTH="95"
                          VPOS="2204"
                          HPOS="1269"
                          CONTENT="quod"/>
                  <SP HEIGHT="59" WIDTH="12" VPOS="2204" HPOS="1364"/>
                  <String HEIGHT="59"
                          WIDTH="155"
                          VPOS="2204"
                          HPOS="1328"
                          CONTENT="praesacia"/>
                  <SP HEIGHT="59" WIDTH="12" VPOS="2204" HPOS="1483"/>
                  <String HEIGHT="59"
                          WIDTH="143"
                          VPOS="2204"
                          HPOS="1447"
                          CONTENT="dicatur:"/>
                  <SP HEIGHT="59" WIDTH="12" VPOS="2204" HPOS="1590"/>
                  <String HEIGHT="59"
                          WIDTH="107"
                          VPOS="2204"
                          HPOS="1554"
                          CONTENT="venit"/>
                  <SP HEIGHT="59" WIDTH="12" VPOS="2204" HPOS="1661"/>
                  <String HEIGHT="59" WIDTH="71" VPOS="2204" HPOS="1626" CONTENT="ex"/>
                  <SP HEIGHT="59" WIDTH="12" VPOS="2204" HPOS="1697"/>
                  <String HEIGHT="59"
                          WIDTH="178"
                          VPOS="2204"
                          HPOS="1661"
                          CONTENT="futuritione"/>
                  <SP HEIGHT="59" WIDTH="12" VPOS="2204" HPOS="1840"/>
                  <String HEIGHT="59"
                          WIDTH="83"
                          VPOS="2204"
                          HPOS="1804"
                          CONTENT="rei"/>
                  <SP HEIGHT="59" WIDTH="12" VPOS="2204" HPOS="1887"/>
                  <String HEIGHT="59" WIDTH="71" VPOS="2204" HPOS="1852" CONTENT="et"/>
                  <SP HEIGHT="59" WIDTH="12" VPOS="2204" HPOS="1923"/>
                  <String HEIGHT="59"
                          WIDTH="83"
                          VPOS="2204"
                          HPOS="1887"
                          CONTENT="sic"/>
                  <SP HEIGHT="59" WIDTH="12" VPOS="2204" HPOS="1971"/>
                  <String HEIGHT="59"
                          WIDTH="107"
                          VPOS="2204"
                          HPOS="1923"
                          CONTENT="intelli"/>
               </TextLine>
               <TextLine ID="r2l91"
                         BASELINE="2305"
                         HEIGHT="58"
                         WIDTH="791"
                         VPOS="2247"
                         HPOS="1239">
                  <String HEIGHT="58"
                          WIDTH="106"
                          VPOS="2247"
                          HPOS="1224"
                          CONTENT="git"/>
                  <SP HEIGHT="58" WIDTH="15" VPOS="2247" HPOS="1330"/>
                  <String HEIGHT="58"
                          WIDTH="152"
                          VPOS="2247"
                          HPOS="1285"
                          CONTENT="Orige."/>
                  <SP HEIGHT="58" WIDTH="15" VPOS="2247" HPOS="1437"/>
                  <String HEIGHT="58"
                          WIDTH="137"
                          VPOS="2247"
                          HPOS="1391"
                          CONTENT="supra"/>
                  <SP HEIGHT="58" WIDTH="15" VPOS="2247" HPOS="1528"/>
                  <String HEIGHT="58" WIDTH="91" VPOS="2247" HPOS="1482" CONTENT="in"/>
                  <SP HEIGHT="58" WIDTH="15" VPOS="2247" HPOS="1574"/>
                  <String HEIGHT="58"
                          WIDTH="213"
                          VPOS="2247"
                          HPOS="1528"
                          CONTENT="argumento."/>
                  <SP HEIGHT="58" WIDTH="15" VPOS="2247" HPOS="1741"/>
                  <String HEIGHT="58"
                          WIDTH="106"
                          VPOS="2247"
                          HPOS="1695"
                          CONTENT="Nam"/>
                  <SP HEIGHT="58" WIDTH="15" VPOS="2247" HPOS="1802"/>
                  <String HEIGHT="58"
                          WIDTH="167"
                          VPOS="2247"
                          HPOS="1756"
                          CONTENT="futurum"/>
                  <SP HEIGHT="58" WIDTH="15" VPOS="2247" HPOS="1924"/>
                  <String HEIGHT="58"
                          WIDTH="122"
                          VPOS="2247"
                          HPOS="1878"
                          CONTENT="puta"/>
                  <SP HEIGHT="58" WIDTH="15" VPOS="2247" HPOS="2000"/>
                  <String HEIGHT="58"
                          WIDTH="91"
                          VPOS="2247"
                          HPOS="1939"
                          CONTENT="anti"/>
               </TextLine>
               <TextLine ID="r2l93"
                         BASELINE="2342"
                         HEIGHT="52"
                         WIDTH="773"
                         VPOS="2290"
                         HPOS="1242">
                  <String HEIGHT="52"
                          WIDTH="155"
                          VPOS="2290"
                          HPOS="1229"
                          CONTENT="christus"/>
                  <SP HEIGHT="52" WIDTH="13" VPOS="2290" HPOS="1384"/>
                  <String HEIGHT="52"
                          WIDTH="90"
                          VPOS="2290"
                          HPOS="1345"
                          CONTENT="vel"/>
                  <SP HEIGHT="52" WIDTH="13" VPOS="2290" HPOS="1435"/>
                  <String HEIGHT="52"
                          WIDTH="155"
                          VPOS="2290"
                          HPOS="1397"
                          CONTENT="iudicium"/>
                  <SP HEIGHT="52" WIDTH="13" VPOS="2290" HPOS="1551"/>
                  <String HEIGHT="52" WIDTH="77" VPOS="2290" HPOS="1513" CONTENT="si"/>
                  <SP HEIGHT="52" WIDTH="13" VPOS="2290" HPOS="1590"/>
                  <String HEIGHT="52"
                          WIDTH="129"
                          VPOS="2290"
                          HPOS="1551"
                          CONTENT="semper"/>
                  <SP HEIGHT="52" WIDTH="13" VPOS="2290" HPOS="1680"/>
                  <String HEIGHT="52"
                          WIDTH="116"
                          VPOS="2290"
                          HPOS="1641"
                          CONTENT="esset"/>
                  <SP HEIGHT="52" WIDTH="13" VPOS="2290" HPOS="1757"/>
                  <String HEIGHT="52"
                          WIDTH="167"
                          VPOS="2290"
                          HPOS="1719"
                          CONTENT="praesens:"/>
                  <SP HEIGHT="52" WIDTH="13" VPOS="2290" HPOS="1886"/>
                  <String HEIGHT="52"
                          WIDTH="129"
                          VPOS="2290"
                          HPOS="1848"
                          CONTENT="semper"/>
                  <SP HEIGHT="52" WIDTH="13" VPOS="2290" HPOS="1976"/>
                  <String HEIGHT="52"
                          WIDTH="90"
                          VPOS="2290"
                          HPOS="1925"
                          CONTENT="esset"/>
               </TextLine>
               <TextLine ID="r2l95"
                         BASELINE="2383"
                         HEIGHT="52"
                         WIDTH="788"
                         VPOS="2331"
                         HPOS="1238">
                  <String HEIGHT="52" WIDTH="79" VPOS="2331" HPOS="1225" CONTENT="de"/>
                  <SP HEIGHT="52" WIDTH="13" VPOS="2331" HPOS="1304"/>
                  <String HEIGHT="52" WIDTH="79" VPOS="2331" HPOS="1264" CONTENT="eo"/>
                  <SP HEIGHT="52" WIDTH="13" VPOS="2331" HPOS="1343"/>
                  <String HEIGHT="52"
                          WIDTH="158"
                          VPOS="2331"
                          HPOS="1304"
                          CONTENT="scientia"/>
                  <SP HEIGHT="52" WIDTH="13" VPOS="2331" HPOS="1461"/>
                  <String HEIGHT="52"
                          WIDTH="92"
                          VPOS="2331"
                          HPOS="1422"
                          CONTENT="sed"/>
                  <SP HEIGHT="52" WIDTH="13" VPOS="2331" HPOS="1514"/>
                  <String HEIGHT="52"
                          WIDTH="92"
                          VPOS="2331"
                          HPOS="1474"
                          CONTENT="non"/>
                  <SP HEIGHT="52" WIDTH="13" VPOS="2331" HPOS="1566"/>
                  <String HEIGHT="52"
                          WIDTH="223"
                          VPOS="2331"
                          HPOS="1527"
                          CONTENT="praescientia."/>
                  <SP HEIGHT="52" WIDTH="13" VPOS="2331" HPOS="1750"/>
                  <String HEIGHT="52"
                          WIDTH="92"
                          VPOS="2331"
                          HPOS="1711"
                          CONTENT="Sed"/>
                  <SP HEIGHT="52" WIDTH="13" VPOS="2331" HPOS="1803"/>
                  <String HEIGHT="52"
                          WIDTH="144"
                          VPOS="2331"
                          HPOS="1763"
                          CONTENT="quoniam"/>
                  <SP HEIGHT="52" WIDTH="13" VPOS="2331" HPOS="1908"/>
                  <String HEIGHT="52"
                          WIDTH="144"
                          VPOS="2331"
                          HPOS="1868"
                          CONTENT="futurum"/>
                  <SP HEIGHT="52" WIDTH="13" VPOS="2331" HPOS="2013"/>
                  <String HEIGHT="52"
                          WIDTH="66"
                          VPOS="2331"
                          HPOS="1960"
                          CONTENT="est"/>
               </TextLine>
               <TextLine ID="r2l97"
                         BASELINE="2441"
                         HEIGHT="66"
                         WIDTH="784"
                         VPOS="2375"
                         HPOS="1245">
                  <String HEIGHT="66"
                          WIDTH="106"
                          VPOS="2375"
                          HPOS="1230"
                          CONTENT="deo"/>
                  <SP HEIGHT="66" WIDTH="15" VPOS="2375" HPOS="1335"/>
                  <String HEIGHT="66"
                          WIDTH="121"
                          VPOS="2375"
                          HPOS="1290"
                          CONTENT="eius"/>
                  <SP HEIGHT="66" WIDTH="15" VPOS="2375" HPOS="1411"/>
                  <String HEIGHT="66"
                          WIDTH="166"
                          VPOS="2375"
                          HPOS="1366"
                          CONTENT="noticia"/>
                  <SP HEIGHT="66" WIDTH="15" VPOS="2375" HPOS="1531"/>
                  <String HEIGHT="66"
                          WIDTH="166"
                          VPOS="2375"
                          HPOS="1486"
                          CONTENT="dicitur"/>
                  <SP HEIGHT="66" WIDTH="15" VPOS="2375" HPOS="1652"/>
                  <String HEIGHT="66"
                          WIDTH="241"
                          VPOS="2375"
                          HPOS="1607"
                          CONTENT="prescientia."/>
                  <SP HEIGHT="66" WIDTH="15" VPOS="2375" HPOS="1848"/>
                  <String HEIGHT="66" WIDTH="75" VPOS="2375" HPOS="1803" CONTENT="a"/>
                  <SP HEIGHT="66" WIDTH="15" VPOS="2375" HPOS="1878"/>
                  <String HEIGHT="66"
                          WIDTH="106"
                          VPOS="2375"
                          HPOS="1833"
                          CONTENT="pre"/>
                  <SP HEIGHT="66" WIDTH="15" VPOS="2375" HPOS="1939"/>
                  <String HEIGHT="66"
                          WIDTH="121"
                          VPOS="2375"
                          HPOS="1893"
                          CONTENT="quod"/>
                  <SP HEIGHT="66" WIDTH="15" VPOS="2375" HPOS="2014"/>
                  <String HEIGHT="66"
                          WIDTH="75"
                          VPOS="2375"
                          HPOS="1954"
                          CONTENT="est"/>
               </TextLine>
               <TextLine ID="r2l99"
                         BASELINE="2479"
                         HEIGHT="60"
                         WIDTH="328"
                         VPOS="2419"
                         HPOS="1236">
                  <String HEIGHT="60"
                          WIDTH="164"
                          VPOS="2419"
                          HPOS="1218"
                          CONTENT="ante."/>
                  <SP HEIGHT="60" WIDTH="18" VPOS="2419" HPOS="1382"/>
                  <String HEIGHT="60"
                          WIDTH="128"
                          VPOS="2419"
                          HPOS="1327"
                          CONTENT="Hec"/>
                  <SP HEIGHT="60" WIDTH="18" VPOS="2419" HPOS="1455"/>
                  <String HEIGHT="60"
                          WIDTH="182"
                          VPOS="2419"
                          HPOS="1382"
                          CONTENT="Bonauen."/>
               </TextLine>
               <TextLine ID="r2l101"
                         BASELINE="2538"
                         HEIGHT="79"
                         WIDTH="709"
                         VPOS="2459"
                         HPOS="1312">
                  <String HEIGHT="79" WIDTH="81" VPOS="2459" HPOS="1292" CONTENT=""/>
                  <SP HEIGHT="79" WIDTH="20" VPOS="2459" HPOS="1373"/>
                  <String HEIGHT="79"
                          WIDTH="142"
                          VPOS="2459"
                          HPOS="1312"
                          CONTENT="Sed"/>
                  <SP HEIGHT="79" WIDTH="20" VPOS="2459" HPOS="1454"/>
                  <String HEIGHT="79"
                          WIDTH="122"
                          VPOS="2459"
                          HPOS="1393"
                          CONTENT="an"/>
                  <SP HEIGHT="79" WIDTH="20" VPOS="2459" HPOS="1515"/>
                  <String HEIGHT="79"
                          WIDTH="122"
                          VPOS="2459"
                          HPOS="1454"
                          CONTENT="in"/>
                  <SP HEIGHT="79" WIDTH="20" VPOS="2459" HPOS="1575"/>
                  <String HEIGHT="79"
                          WIDTH="142"
                          VPOS="2459"
                          HPOS="1515"
                          CONTENT="deo"/>
                  <SP HEIGHT="79" WIDTH="20" VPOS="2459" HPOS="1656"/>
                  <String HEIGHT="79"
                          WIDTH="223"
                          VPOS="2459"
                          HPOS="1596"
                          CONTENT="fuisset"/>
                  <SP HEIGHT="79" WIDTH="20" VPOS="2459" HPOS="1818"/>
                  <String HEIGHT="79"
                          WIDTH="284"
                          VPOS="2459"
                          HPOS="1737"
                          CONTENT="praescientia"/>
               </TextLine>
               <TextLine ID="r2l104"
                         BASELINE="2586"
                         HEIGHT="61"
                         WIDTH="787"
                         VPOS="2525"
                         HPOS="1228">
                  <String HEIGHT="61"
                          WIDTH="183"
                          VPOS="2525"
                          HPOS="1214"
                          CONTENT="futurorum"/>
                  <SP HEIGHT="61" WIDTH="14" VPOS="2525" HPOS="1397"/>
                  <String HEIGHT="61" WIDTH="84" VPOS="2525" HPOS="1354" CONTENT="si"/>
                  <SP HEIGHT="61" WIDTH="14" VPOS="2525" HPOS="1439"/>
                  <String HEIGHT="61"
                          WIDTH="126"
                          VPOS="2525"
                          HPOS="1397"
                          CONTENT="nulla"/>
                  <SP HEIGHT="61" WIDTH="14" VPOS="2525" HPOS="1523"/>
                  <String HEIGHT="61"
                          WIDTH="141"
                          VPOS="2525"
                          HPOS="1481"
                          CONTENT="forent"/>
                  <SP HEIGHT="61" WIDTH="14" VPOS="2525" HPOS="1622"/>
                  <String HEIGHT="61"
                          WIDTH="155"
                          VPOS="2525"
                          HPOS="1579"
                          CONTENT="futura:"/>
                  <SP HEIGHT="61" WIDTH="14" VPOS="2525" HPOS="1734"/>
                  <String HEIGHT="61" WIDTH="84" VPOS="2525" HPOS="1692" CONTENT="De"/>
                  <SP HEIGHT="61" WIDTH="14" VPOS="2525" HPOS="1776"/>
                  <String HEIGHT="61"
                          WIDTH="112"
                          VPOS="2525"
                          HPOS="1734"
                          CONTENT="ista"/>
                  <SP HEIGHT="61" WIDTH="14" VPOS="2525" HPOS="1846"/>
                  <String HEIGHT="61"
                          WIDTH="183"
                          VPOS="2525"
                          HPOS="1804"
                          CONTENT="exigentia"/>
                  <SP HEIGHT="61" WIDTH="14" VPOS="2525" HPOS="1987"/>
                  <String HEIGHT="61"
                          WIDTH="84"
                          VPOS="2525"
                          HPOS="1931"
                          CONTENT="prae"/>
               </TextLine>
               <TextLine ID="r2l106"
                         BASELINE="2625"
                         HEIGHT="50"
                         WIDTH="776"
                         VPOS="2575"
                         HPOS="1236">
                  <String HEIGHT="50"
                          WIDTH="118"
                          VPOS="2575"
                          HPOS="1224"
                          CONTENT="scetie"/>
                  <SP HEIGHT="50" WIDTH="12" VPOS="2575" HPOS="1342"/>
                  <String HEIGHT="50"
                          WIDTH="141"
                          VPOS="2575"
                          HPOS="1307"
                          CONTENT="magister"/>
                  <SP HEIGHT="50" WIDTH="12" VPOS="2575" HPOS="1448"/>
                  <String HEIGHT="50" WIDTH="71" VPOS="2575" HPOS="1412" CONTENT="in"/>
                  <SP HEIGHT="50" WIDTH="12" VPOS="2575" HPOS="1483"/>
                  <String HEIGHT="50"
                          WIDTH="106"
                          VPOS="2575"
                          HPOS="1448"
                          CONTENT="primo"/>
                  <SP HEIGHT="50" WIDTH="12" VPOS="2575" HPOS="1553"/>
                  <String HEIGHT="50"
                          WIDTH="82"
                          VPOS="2575"
                          HPOS="1518"
                          CONTENT="di."/>
                  <SP HEIGHT="50" WIDTH="12" VPOS="2575" HPOS="1600"/>
                  <String HEIGHT="50"
                          WIDTH="106"
                          VPOS="2575"
                          HPOS="1565"
                          CONTENT="xxxv."/>
                  <SP HEIGHT="50" WIDTH="12" VPOS="2575" HPOS="1671"/>
                  <String HEIGHT="50"
                          WIDTH="118"
                          VPOS="2575"
                          HPOS="1636"
                          CONTENT="arguit"/>
                  <SP HEIGHT="50" WIDTH="12" VPOS="2575" HPOS="1753"/>
                  <String HEIGHT="50"
                          WIDTH="94"
                          VPOS="2575"
                          HPOS="1718"
                          CONTENT="sic."/>
                  <SP HEIGHT="50" WIDTH="12" VPOS="2575" HPOS="1812"/>
                  <String HEIGHT="50"
                          WIDTH="176"
                          VPOS="2575"
                          HPOS="1777"
                          CONTENT="Prescientia"/>
                  <SP HEIGHT="50" WIDTH="12" VPOS="2575" HPOS="1953"/>
                  <String HEIGHT="50"
                          WIDTH="106"
                          VPOS="2575"
                          HPOS="1906"
                          CONTENT="dicitur"/>
               </TextLine>
               <TextLine ID="r2l108"
                         BASELINE="2669"
                         HEIGHT="53"
                         WIDTH="787"
                         VPOS="2616"
                         HPOS="1236">
                  <String HEIGHT="53"
                          WIDTH="97"
                          VPOS="2616"
                          HPOS="1222"
                          CONTENT="per"/>
                  <SP HEIGHT="53" WIDTH="14" VPOS="2616" HPOS="1319"/>
                  <String HEIGHT="53"
                          WIDTH="179"
                          VPOS="2616"
                          HPOS="1277"
                          CONTENT="respectum"/>
                  <SP HEIGHT="53" WIDTH="14" VPOS="2616" HPOS="1457"/>
                  <String HEIGHT="53" WIDTH="83" VPOS="2616" HPOS="1415" CONTENT="ad"/>
                  <SP HEIGHT="53" WIDTH="14" VPOS="2616" HPOS="1498"/>
                  <String HEIGHT="53"
                          WIDTH="152"
                          VPOS="2616"
                          HPOS="1457"
                          CONTENT="futura."/>
                  <SP HEIGHT="53" WIDTH="14" VPOS="2616" HPOS="1609"/>
                  <String HEIGHT="53"
                          WIDTH="110"
                          VPOS="2616"
                          HPOS="1567"
                          CONTENT="quia"/>
                  <SP HEIGHT="53" WIDTH="14" VPOS="2616" HPOS="1678"/>
                  <String HEIGHT="53"
                          WIDTH="179"
                          VPOS="2616"
                          HPOS="1636"
                          CONTENT="praescaia"/>
                  <SP HEIGHT="53" WIDTH="14" VPOS="2616" HPOS="1816"/>
                  <String HEIGHT="53"
                          WIDTH="97"
                          VPOS="2616"
                          HPOS="1774"
                          CONTENT="est"/>
                  <SP HEIGHT="53" WIDTH="14" VPOS="2616" HPOS="1871"/>
                  <String HEIGHT="53"
                          WIDTH="179"
                          VPOS="2616"
                          HPOS="1830"
                          CONTENT="futurorum"/>
                  <SP HEIGHT="53" WIDTH="14" VPOS="2616" HPOS="2009"/>
                  <String HEIGHT="53"
                          WIDTH="69"
                          VPOS="2616"
                          HPOS="1954"
                          CONTENT="no"
                          SUBS_TYPE="HypPart1"
                          SUBS_CONTENT="noticia."/>
                  <HYP CONTENT="-"/>
               </TextLine>
               <TextLine ID="r2l110"
                         BASELINE="2708"
                         HEIGHT="50"
                         WIDTH="775"
                         VPOS="2658"
                         HPOS="1240">
                  <String HEIGHT="50"
                          WIDTH="131"
                          VPOS="2658"
                          HPOS="1227"
                          CONTENT="ticia."
                          SUBS_TYPE="HypPart2"
                          SUBS_CONTENT="noticia."/>
                  <SP HEIGHT="50" WIDTH="13" VPOS="2658" HPOS="1358"/>
                  <String HEIGHT="50"
                          WIDTH="105"
                          VPOS="2658"
                          HPOS="1319"
                          CONTENT="ergo"/>
                  <SP HEIGHT="50" WIDTH="13" VPOS="2658" HPOS="1424"/>
                  <String HEIGHT="50" WIDTH="79" VPOS="2658" HPOS="1384" CONTENT="si"/>
                  <SP HEIGHT="50" WIDTH="13" VPOS="2658" HPOS="1463"/>
                  <String HEIGHT="50"
                          WIDTH="118"
                          VPOS="2658"
                          HPOS="1424"
                          CONTENT="nulla"/>
                  <SP HEIGHT="50" WIDTH="13" VPOS="2658" HPOS="1542"/>
                  <String HEIGHT="50"
                          WIDTH="131"
                          VPOS="2658"
                          HPOS="1503"
                          CONTENT="essent"/>
                  <SP HEIGHT="50" WIDTH="13" VPOS="2658" HPOS="1634"/>
                  <String HEIGHT="50"
                          WIDTH="131"
                          VPOS="2658"
                          HPOS="1595"
                          CONTENT="futura"/>
                  <SP HEIGHT="50" WIDTH="13" VPOS="2658" HPOS="1726"/>
                  <String HEIGHT="50" WIDTH="79" VPOS="2658" HPOS="1687" CONTENT="eo"/>
                  <SP HEIGHT="50" WIDTH="13" VPOS="2658" HPOS="1765"/>
                  <String HEIGHT="50"
                          WIDTH="105"
                          VPOS="2658"
                          HPOS="1726"
                          CONTENT="quod"/>
                  <SP HEIGHT="50" WIDTH="13" VPOS="2658" HPOS="1831"/>
                  <String HEIGHT="50"
                          WIDTH="131"
                          VPOS="2658"
                          HPOS="1792"
                          CONTENT="potuit"/>
                  <SP HEIGHT="50" WIDTH="13" VPOS="2658" HPOS="1923"/>
                  <String HEIGHT="50"
                          WIDTH="105"
                          VPOS="2658"
                          HPOS="1884"
                          CONTENT="deus"/>
                  <SP HEIGHT="50" WIDTH="13" VPOS="2658" HPOS="1989"/>
                  <String HEIGHT="50"
                          WIDTH="79"
                          VPOS="2658"
                          HPOS="1936"
                          CONTENT="quod"/>
               </TextLine>
               <TextLine ID="r2l112"
                         BASELINE="2753"
                         HEIGHT="53"
                         WIDTH="784"
                         VPOS="2700"
                         HPOS="1228">
                  <String HEIGHT="53"
                          WIDTH="84"
                          VPOS="2700"
                          HPOS="1216"
                          CONTENT="nil"/>
                  <SP HEIGHT="53" WIDTH="12" VPOS="2700" HPOS="1300"/>
                  <String HEIGHT="53"
                          WIDTH="133"
                          VPOS="2700"
                          HPOS="1264"
                          CONTENT="crearet"/>
                  <SP HEIGHT="53" WIDTH="12" VPOS="2700" HPOS="1397"/>
                  <String HEIGHT="53"
                          WIDTH="145"
                          VPOS="2700"
                          HPOS="1361"
                          CONTENT="sequitur"/>
                  <SP HEIGHT="53" WIDTH="12" VPOS="2700" HPOS="1505"/>
                  <String HEIGHT="53"
                          WIDTH="96"
                          VPOS="2700"
                          HPOS="1469"
                          CONTENT="quod"/>
                  <SP HEIGHT="53" WIDTH="12" VPOS="2700" HPOS="1566"/>
                  <String HEIGHT="53" WIDTH="72" VPOS="2700" HPOS="1530" CONTENT="in"/>
                  <SP HEIGHT="53" WIDTH="12" VPOS="2700" HPOS="1602"/>
                  <String HEIGHT="53"
                          WIDTH="84"
                          VPOS="2700"
                          HPOS="1566"
                          CONTENT="deo"/>
                  <SP HEIGHT="53" WIDTH="12" VPOS="2700" HPOS="1650"/>
                  <String HEIGHT="53"
                          WIDTH="109"
                          VPOS="2700"
                          HPOS="1614"
                          CONTENT="nulla"/>
                  <SP HEIGHT="53" WIDTH="12" VPOS="2700" HPOS="1723"/>
                  <String HEIGHT="53"
                          WIDTH="109"
                          VPOS="2700"
                          HPOS="1686"
                          CONTENT="esset"/>
                  <SP HEIGHT="53" WIDTH="12" VPOS="2700" HPOS="1795"/>
                  <String HEIGHT="53"
                          WIDTH="157"
                          VPOS="2700"
                          HPOS="1759"
                          CONTENT="praesacia"/>
                  <SP HEIGHT="53" WIDTH="12" VPOS="2700" HPOS="1916"/>
                  <String HEIGHT="53" WIDTH="72" VPOS="2700" HPOS="1879" CONTENT="ab"/>
                  <SP HEIGHT="53" WIDTH="12" VPOS="2700" HPOS="1952"/>
                  <String HEIGHT="53"
                          WIDTH="109"
                          VPOS="2700"
                          HPOS="1903"
                          CONTENT="aeterno"/>
               </TextLine>
            </TextBlock>
         </PrintSpace>
      </Page>
   </Layout>
</alto>
