2295 3309
225 301 141 74 scilicet
331 301 82 74 di.
378 301 94 74 xii.
437 301 106 74 primi
507 301 129 74 concor.
601 301 164 74 Scotorlis.
730 301 94 74 quod
789 301 70 74 in
824 301 94 74 ista
871 301 153 74 productione

232 369 159 56 possunt
347 369 130 56 pater
434 369 87 56 et
478 369 145 56 filius
579 369 217 56 tripliciter
753 369 232 56 considerari.
927 369 101 56 Primo

245 410 110 48 modo
314 410 151 48 quantum
424 410 83 48 ad
466 410 193 48 voluntatem
617 410 165 48 fecundam
741 410 83 48 et
782 410 207 48 spirationem
934 410 96 48 acti-

242 452 104 50 uam.
307 452 78 50 et
346 452 91 50 sic
399 452 170 50 producunt
529 452 78 50 vt
568 452 104 50 vnum
633 452 183 50 principium
777 452 104 50 quia
842 452 131 50 eandem
921 452 104 50 volun-

234 497 135 52 tatem
324 497 90 52 et
369 497 224 52 spirationem
548 497 165 52 habent.
668 497 165 52 Secundo
788 497 120 52 modo
862 497 165 52 quantum
967 497 60 52 ad

237 539 163 50 productum.
366 539 70 50 Et
401 539 82 50 sic
447 539 93 50 idem
505 539 140 50 producun
610 539 140 50 scilicet
715 539 140 50 spiritum
820 539 140 50 sanctum.
925 539 93 50 vnde
972 539 58 50 sic

244 586 128 40 actus
329 586 171 40 spirandi
458 586 200 40 terminatur
614 586 86 40 in
657 586 128 40 vnum.
743 586 143 40 Itaque
843 586 128 40 istis
914 586 114 40 duobus

251 619 117 51 modis
329 619 117 51 pater
407 619 78 51 et
446 619 130 51 filius
537 619 195 51 vniformiter
693 619 104 51 sunt
758 619 182 51 principium
888 619 143 51 spiritus-

236 662 142 44 sancti.
340 662 129 44 Tertio
430 662 103 44 modo
495 662 142 44 possunt
598 662 194 44 considerari
753 662 142 44 quantum
857 662 78 44 ad
883 662 142 44 supposita

237 706 186 52 producentia
386 706 99 52 quae
448 706 112 52 varie
522 706 74 52 se
559 706 124 52 habent
646 706 74 52 in
683 706 99 52 modo
746 706 186 52 producendi.
894 706 74 52 et
932 706 87 52 sic
969 706 62 52 non

242 751 197 46 vniformiter
400 751 105 46 sunt
465 751 184 46 principium
610 751 158 46 spiritus
729 751 145 46 sancti.
834 751 92 46 sed
873 751 145 46 distincto

245 790 120 47 modo.
325 790 107 47 quia
391 790 120 47 pater
471 790 67 47 a
498 790 80 47 se
538 790 120 47 habet
618 790 173 47 producere
751 790 93 47 vel
805 790 147 47 spirare
911 790 80 47 et
938 790 80 47 fili

254 833 84 47 us
296 833 127 47 habet
381 833 70 47 a
409 833 141 47 patre.
507 833 99 47 Sed
564 833 99 47 hoc
620 833 99 47 non
676 833 127 47 facit
761 833 197 47 varietatem
915 833 84 47 in
944 833 84 47 vni-

236 870 106 57 tate
302 870 186 57 principii.
448 870 93 57 sed
501 870 80 57 in
541 870 106 57 modo
607 870 159 57 habendi.
726 870 93 57 Hec
779 870 80 57 ex
819 870 186 57 praedictis
951 870 80 57 doc.

240 910 73 55 ¶
270 910 175 55 Exemplum
401 910 175 55 secundum
533 910 175 55 aliquos.
664 910 117 55 Luna
738 910 161 55 accipit
855 910 117 55 lume
928 910 73 55 a
942 910 88 55 sole

239 954 83 51 Et
281 954 139 51 posito
378 954 111 51 casu
448 954 111 51 quod
517 954 97 51 sol
573 954 125 51 totam
656 954 111 51 suam
725 954 111 51 luce
795 954 83 51 et
837 954 139 51 eandem
934 954 83 51 in
962 954 69 51 nu-

251 998 106 49 mero
317 998 106 49 quam
383 998 146 49 haberet
489 998 106 49 sol:
555 998 212 49 communicaret
728 998 106 49 lune
794 998 106 49 Tunc
860 998 106 49 luna
913 998 106 49 lucens

240 1039 89 50 in
285 1039 133 50 nocte
373 1039 133 50 eadem
462 1039 89 50 et
506 1039 104 50 vna
566 1039 251 50 illuminatione
773 1039 104 50 vel
832 1039 118 50 luce
891 1039 133 50 illumia

242 1085 91 46 ret
294 1085 129 46 aerem.
384 1085 103 46 quae
449 1085 91 46 sol
501 1085 129 46 lucens
591 1085 78 46 in
630 1085 103 46 die.
695 1085 116 46 licet
772 1085 91 46 non
824 1085 194 46 vniformiter
966 1085 65 46 ha-

248 1126 131 49 berent
340 1126 131 49 facere
432 1126 118 49 talem
510 1126 236 49 illuinationem.
707 1126 105 49 quia
773 1126 92 49 sol
825 1126 197 49 illuminaret
969 1126 66 49 lu-

252 1165 88 51 ce
296 1165 73 51 a
326 1165 88 51 se
370 1165 206 51 originata.
531 1165 103 51 sed
590 1165 118 51 luna
664 1165 118 51 luce
737 1165 162 51 accepta
855 1165 73 51 a
884 1165 132 51 sole.
958 1165 73 51 sic

251 1207 82 63 in
279 1207 164 63 proposito.

239 1242 114 81 ¶
285 1242 114 81 n
331 1242 206 81 pater
468 1242 137 81 et
536 1242 228 81 filius
696 1242 274 81 dicantur
879 1242 137 81 vnum

253 1311 171 51 principium
387 1311 146 51 spiritus
497 1311 122 51 sancti
582 1311 195 51 intelligendo
740 1311 183 51 formaliter:
875 1311 158 51 Respondetur

247 1354 147 50 secundum
357 1354 98 50 Fran
419 1354 123 50 mayro.
505 1354 74 50 in
542 1354 147 50 conflat.
652 1354 111 50 primi
726 1354 86 50 di.
775 1354 98 50 xii.
837 1354 74 50 q.
874 1354 74 50 i.
910 1354 98 50 quod
960 1354 61 50 non

242 1398 196 50 formaliter
396 1398 98 50 sed
452 1398 182 50 identice:
592 1398 126 50 pater
677 1398 84 50 et
719 1398 140 50 filius
817 1398 112 50 sunt
887 1398 112 50 vnum
943 1398 98 50 prin-

250 1442 119 52 cipium
333 1442 83 52 quo
381 1442 143 52 spiritus
488 1442 131 52 sancti.
583 1442 83 52 non
631 1442 107 52 autem
703 1442 95 52 vnum
762 1442 167 52 principium
893 1442 107 52 quod.
953 1442 71 52 quae

247 1493 88 46 no
291 1493 117 46 sunt
364 1493 117 46 vnum
437 1493 205 46 suppositum
598 1493 102 46 vel
657 1493 102 46 vna
715 1493 175 46 persona.
847 1493 102 46 sed
905 1493 117 46 due.
964 1493 58 46 vn

256 1522 89 47 idem
312 1522 100 47 Fran.
378 1522 100 47 dicit
445 1522 89 47 quod
501 1522 100 47 pater
568 1522 111 47 filius
646 1522 67 47 et
679 1522 134 47 spiritus
780 1522 123 47 sanctus
869 1522 134 47 respectu
958 1522 78 47 crea-

254 1563 115 52 ture
325 1563 115 52 sunt
397 1563 172 52 identice
526 1563 115 52 vnum
598 1563 201 52 principium
756 1563 115 52 quo.
827 1563 115 52 quia
885 1563 143 52 voluntas

246 1605 147 43 diuina
349 1605 103 43 est
408 1605 206 43 principium
570 1605 103 43 quo
629 1605 192 43 creature.
777 1605 103 43 Ipa
836 1605 133 43 autem
909 1605 118 43 volun-

247 1652 77 52 tas
291 1652 120 52 dicitur
378 1652 131 52 identice
477 1652 66 52 de
510 1652 98 52 patre
575 1652 66 52 et
608 1652 98 52 filio
674 1652 66 52 et
707 1652 120 52 spiritu
794 1652 120 52 sancto.
882 1652 77 52 nam
926 1652 98 52 pater
980 1652 55 52 est

263 1697 165 45 voluntas
387 1697 138 45 diuina
483 1697 124 45 sicut
566 1697 83 45 et
607 1697 165 45 essentia
731 1697 110 45 est.
800 1697 83 45 et
841 1697 138 45 filius
938 1697 96 45 est
979 1697 55 45 vo

254 1732 130 50 luntas
345 1732 78 50 et
384 1732 156 50 spiritus
501 1732 143 50 sanctus
605 1732 91 50 est
657 1732 169 50 voluntas.
787 1732 78 50 et
826 1732 117 50 eadem
904 1732 130 50 numero
982 1732 52 50 si

243 1773 125 62 cut
315 1773 232 62 essentia.
493 1773 125 62 Hec
564 1773 161 62 Fran.
671 1773 89 62 ¶
707 1773 125 62 Sed
778 1773 196 62 diceres
903 1773 125 62 exquo

261 1816 144 54 spiritus
369 1816 132 54 sanctus
465 1816 144 54 identice
573 1816 84 54 est
621 1816 96 54 idem
680 1816 84 54 cum
728 1816 72 54 vi
764 1816 168 54 productiua
896 1816 108 54 filii
956 1816 84 54 sicut

255 1860 73 45 et
291 1860 110 45 pater
365 1860 73 45 et
401 1860 85 45 cum
450 1860 73 45 vi
487 1860 171 45 productiua
621 1860 85 45 sui
670 1860 73 45 id
706 1860 85 45 est
755 1860 171 45 spiratiua.
890 1860 110 45 sicut
951 1860 85 45 pater

253 1905 83 42 et
295 1905 138 42 filius
391 1905 110 42 sunt
460 1905 110 42 idem
529 1905 83 42 in
571 1905 179 42 voluntate
709 1905 83 42 et
750 1905 166 42 essentia
874 1905 83 42 ac
902 1905 138 42 potentia

259 1943 99 54 Quare
325 1943 88 54 ergo
380 1943 77 54 non
424 1943 110 54 potest
501 1943 88 54 dici
556 1943 132 54 identice
654 1943 88 54 quod
709 1943 132 54 spiritus
808 1943 121 54 sanctus
896 1943 77 54 sit
929 1943 99 54 princi-

261 1989 100 49 pium
324 1989 113 49 filii
399 1989 75 49 et
437 1989 88 49 sui
487 1989 138 49 ipsius:
587 1989 163 49 Respondet
712 1989 100 49 idem
775 1989 113 49 Fran.
850 1989 100 49 quod
900 1989 125 49 addendum

249 2029 83 55 est
297 2029 71 55 et
332 2029 202 55 intelligendum
499 2029 95 55 quod
558 2029 83 55 per
606 2029 107 55 illud
677 2029 166 55 principium
808 2029 83 55 quo
856 2029 95 55 ipsi
903 2029 131 55 principi-

258 2073 86 52 ant
307 2073 148 52 identice
418 2073 99 52 sunt
480 2073 99 52 vnum
541 2073 185 52 principium.
690 2073 74 52 Et
727 2073 148 52 secundum
838 2073 111 52 illud
899 2073 136 52 principi-

252 2110 78 47 um
291 2110 90 47 qua
343 2110 207 47 principiant:
510 2110 103 47 sunt
575 2110 194 47 simpliciter
730 2110 103 47 vnum
795 2110 181 47 principium
924 2110 116 47 creatu-

251 2159 98 49 re.
307 2159 98 49 Sic
363 2159 84 49 in
405 2159 182 49 proposito
545 2159 70 49 ¶
573 2159 98 49 Uel
629 2159 140 49 potest
726 2159 112 49 dici
796 2159 112 49 quod
866 2159 168 49 voluntas
978 2159 56 49 in

257 2195 113 64 spiritu
339 2195 103 64 sancto
411 2195 62 64 vt
442 2195 72 64 sic
483 2195 72 64 non
524 2195 72 64 est
566 2195 113 64 fecunda
648 2195 93 64 sicut
710 2195 72 64 est
751 2195 62 64 in
782 2195 93 64 patre
843 2195 62 64 et
874 2195 103 64 filio.
946 2195 82 64 ergo
988 2195 51 64 etc

304 2262 85 83 ¶
338 2262 153 83 Utrum
440 2262 239 83 concedatur
628 2262 136 83 quod
713 2262 119 83 pat
781 2262 102 83 et
832 2262 170 83 filius
935 2262 102 83 sint

261 2331 81 55 idem
312 2331 142 55 principium
423 2331 122 55 spiritus
514 2331 101 55 sancti
585 2331 91 55 sicut
646 2331 61 55 et
676 2331 81 55 vnum
727 2331 152 55 principium.
849 2331 152 55 Respondetur
960 2331 71 55 secur

260 2383 129 49 Guil.
346 2383 86 49 in
389 2383 86 49 i.
432 2383 100 49 di.
489 2383 129 49 xxix.
575 2383 158 49 concor.
690 2383 129 49 Bona.
776 2383 86 49 et
819 2383 129 49 Rich.
905 2383 86 49 ac
934 2383 100 49 Fran-

260 2423 80 54 di.
305 2423 80 54 xi.
351 2423 80 54 et.
397 2423 92 54 xii.
454 2423 195 54 recolligendo.
615 2423 92 54 quod
672 2423 126 54 quamuis
764 2423 92 54 ista
821 2423 160 54 concedatur
935 2423 92 54 omnino

256 2467 69 55 et
290 2467 91 55 sine
347 2467 194 55 distinctione.
507 2467 103 55 pater
576 2467 69 55 et
610 2467 114 55 filius
690 2467 91 55 sunt
747 2467 91 55 vnum
804 2467 160 55 principium
918 2467 126 55 spiritus-

264 2510 127 49 sancti.
357 2510 69 49 eo
391 2510 92 49 quod
449 2510 92 49 vera
507 2510 81 49 est
553 2510 69 49 ad
587 2510 92 49 hunc
645 2510 115 49 sensum
726 2510 92 49 quod
783 2510 104 49 pater
853 2510 69 49 et
887 2510 115 49 filius
956 2510 81 49 eadem

260 2549 161 58 potentia
380 2549 80 58 et
420 2549 80 58 vi
460 2549 187 58 spiratiua.
608 2549 80 58 et
648 2549 120 58 eadem
728 2549 187 58 spiratione
862 2549 174 58 principiant

272 2595 52 51 e
292 2595 136 51 producunt
397 2595 126 51 spiritum
491 2595 126 51 sanctum.
586 2595 73 51 Sed
628 2595 105 51 tantum
701 2595 84 51 ista
753 2595 73 51 non
795 2595 157 51 conceditur.
921 2595 63 51 Pr
952 2595 63 51 et
973 2595 63 51 fili

277 2636 68 49 us
311 2636 90 49 sunt
367 2636 90 49 idem
423 2636 158 49 principium
548 2636 135 49 spiritus
649 2636 124 49 sancti.
739 2636 90 49 quia
796 2636 68 49 ly
830 2636 90 49 idem
886 2636 102 49 notat
942 2636 102 49 identi-

279 2678 105 52 tatem
349 2678 163 52 suppositi.
477 2678 139 52 scilicet
581 2678 186 52 producentis.
732 2678 70 52 et
767 2678 105 52 tamen
837 2678 93 52 sunt
895 2678 81 52 duo
930 2678 116 52 supposi-

275 2723 93 57 ta.
328 2723 107 57 Unde
395 2723 120 57 Guil.
475 2723 134 57 ibidem
568 2723 120 57 dicit
648 2723 107 57 quod
715 2723 107 57 ista
782 2723 160 57 spiratio
902 2723 93 57 est
942 2723 107 57 actiua

1074 323 87 64 qua
1123 323 112 64 pater
1198 323 74 64 et
1235 323 124 64 filius
1322 323 149 64 dicuntur
1434 323 174 64 principium
1570 323 149 64 spiritus
1682 323 137 64 sancti:
1769 323 99 64 potest

1081 377 218 47 tripliciter
1256 377 218 47 considerari
1431 377 102 47 Uno
1489 377 117 47 modo
1562 377 204 47 respectiue
1722 377 87 47 ad
1751 377 117 47 patrem

1076 418 66 47 et
1109 418 110 47 filium
1186 418 121 47 ratione
1274 418 88 47 sui.
1330 418 66 47 Et
1363 418 77 47 sic
1407 418 77 47 di.
1451 418 88 47 xii.
1506 418 110 47 primi.
1583 418 66 47 q.
1616 418 66 47 ii
1649 418 110 47 Istam:
1727 418 99 47 pater
1793 418 66 47 et
1815 418 55 47 fi-

1078 455 123 51 lius
1155 455 123 51 sunt
1232 455 123 51 vnus
1309 455 200 51 spirator.
1463 455 185 51 concedit
1602 455 123 51 Sco.
1679 455 139 51 licet
1756 455 108 51 neget

1076 498 95 48 eam
1131 498 109 48 Tho.
1199 498 150 48 Secundo
1308 498 109 48 modo
1376 498 136 48 potest
1472 498 204 48 considerari
1635 498 123 48 solum
1703 498 164 48 respectiue

1092 539 76 49 ad
1130 539 153 49 spiritum
1245 539 140 49 sanctum
1347 539 114 49 cuius
1423 539 89 49 est
1474 539 191 49 principium.
1626 539 76 49 et
1665 539 89 49 sic
1715 539 114 49 pater
1779 539 89 49 dicun

1090 582 84 44 tur
1138 582 96 44 vnum
1198 582 169 44 principium
1331 582 145 44 spiritus
1439 582 133 44 sancti.
1536 582 108 44 licet
1608 582 84 44 non
1656 582 108 44 idem.
1728 582 120 44 Tertio
1801 582 72 44 modo

1086 632 214 47 consideratur
1260 632 161 47 respectu
1380 632 187 47 vtriusque.
1527 632 94 47 hoc
1581 632 107 47 est:
1648 632 80 47 et
1688 632 161 47 respectu
1795 632 67 47 sup

1090 668 156 52 positorum
1210 668 120 52 patris
1294 668 72 52 et
1329 668 120 52 filii.
1413 668 72 52 et
1449 668 144 52 respectu
1557 668 144 52 spiritus
1665 668 120 52 sancti
1748 668 108 52 Sicut
1808 668 60 52 dum

1087 706 92 50 dico
1145 706 92 50 idem
1203 706 162 50 principium
1330 706 139 50 spiritus
1434 706 127 50 sancti)
1527 706 69 50 Et
1561 706 92 50 quia
1619 706 104 50 pater
1689 706 69 50 et
1723 706 116 50 filius
1793 706 69 50 sunt

1082 753 96 44 duo
1137 753 192 44 supposita.
1288 753 96 44 Ido
1343 753 96 44 non
1397 753 96 44 ita
1452 753 192 44 conceditur
1603 753 123 44 ista.
1685 753 123 44 pater
1767 753 82 44 et
1795 753 68 44 fi-

1094 790 87 49 lius
1148 790 87 49 sunt
1203 790 87 49 idem
1257 790 152 49 principium
1376 790 130 49 spiritus
1474 790 119 49 sancti.
1561 790 98 49 sicut
1626 790 152 49 conceditur
1746 790 87 49 ista
1789 790 76 49 Pater

1086 835 75 47 et
1124 835 125 47 filius
1212 835 100 47 sunt
1275 835 100 47 vnum
1337 835 176 47 principium
1475 835 150 47 spiritus
1588 835 138 47 sancti.
1688 835 88 47 Hec
1739 835 113 47 Guil.
1801 835 63 47 Nam

1089 874 142 49 secundum
1196 874 142 49 Bonauem.
1302 874 178 49 sequeretur.
1444 874 107 49 pater
1516 874 71 49 et
1551 874 118 49 filius
1634 874 95 49 sunt
1693 874 95 49 idem
1741 874 118 49 principi

1079 921 70 64 uiu
1119 921 120 64 spiritus
1209 921 110 64 sancti.
1289 921 80 64 ergo
1339 921 60 64 se
1369 921 90 64 idem.
1429 921 90 64 sicut
1488 921 70 64 pe.
1528 921 60 64 et
1558 921 70 64 pa.
1598 921 80 64 sunt
1648 921 80 64 idem
1698 921 90 64 homo.
1758 921 80 64 ergo
1798 921 70 64 idem.

1108 983 99 69 ¶
1148 983 119 69 An
1207 983 159 69 ista
1307 983 298 69 concedatur.
1545 983 179 69 pater
1664 983 119 69 et
1704 983 159 69 filius

1093 1027 119 61 sunt
1168 1027 119 61 vnus
1242 1027 179 61 spirator
1376 1027 89 61 vt
1421 1027 119 61 vnum
1495 1027 224 61 principium:
1674 1027 119 61 Tho.
1749 1027 89 61 in
1779 1027 89 61 scri

1096 1085 87 46 pto
1145 1085 112 46 primi
1220 1085 87 46 di.
1269 1085 87 46 xi.
1319 1085 74 46 q.
1356 1085 112 46 iiii.
1430 1085 112 46 dicit
1505 1085 99 46 quod
1567 1085 99 46 sunt
1629 1085 87 46 duo
1678 1085 186 46 spiratores.
1814 1085 50 46 et

1075 1125 101 45 nam
1132 1125 115 45 vnus
1204 1125 187 45 spirator.
1348 1125 101 45 Sed
1406 1125 144 45 doctor
1507 1125 144 45 subti.
1608 1125 101 45 di.
1665 1125 115 45 xii.
1737 1125 86 45 q.
1781 1125 86 45 ii
1809 1125 58 45 Et

1085 1169 106 48 post
1151 1169 93 48 eum
1204 1169 119 48 Guil.
1284 1169 80 48 e.
1324 1169 93 48 di.
1377 1169 106 48 xii.
1443 1169 133 48 dicunt
1536 1169 106 48 quod
1602 1169 186 48 nullatenus
1735 1169 133 48 dicuntur

1081 1204 99 52 duo
1137 1204 212 52 spiratores.
1307 1204 127 52 licet
1392 1204 170 52 dicantur
1519 1204 99 52 duo
1575 1204 198 52 spirantes.
1717 1204 141 52 probatur

1087 1247 111 56 sic.
1156 1247 180 56 Qumcumque
1295 1247 83 56 in
1337 1247 139 56 aliqua
1434 1247 180 56 locutione
1573 1247 111 56 sunt
1642 1247 139 56 aliqua
1725 1247 139 56 adiecti-

1085 1289 101 53 ua.
1142 1289 115 53 illa
1214 1289 144 53 debent
1315 1289 173 53 numerari
1444 1289 86 53 et
1487 1289 187 53 terminari
1631 1289 86 53 ad
1674 1289 158 53 aliquod
1775 1289 86 53 sub-

1087 1333 149 53 stantiuum
1201 1333 91 53 quod
1258 1333 137 53 secundum
1361 1333 69 53 ea
1395 1333 183 53 denominatur.
1544 1333 103 53 patet
1612 1333 57 53 a
1635 1333 103 53 parte
1704 1333 91 53 rei.
1761 1333 80 53 vbi
1795 1333 69 53 acci

1085 1374 112 45 dens
1155 1374 168 45 vltimate
1281 1374 140 45 semper
1380 1374 168 45 requirit
1506 1374 154 45 aliquod
1618 1374 182 45 subiectum
1759 1374 98 45 cui
1801 1374 70 45 in-

1090 1418 141 53 hereat
1188 1418 70 53 e
1217 1418 113 53 quod
1287 1418 183 53 denoinet.
1428 1418 127 53 sicut
1512 1418 183 53 quantitas
1653 1418 169 53 quantum.
1765 1418 99 53 albe-

1094 1458 83 47 do
1136 1458 139 47 album.
1233 1458 97 47 Sic
1289 1458 83 47 et
1331 1458 83 47 in
1372 1458 223 47 locutionibus
1553 1458 195 47 adiectiuum
1706 1458 167 47 requirit
1817 1458 56 47 su

1087 1502 84 58 um
1129 1502 225 58 substantiuum
1312 1502 112 58 quod
1382 1502 197 58 denominet.
1537 1502 70 58 ¶
1565 1502 84 58 Ad
1607 1502 211 58 propositum.
1762 1502 112 58 quando

1081 1543 169 50 dicimus
1204 1543 108 50 duo
1265 1543 215 50 spirantes.
1434 1543 108 50 tam
1495 1543 108 50 duo
1557 1543 123 50 quam
1634 1543 184 50 spirates
1756 1543 108 50 adie-

1094 1595 129 45 ctiua
1180 1595 129 45 sunt.
1266 1595 115 45 ideo
1337 1595 186 45 requirunt
1481 1595 158 45 aliquod
1596 1595 229 45 substantiuum
1768 1595 100 45 subin

1089 1628 168 52 tellectum
1218 1628 103 52 quod
1283 1628 155 52 terminet
1399 1628 116 52 eorum
1477 1628 245 52 significationem
1683 1628 116 52 vicem
1748 1628 116 52 persone

1087 1668 103 55 vel
1146 1668 191 55 supposita
1293 1668 88 55 vt
1337 1668 161 55 dicatur
1454 1668 103 55 duo
1513 1668 191 55 spirantia
1660 1668 191 55 supposita
1792 1668 73 55 seu

1092 1713 103 44 due
1151 1713 162 44 persone
1269 1713 206 44 spirantes.
1431 1713 88 44 et
1475 1713 103 44 hoc
1534 1713 103 44 est
1593 1713 147 44 verum.
1696 1713 147 44 Quando
1785 1713 88 44 vero

1084 1748 123 58 dico
1160 1748 107 58 duo
1222 1748 230 58 spiratores.
1405 1748 92 58 ly
1451 1748 107 58 duo
1513 1748 107 58 est
1574 1748 214 58 adiectiuum
1742 1748 92 58 et
1773 1748 92 58 spi-

1092 1796 135 46 rator
1182 1796 240 46 substantiuum
1377 1796 105 46 vel
1437 1796 225 46 substantiue
1616 1796 165 46 captum.
1736 1796 120 46 Ideo
1796 1796 75 46 dua

1100 1837 112 53 itas
1170 1837 154 53 ponitur
1282 1837 126 53 circa
1365 1837 195 53 principale
1519 1837 223 53 significatum
1686 1837 182 53 spiratoris.

1096 1877 86 50 Et
1139 1877 100 50 hoc
1196 1877 100 50 est
1253 1877 186 50 spiratio.
1396 1877 86 50 Et
1439 1877 100 50 ita
1496 1877 200 50 significat
1653 1877 214 50 spirationem
1810 1877 57 50 in

1096 1926 126 49 patre
1180 1926 84 49 et
1222 1926 126 49 filio
1306 1926 224 49 plurificari:
1489 1926 112 49 quod
1559 1926 98 49 non
1615 1926 98 49 est
1671 1926 140 49 verum.
1755 1926 112 49 Proba-

1084 1965 123 43 tio.
1161 1965 123 43 quia
1237 1965 138 43 pater
1330 1965 92 43 et
1376 1965 154 43 filius
1484 1965 138 43 eadem
1576 1965 215 43 spiratione
1730 1965 138 43 spirant

1090 2006 133 46 spiritum
1189 2006 121 46 sanctum
1278 2006 121 46 tanquam
1366 2006 88 46 vnum
1421 2006 155 46 principium
1543 2006 133 46 spiritus
1642 2006 110 46 sancti
1719 2006 133 46 secundum
1808 2006 66 46 doc.

1097 2048 84 50 Ex
1139 2048 97 50 quo
1195 2048 125 50 patet
1278 2048 111 50 quod
1348 2048 111 50 illi
1417 2048 97 50 qui
1473 2048 139 50 dicunt
1571 2048 111 50 esse
1640 2048 209 50 concedendum
1793 2048 84 50 quod

1096 2089 130 49 pater
1182 2089 87 49 et
1226 2089 145 49 filius
1327 2089 116 49 sunt
1399 2089 101 49 duo
1457 2089 217 49 spiratores.
1630 2089 87 49 vt
1674 2089 130 49 Alex.
1760 2089 87 49 de
1789 2089 87 49 ales

1089 2131 90 47 et
1134 2131 120 47 Tho.
1209 2131 120 47 etc.
1284 2131 135 47 Salua
1374 2131 150 47 semper
1479 2131 210 47 reuerentia
1645 2131 150 47 talium
1750 2131 90 47 et
1780 2131 90 47 tan-

1090 2178 125 46 torum
1174 2178 111 46 doc.
1243 2178 97 46 non
1299 2178 125 46 satis
1382 2178 209 46 inspexerunt
1549 2178 83 46 in
1591 2178 83 46 vi
1633 2178 209 46 terminorum.
1786 2178 97 46 licet

1091 2214 116 48 enim
1163 2214 260 48 irrefragabilis
1380 2214 87 48 et
1423 2214 145 48 sancti
1524 2214 130 48 dicta
1611 2214 116 48 sint
1683 2214 130 48 satis
1755 2214 116 48 auten-

1093 2255 143 46 ticata
1193 2255 86 46 et
1236 2255 157 46 teneant
1350 2255 86 46 in
1393 2255 157 46 materia
1508 2255 157 46 Aristo.
1622 2255 129 46 tamen
1708 2255 100 46 non
1751 2255 129 46 currunt

1094 2298 83 44 in
1136 2298 179 44 huiusmodi
1273 2298 276 44 disputationibus.
1508 2298 110 44 Quod
1577 2298 124 44 autem
1659 2298 152 44 arguunt
1770 2298 83 44 d.
1797 2298 83 44 Hila

1092 2340 120 45 rius
1167 2340 180 45 concedit
1303 2340 120 45 quod
1378 2340 135 45 pater
1468 2340 90 45 et
1513 2340 150 45 filius
1618 2340 120 45 sunt
1694 2340 105 45 duo
1739 2340 135 45 autores

1097 2381 159 51 spiritus
1216 2381 146 51 sancti.
1322 2381 159 51 Dicendum
1442 2381 106 51 quod
1508 2381 120 51 bene.
1588 2381 106 51 quia
1655 2381 106 51 alia
1721 2381 93 51 est
1761 2381 106 51 autori

1104 2417 91 58 tas
1156 2417 144 58 inpatre
1261 2417 78 58 et
1300 2417 104 58 alia
1365 2417 78 58 in
1404 2417 117 58 filio
1482 2417 157 58 respectu
1600 2417 157 58 spiritus
1717 2417 144 58 sancti.
1809 2417 65 58 se-

1098 2473 109 45 cus
1161 2473 93 45 de
1207 2473 233 45 spiratione.
1393 2473 78 45 ¶
1424 2473 109 45 Sed
1486 2473 217 45 obiicitur.
1657 2473 124 45 quia
1734 2473 93 45 si
1765 2473 109 45 pater

1103 2503 83 51 et
1145 2503 138 51 filius
1241 2503 110 51 sunt
1310 2503 110 51 vnus
1379 2503 166 51 spirator
1503 2503 166 51 spiritus
1627 2503 152 51 sancti.
1738 2503 110 51 Tunc
1793 2503 69 51 quo

1092 2549 95 44 ro
1140 2549 127 44 Quis
1219 2549 111 44 est
1282 2549 127 44 iste
1361 2549 142 44 vnus.
1456 2549 111 44 Non
1519 2549 127 44 enim
1598 2549 111 44 est
1662 2549 190 44 persona.
1788 2549 95 44 quia

1088 2594 146 53 pater
1185 2594 97 53 et
1234 2594 162 53 filius
1347 2594 114 53 non
1412 2594 130 53 sunt
1493 2594 114 53 vna
1558 2594 179 53 persona
1688 2594 114 53 sed
1753 2594 114 53 due
1802 2594 81 53 Nec

1087 2637 118 45 est
1155 2637 219 45 essentia.
1323 2637 135 45 quia
1408 2637 118 45 non
1475 2637 186 45 spirat.
1610 2637 219 45 Respondet
1762 2637 118 45 Guil.

1085 2679 156 50 ibidem
1194 2679 125 50 Dico
1272 2679 156 50 inquit
1381 2679 125 50 quod
1459 2679 140 50 sicut
1553 2679 171 50 deitati
1677 2679 109 50 que
1740 2679 109 50 est
1787 2679 93 50 quo:

1089 2721 236 53 respondet
1271 2721 145 53 vnum
1362 2721 145 53 quod
1453 2721 236 53 adequatum
1634 2721 218 53 scilicet
1780 2721 109 53 deus
