2265 3312
204 301 166 63 relatio
325 301 212 63 constituit
491 301 182 63 personam
628 301 91 63 in
673 301 182 63 diuinis.
809 301 121 63 vide
885 301 106 63 vbi
930 301 76 63 No-

215 353 105 59 tio.
280 353 79 59 §.
307 353 52 59 v.

189 382 106 77 ¶
231 382 148 77 Sed
316 382 232 77 quomodo
484 382 253 77 priuatio
674 382 211 77 potest
822 382 169 77 poni
907 382 84 77 in

204 452 120 57 deo:
279 452 105 57 cum
339 452 180 57 priuatio
474 452 135 57 dicat
564 452 210 57 negationem
730 452 90 57 in
775 452 180 57 subiecto
895 452 90 57 apto

212 498 117 53 nato.
290 498 104 53 Deus
355 498 117 53 autem
433 498 143 53 nullius
537 498 117 53 habet
615 498 182 53 negationem
758 498 104 53 quod
823 498 91 53 sit
875 498 117 53 aptum
940 498 52 53 na

215 540 88 45 tum
266 540 126 45 haberi
354 540 75 45 in
391 540 101 45 deo.
454 540 101 45 ergo
517 540 138 45 videtur
618 540 101 45 quod
681 540 151 45 priuatio
794 540 88 45 non
844 540 88 45 est
882 540 113 45 ponenda

209 584 61 52 in
239 584 71 52 deo
280 584 81 52 etc.
330 584 152 52 Respondetur
452 584 132 52 secundum.
553 584 61 52 e.
584 584 91 52 Fran.
645 584 101 52 supra.
715 584 81 52 Quod
766 584 111 52 quamuis
847 584 111 52 propter
918 584 71 52 istam

203 627 162 49 rationem
325 627 135 49 dictam
420 627 135 49 aliqui
515 627 176 49 voluerunt
650 627 149 49 dicere:
758 627 108 49 quod
812 627 176 49 innascibile

212 668 68 49 et
246 668 158 49 ingenitum.
370 668 68 49 et
403 668 147 49 similiter
516 668 68 49 ea
550 668 90 49 quae
606 668 113 49 sonant
685 668 158 49 privatiue:
809 668 79 49 non
854 668 113 49 dicunt
922 668 79 49 prae-

205 708 163 46 uatones
324 708 89 46 in
368 708 119 46 deo.
443 708 104 46 sed
502 708 178 46 positiua
636 708 163 46 quedam.
754 708 89 46 et
799 708 148 46 dicunt
888 708 104 46 omnio

205 752 100 55 non
262 752 115 55 esse
334 752 215 55 priuationem
505 752 172 55 ponendam
634 752 86 55 in
677 752 115 55 deo.
749 752 72 55 ¶
777 752 100 55 Sed
835 752 100 55 hoc
877 752 115 55 inquit

208 791 133 59 Fran.
297 791 103 59 non
356 791 133 59 valet
444 791 162 59 dicere.
562 791 103 59 nec
621 791 147 59 potest
724 791 147 59 stare.
827 791 133 59 Primo
901 791 88 59 quia

212 841 108 44 Aug.
280 841 81 44 v.
321 841 81 44 de
362 841 136 44 trini.
456 841 122 44 dicit
538 841 95 44 Cum
592 841 149 44 dicimus
700 841 136 44 patrem
795 841 176 44 ingenitu:
917 841 68 44 non

206 880 103 53 quid
270 880 90 53 nit
322 880 90 53 sed
373 880 103 53 quid
437 880 90 53 non
489 880 90 53 sit
540 880 193 53 designatur.
694 880 103 53 ergo
759 880 90 53 non
810 880 90 53 est
849 880 141 53 positiuum

206 921 139 55 Secundo
308 921 101 55 quia
371 921 76 55 in
409 921 89 55 deo
460 921 89 55 est
510 921 152 55 carentia
625 921 127 55 finis:
713 921 152 55 secundum
827 921 101 55 quam
878 921 114 55 accipit

213 969 105 48 ratio
283 969 186 48 infinitatis.
434 969 70 48 et
469 969 81 48 sic
516 969 93 48 quod
574 969 151 48 inquantum
690 969 163 48 substantia
818 969 93 48 est:
876 969 81 48 non
911 969 93 48 repugt

206 1005 115 49 deo
271 1005 197 49 aptitudo
419 1005 180 49 finiri.
550 1005 115 49 sed
615 1005 213 49 inquantum
779 1005 164 49 summum
877 1005 115 49 bonum

210 1047 166 45 repugnat.
338 1047 166 45 Similiter
465 1047 102 45 quia
529 1047 102 45 deus
593 1047 140 45 dicitur
695 1047 204 45 incorporeus.
861 1047 128 45 nullus
937 1047 51 45 er

208 1090 86 53 go
251 1090 100 53 pot
308 1090 143 53 negare
408 1090 114 53 quin
479 1090 86 53 in
522 1090 100 53 deo
579 1090 100 53 sit
637 1090 157 53 negatio
751 1090 100 53 vel
808 1090 172 53 carentia
923 1090 71 53 fi-

209 1138 94 43 nis
262 1138 81 43 et
303 1138 121 43 forme
384 1138 202 43 corporalis.
545 1138 108 43 Dico
613 1138 108 43 ergo
680 1138 148 43 inquit:
788 1138 108 43 quod
855 1138 81 43 in
895 1138 94 43 deo
936 1138 67 43 ve-

205 1178 86 52 re
248 1178 115 52 sunt
319 1178 215 52 priuationes
492 1178 144 52 multe:
592 1178 129 52 large
678 1178 187 52 capiendo.
822 1178 129 52 sicut
894 1178 100 52 acci-

209 1216 113 55 pitur
285 1216 163 55 priuatio:
410 1216 100 55 quae
472 1216 113 55 dicit
547 1216 188 55 aptitudinem
698 1216 138 55 ratione
785 1216 213 55 transcendentis.

207 1257 163 53 videlicet
333 1257 113 53 entis
408 1257 88 53 etc
459 1257 63 53 ¶
484 1257 100 53 Unde
546 1257 100 53 idem
609 1257 113 53 Fran.
685 1257 188 53 concludendo
835 1257 126 53 diicit
911 1257 75 53 quod

207 1298 183 57 loquendo
344 1298 92 57 de
390 1298 214 57 priuatione
558 1298 153 57 tribus
665 1298 153 57 primis
772 1298 137 57 modis
864 1298 92 57 in
894 1298 107 57 primo

206 1341 116 60 arti.
283 1341 103 60 vel.
348 1341 77 60 §.
386 1341 116 60 supra
464 1341 154 60 accepta.
579 1341 90 60 non
631 1341 142 60 ponitur
734 1341 77 60 in
772 1341 90 60 deo
824 1341 167 60 inquantum
940 1341 64 60 pri

213 1386 145 49 uatio.
315 1386 116 49 quia
388 1386 174 49 quicquid
518 1386 102 49 est
576 1386 189 49 possibile
721 1386 116 49 poni
794 1386 87 49 in
837 1386 116 49 deo:
895 1386 102 49 totum

209 1427 88 48 est
260 1427 88 48 ibi
310 1427 75 48 in
348 1427 113 48 actu.
423 1427 75 48 et
461 1427 101 48 quia
524 1427 101 48 deus
587 1427 88 48 non
637 1427 88 48 est
687 1427 75 48 in
725 1427 126 48 specie
813 1427 88 48 nec
863 1427 75 48 in
888 1427 101 48 genere

199 1476 68 49 ¶
227 1476 96 49 Sed
281 1476 136 49 quarto
377 1476 109 49 modo
445 1476 136 49 ibidem
541 1476 150 49 posito.
650 1476 177 49 videlicet
786 1476 123 49 prout
855 1476 136 49 priuatio

206 1511 122 59 dicit
288 1511 204 59 aptitudinem
451 1511 150 59 ratione
560 1511 258 59 transcendentis.
777 1511 109 59 bene
845 1511 95 59 deo
886 1511 109 59 conue-

213 1556 107 54 nit.
280 1556 94 54 Nam
333 1556 107 54 deus
400 1556 147 54 dicitur
507 1556 255 54 incorruptibilis
722 1556 188 54 privatiue.
869 1556 94 54 non
910 1556 80 54 quod

207 1598 93 55 per
260 1598 187 55 positionem
407 1598 93 55 vel
460 1598 200 55 priuationem
620 1598 147 55 generis
727 1598 93 55 vel
780 1598 147 55 speciei
887 1598 93 55 hoc
927 1598 80 55 sibi

215 1642 153 49 conueni
326 1642 97 49 at.
382 1642 97 49 sed
437 1642 111 49 quia
507 1642 181 49 inquantum
646 1642 97 49 Ens
701 1642 111 49 sibi
771 1642 97 49 non
826 1642 181 49 repugnat.
951 1642 56 49 et

206 1687 91 52 ita
258 1687 91 52 per
310 1687 103 52 suum
374 1687 207 52 transcendens
542 1687 155 52 secundum
659 1687 103 52 quod
723 1687 91 52 ens
775 1687 116 52 habet
840 1687 155 52 aptitudine

219 1726 70 63 ad
254 1726 128 63 aliquid
347 1726 93 63 quod
405 1726 81 63 non
451 1726 116 63 habet.
532 1726 162 63 Uerumtamen
660 1726 93 63 deus
718 1726 81 63 sub
764 1726 128 63 ratione
857 1726 128 63 propria
938 1726 58 63 non

213 1768 106 70 est
274 1768 137 70 aptus
365 1768 137 70 natus
456 1768 91 70 ad
501 1768 167 70 aliquid
623 1768 121 70 quod
699 1768 106 70 non
744 1768 137 70 habeat.

197 1827 105 92 ¶
239 1827 147 92 Sed
323 1827 189 92 adhuc
449 1827 210 92 restat
596 1827 315 92 difficultas
826 1827 168 92 quomod

221 1902 79 55 in
260 1902 92 55 deo
313 1902 132 55 potest
405 1902 105 55 poni
471 1902 118 55 etiam
550 1902 145 55 ratione
655 1902 250 55 transcendentis:
865 1902 105 55 quod
918 1902 79 55 deus

217 1950 127 51 aliquid
310 1950 104 51 aptus
379 1950 81 51 sit
425 1950 115 51 habere
506 1950 92 51 quod
564 1950 81 51 non
610 1950 127 51 hebeat.
702 1950 81 51 cum
748 1950 81 51 hoc
795 1950 115 51 dicere
864 1950 150 51 necessario.

221 1991 161 52 importat
341 1991 147 52 aliquam
448 1991 241 52 imperfectionem
649 1991 80 52 in
689 1991 107 52 deo.
756 1991 107 52 quia
823 1991 94 52 sic
863 1991 134 52 sequitur

226 2034 88 50 quod
281 2034 88 50 deus
336 2034 132 50 priuatur
436 2034 110 50 aliquo
513 2034 88 50 quod
568 2034 99 50 aptus
634 2034 77 50 est
678 2034 121 50 habere.
766 2034 77 50 sed
810 2034 88 50 quia
866 2034 88 50 deus
921 2034 77 50 nil
954 2034 55 50 est

226 2079 102 49 aptus
294 2079 102 49 natus
362 2079 125 49 habere:
453 2079 91 49 nisi
510 2079 91 49 quod
567 2079 80 49 est
613 2079 205 49 perfectissimum
784 2079 114 49 bonum.
863 2079 91 49 ergo
920 2079 68 49 si
943 2079 57 49 ali

230 2120 102 42 quid
294 2120 102 42 tale
358 2120 90 42 non
409 2120 115 42 habet
486 2120 154 42 priuatur
601 2120 205 42 perfectione.
768 2120 64 42 ¶
793 2120 166 42 Respondet
908 2120 90 42 Fran-

235 2161 120 49 Ibidem.
322 2161 87 49 quod
377 2161 65 49 in
409 2161 120 49 divinis
497 2161 76 49 nil
540 2161 120 49 dicitur
627 2161 163 49 imperfectum
758 2161 120 49 ratione
845 2161 142 49 deitatis:
944 2161 54 49 qua

219 2198 109 53 omnia
291 2198 145 53 continet
400 2198 229 53 supereminenter.
593 2198 133 53 Ideoque
690 2198 109 53 sicut
762 2198 85 53 nec
811 2198 109 53 ratio
871 2198 133 53 substanti

225 2244 71 50 in
261 2244 118 50 angelo
343 2244 129 50 dicitur
437 2244 200 50 imperfectior:
601 2244 71 50 eo
637 2244 94 50 quod
695 2244 82 50 non
742 2244 106 50 habet
813 2244 106 50 illud
883 2244 94 50 quod
930 2244 71 50 sibi

224 2286 134 50 secundum
325 2286 67 50 se
358 2286 134 50 conuenit
459 2286 78 50 vel
504 2286 78 50 non
549 2286 146 50 repugnat:
661 2286 112 50 quando
739 2286 157 50 substantia
863 2286 101 50 habet
919 2286 78 50 adiun

226 2331 98 55 ctam
287 2331 147 55 meliorem
398 2331 184 55 perfectione
545 2331 147 55 scilicet
655 2331 147 55 angelice
766 2331 135 55 nature.
864 2331 86 55 sic
913 2331 74 55 in
937 2331 74 55 pro-

219 2370 144 50 posito.
324 2370 144 50 Exempli
428 2370 144 50 gratia.
533 2370 144 50 Angelus
638 2370 144 50 dicitur
742 2370 170 50 ingenitus
873 2370 79 50 et
899 2370 105 50 immor-

225 2421 121 46 talis.
310 2421 97 46 quia
370 2421 109 46 nullo
443 2421 97 46 modo
504 2421 121 46 potest
589 2421 158 46 generari:
710 2421 85 46 sed
758 2421 109 46 habet
831 2421 121 46 creari
916 2421 61 46 a
928 2421 73 46 deo.

225 2453 75 55 et
262 2453 112 55 tamen
337 2453 125 55 angelo
424 2453 162 55 inquantum
549 2453 175 55 substantia
687 2453 87 55 non
737 2453 137 55 repuget
837 2453 162 55 generari.
949 2453 50 55 li

219 2498 105 50 cet
279 2498 180 50 repugnet
414 2498 195 50 inquantum
564 2498 165 50 angelo.
683 2498 105 50 sed
743 2498 135 50 talis
818 2498 195 50 repugnantia

223 2538 89 54 in
268 2538 89 54 eo
312 2538 104 54 est
372 2538 178 54 melioris
505 2538 193 54 adiuncti.
654 2538 104 54 Ion
713 2538 89 54 no
758 2538 178 54 generari
891 2538 89 54 in
921 2538 89 54 ange

231 2579 91 47 lo:
283 2579 91 47 non
335 2579 116 47 dicit
412 2579 233 47 imperfectionem
606 2579 91 47 sed
658 2579 207 47 perfectionem
826 2579 155 47 angelice
929 2579 78 47 natu

225 2625 88 49 re.
276 2625 63 49 A
301 2625 126 49 simili
389 2625 189 49 quodammodo.
541 2625 76 49 Ex
578 2625 88 49 quo
629 2625 151 49 deitatis
742 2625 126 49 ratio:
831 2625 113 49 omnia
906 2625 101 49 bona
957 2625 50 49 et

234 2666 114 45 omnes
310 2666 202 45 perfectiones
474 2666 164 45 contineat
600 2666 76 45 in
638 2666 126 45 summo.
726 2666 101 45 ergo
790 2666 151 45 sequitur
903 2666 101 45 quod
954 2666 50 45 ex

233 2706 139 47 aliqua
330 2706 195 47 priuatione
483 2706 264 47 imperfectionis.
706 2706 111 47 puta
775 2706 83 47 ex
803 2706 195 47 corruptibili

232 2749 125 64 tatis
315 2749 97 64 vel
371 2749 222 64 mortalitatis
552 2749 181 64 negatone:
691 2749 97 64 nil
746 2749 83 64 in
788 2749 97 64 deo
843 2749 153 64 dicitur
941 2749 69 64 im

1062 296 168 67 perfectum:
1194 296 84 67 sed
1242 296 120 67 potius
1325 296 227 67 perfectissimum.
1517 296 132 67 quoniam
1613 296 72 67 et
1649 296 156 67 huiusmodi
1756 296 96 67 priua-

1063 359 103 46 tio
1122 359 103 46 vel
1181 359 161 46 negatio
1298 359 279 46 imperfectionis:
1533 359 132 46 facit
1621 359 88 46 ad
1650 359 206 46 plenitudinem

1060 401 222 49 perfectionis.
1242 401 104 49 quia
1308 401 117 49 etiam
1386 401 91 49 ex.
1438 401 104 49 iii.
1503 401 117 49 Topi.
1581 401 117 49 Illud
1660 401 91 49 est
1712 401 130 49 albius
1790 401 65 49 vel

1056 440 227 53 perfectius:
1237 440 121 53 quod
1313 440 106 53 est
1374 440 242 53 impermixtius
1570 440 136 53 nigro
1661 440 106 53 vel
1707 440 151 53 imperfe-

1061 481 184 46 ctione.
1195 481 117 46 Hec
1262 481 100 46 ex
1295 481 117 46 Fran.

1043 514 106 88 ¶
1085 514 128 88 An
1149 514 319 88 priuationes
1405 514 256 88 proprias
1596 514 213 88 habeat
1724 514 128 88 qua-

1058 582 103 51 libet
1126 582 126 51 persona
1218 582 69 51 in
1253 582 138 51 divinis:
1356 582 184 51 Respondetur.
1505 582 138 51 secundum
1609 582 103 51 Fran.
1678 582 69 51 e.
1712 582 80 51 di.
1747 582 103 51 xxviii.

1055 629 102 62 quod
1119 629 114 62 Prima
1195 629 140 62 persona
1297 629 153 62 scilicet
1411 629 127 62 patris
1500 629 114 62 habet
1576 629 153 62 proprias
1678 629 178 62 priuationes.

1059 671 156 45 scilicet
1176 671 169 45 Ingenitum
1306 671 78 45 et
1345 671 208 45 innascibile.
1514 671 130 45 Tertia
1605 671 117 45 etiam
1683 671 156 45 persona.
1787 671 65 45 vi-

1060 713 134 43 delicet
1157 713 146 43 spiritus
1267 713 134 43 sancti:
1365 713 110 43 habet
1438 713 85 43 non
1486 713 244 43 productiuitatem.
1694 713 85 43 est
1742 713 98 43 enim
1791 713 61 43 non

1072 755 210 51 producens.
1237 755 105 51 Sed
1297 755 165 51 persona
1417 755 150 51 media.
1522 755 195 51 videlicet
1672 755 150 51 filii:
1762 755 90 51 nul-

1068 798 91 49 lam
1120 798 156 49 propriam
1237 798 182 49 negationem
1381 798 130 49 habet.
1472 798 104 49 quia
1537 798 117 49 omnis
1615 798 143 49 negatio
1720 798 91 49 vel
1759 798 104 49 priua-

1059 839 79 44 tio
1104 839 90 44 quae
1160 839 135 44 competit
1262 839 113 44 filio:
1341 839 135 44 competit
1443 839 102 44 etiam
1510 839 102 44 patri
1578 839 79 44 vel
1623 839 135 44 spiritus
1725 839 124 44 sancto.
1804 839 45 44 Et

1079 882 130 45 satet
1165 882 87 45 de
1209 882 217 45 infinitate.
1382 882 231 45 immensitate.
1570 882 274 45 immutabilitate.
1786 882 58 45 et

1059 922 168 48 huiusmodi.
1191 922 96 48 quae
1251 922 96 48 sunt
1310 922 144 48 communia
1418 922 132 48 tribus.
1514 922 96 48 Item
1574 922 108 48 patet
1646 922 108 48 etiam
1717 922 72 48 de
1753 922 96 48 ista
1801 922 60 48 no-

1059 965 124 53 tione:
1146 965 236 53 Inspirabilitas.
1345 965 100 53 quae
1407 965 149 53 competit
1519 965 87 53 non
1569 965 124 53 tantum
1656 965 112 53 filio
1731 965 87 53 sed
1768 965 87 53 etiam

1067 1003 132 62 patri.
1159 1003 79 62 vt
1199 1003 159 62 claruit.
1318 1003 119 62 supra
1398 1003 93 62 vbi
1450 1003 185 62 Ingenitum.
1596 1003 79 62 §.
1622 1003 93 62 viii.

1038 1041 107 92 ¶
1080 1041 149 92 Sed
1166 1041 171 92 quod
1273 1041 149 92 est
1358 1041 320 92 fundamentum
1614 1041 128 92 in
1678 1041 149 92 quo
1742 1041 107 92 fun

1065 1109 128 56 dantur
1155 1109 167 56 huiusmodi
1283 1109 192 56 privationes
1437 1109 141 56 proprie
1539 1109 90 56 vel
1591 1109 179 56 negationes
1719 1109 128 56 persona-

1069 1155 85 49 rum:
1122 1155 159 49 Respondetur
1249 1155 127 49 secundum
1344 1155 53 49 .
1366 1155 63 49 e.
1397 1155 95 49 Fran.
1461 1155 74 49 ea.
1503 1155 74 49 di.
1545 1155 116 49 xxviii.
1630 1155 85 49 quod
1683 1155 137 49 huiusmodi
1778 1155 74 49 priua

1065 1198 121 41 tiones
1150 1198 133 41 proprie
1247 1198 170 41 personarum
1380 1198 145 41 scilicet
1489 1198 170 41 Ingenitum.
1623 1198 194 41 innascibile.
1780 1198 73 41 et
1804 1198 61 41 sic

1064 1239 85 46 de
1106 1239 142 46 aliis.
1206 1239 99 46 non
1262 1239 184 46 fundantur
1404 1239 85 46 in
1447 1239 170 46 essentia
1574 1239 99 46 vel
1631 1239 128 46 super
1702 1239 156 46 essentiam

1066 1280 175 52 immediate:
1203 1280 100 52 quia
1265 1280 87 52 cum
1315 1280 75 52 in
1353 1280 112 52 filio
1428 1280 87 52 sit
1477 1280 162 52 essentia.
1602 1280 100 52 ergo
1665 1280 112 52 esset
1740 1280 75 52 in
1765 1280 87 52 filio

1069 1326 269 43 innascibilitas.
1295 1326 99 43 Nec
1352 1326 127 43 etiam
1437 1326 170 43 fundatur
1565 1326 85 43 in
1607 1326 227 43 paternitate:
1777 1326 85 43 quia

1062 1366 229 52 paternitati
1245 1366 107 52 non
1306 1366 183 52 repugnat
1443 1366 122 52 esse
1519 1366 214 52 nascibile.
1687 1366 107 52 sed
1733 1366 122 52 fundam

1074 1406 91 44 tur
1126 1406 117 44 super
1204 1406 169 44 primitate
1334 1406 169 44 originis:
1465 1406 104 44 quae
1530 1406 91 44 est
1582 1406 78 44 in
1621 1406 143 44 persona
1712 1406 117 44 patris.

1072 1445 149 53 Ratio:
1176 1445 119 53 quia
1251 1445 134 53 super
1340 1445 119 53 illo
1415 1445 179 53 fundatur
1549 1445 194 53 priuatio.
1698 1445 104 53 quo
1743 1445 119 53 posito

1073 1492 158 54 ponitur.
1191 1492 79 54 et
1231 1492 92 54 quo
1283 1492 145 54 sublato
1389 1492 171 54 aufertur.
1520 1492 92 54 sed
1573 1492 105 54 isto
1638 1492 105 54 modo
1704 1492 92 54 est
1757 1492 79 54 in
1783 1492 79 54 pro-

1065 1537 167 46 posito.
1186 1537 106 46 Nam
1247 1537 198 46 supposita
1399 1537 198 46 primitate
1551 1537 182 46 originis
1688 1537 91 46 in
1733 1537 122 46 deo:
1794 1537 61 46 vt

1063 1577 98 52 sic
1119 1577 168 52 repugnat
1245 1577 112 52 sibi
1316 1577 112 52 esse
1386 1577 84 52 ab
1428 1577 126 52 alio.
1512 1577 84 52 et
1554 1577 239 52 circumscripta
1737 1577 112 52 primi-

1057 1620 129 54 tate:
1143 1620 101 54 non
1200 1620 173 54 repugnat
1330 1620 115 54 esse
1402 1620 86 54 ab
1445 1620 129 54 alio.
1531 1620 115 54 ergo
1603 1620 115 54 etc.
1675 1620 101 54 Hec
1718 1620 144 54 Francis.

1087 1662 68 44 ¶
1115 1662 82 44 De
1155 1662 95 44 hoc
1210 1662 122 44 etiam
1291 1662 149 44 patuit.
1400 1662 136 44 supra.
1495 1662 190 44 Ingenitum.
1645 1662 82 44 §.
1685 1662 82 44 v.
1726 1662 82 44 Et
1767 1662 95 44 ibi
1808 1662 54 44 de

1074 1702 216 54 Priuatione
1244 1702 155 54 plura.
1352 1702 108 54 Sed
1414 1702 93 54 de
1460 1702 108 54 non
1522 1702 278 54 productiuitate
1754 1702 108 54 vel
1800 1702 62 54 im

1068 1754 284 45 productiuitate:
1307 1754 105 45 suo
1367 1754 120 45 modo
1442 1754 135 45 patet
1532 1754 90 45 ex
1577 1754 165 45 dictis.
1696 1754 120 45 quod
1756 1754 105 45 funda

1070 1791 92 48 tur
1122 1791 79 48 in
1162 1791 183 48 spiratione
1305 1791 157 48 passiua:
1423 1791 92 48 vel
1476 1791 79 48 in
1515 1791 144 48 spiritu
1619 1791 144 48 sancto:
1724 1791 92 48 cui
1763 1791 105 48 repugt

1061 1831 151 54 esse
1136 1831 264 54 productiuum.

1155 1871 445 111 Rocessio
1488 1871 371 111 doende
1711 1871 148 111 et

1185 1971 144 67 quibus
1285 1971 130 67 modis
1372 1971 173 67 dicitur.
1501 1971 115 67 Nota
1573 1971 173 67 secundum
1703 1971 144 67 Guill.
1789 1971 58 67 in

1196 2009 143 66 primo.
1296 2009 100 66 di.
1353 2009 100 66 xi.
1411 2009 186 66 Processio
1554 2009 158 66 dicitur
1669 2009 129 66 quasi
1740 2009 115 66 procul

1067 2027 158 73 cessio.
1182 2027 144 73 Procul
1282 2027 115 73 vero
1354 2027 144 73 cessio
1455 2027 158 73 dicitur
1570 2027 144 73 tribus
1671 2027 144 73 modis.
1757 2027 101 73 Primo

1075 2100 155 50 quantum
1187 2100 84 50 ad
1230 2100 197 50 essentiam.
1384 2100 84 50 et
1426 2100 112 50 isto
1497 2100 112 50 modo
1567 2100 183 50 procedunt
1707 2100 169 50 creature
1820 2100 42 50 a

1076 2142 90 55 deo
1127 2142 77 55 in
1166 2142 103 55 esse
1230 2142 128 55 reali:
1320 2142 141 55 quoniam
1422 2142 167 55 differunt
1550 2142 64 55 a
1576 2142 90 55 deo
1627 2142 192 55 differentia
1768 2142 90 55 essen

1061 2177 120 50 tiali
1140 2177 173 50 realiter.
1273 2177 146 50 Secundo
1380 2177 146 50 quantum
1486 2177 80 50 ad
1526 2177 133 50 tempus
1619 2177 80 50 et
1659 2177 133 50 locum.
1752 2177 80 50 et
1778 2177 80 50 isto

1068 2225 94 48 modo
1127 2225 71 48 de
1163 2225 177 48 processione
1304 2225 153 48 loquuntur
1422 2225 177 48 philosophi.
1564 2225 71 48 vt
1599 2225 118 48 patet.
1682 2225 106 48 iiii.
1753 2225 106 48 physi
1812 2225 47 48 de

1067 2269 107 44 Motu
1134 2269 134 44 locali
1227 2269 80 44 et
1267 2269 161 44 tempore.
1388 2269 134 44 Tertio
1481 2269 107 44 modo
1548 2269 147 44 dicitur
1655 2269 174 44 processio
1776 2269 80 44 quan

1065 2311 94 66 tum
1118 2311 81 66 ad
1159 2311 108 66 esse
1226 2311 189 66 personale:
1374 2311 94 66 vel
1428 2311 81 66 in
1469 2311 108 66 esse
1536 2311 189 66 personali.
1684 2311 81 66 et
1724 2311 94 66 sic
1765 2311 94 66 dici-

1066 2355 84 67 mus
1114 2355 120 67 filium
1198 2355 72 67 et
1234 2355 144 67 spiritum
1342 2355 132 67 sanctum
1439 2355 72 67 in
1475 2355 132 67 divinis
1571 2355 60 67 a
1595 2355 108 67 patre
1655 2355 144 67 procedere.

1068 2392 104 88 ¶
1110 2392 249 88 Qualibus
1297 2392 187 88 modis
1422 2392 270 88 processio
1629 2392 229 88 capitur
1775 2392 83 88 in

1078 2453 134 57 ivinis.
1175 2453 98 57 Nota
1236 2453 159 57 secundum.
1358 2453 73 57 e.
1395 2453 122 57 Guili.
1480 2453 134 57 Ibidem.
1578 2453 98 57 quod
1639 2453 195 57 tripliciter.
1785 2453 61 57 Uno

1073 2496 102 47 modo
1137 2496 140 47 actiue.
1239 2496 77 47 et
1278 2496 89 47 sic
1329 2496 153 47 competit
1444 2496 115 47 patri
1520 2496 77 47 et
1559 2496 140 47 filiora
1661 2496 128 47 quibus
1737 2496 128 47 procedit

1082 2542 112 51 piritus
1163 2542 122 51 sanctus.
1255 2542 143 51 Uerumtamun
1367 2542 92 51 pater
1428 2542 102 51 verius
1499 2542 112 51 dicitur
1581 2542 143 51 producens.
1693 2542 132 51 similiter
1795 2542 61 51 et
1815 2542 41 51 fi

1072 2585 130 45 lius.
1158 2585 101 45 Nam
1216 2585 188 45 processio
1361 2585 87 45 in
1404 2585 145 45 actiua
1506 2585 275 45 significatione:
1723 2585 130 45 proprie

1064 2624 90 51 non
1116 2624 90 51 est
1167 2624 167 51 impositum
1296 2624 116 51 nomen
1373 2624 116 51 patri
1450 2624 90 51 vel
1502 2624 129 51 filio.
1592 2624 142 51 Secundo
1695 2624 103 51 modo
1746 2624 116 51 dicitur

1077 2674 143 47 pecessio
1184 2674 143 47 passiue.
1291 2674 71 47 et
1327 2674 83 47 sic
1374 2674 143 47 conuenit
1481 2674 107 47 filio
1553 2674 71 47 et
1588 2674 131 47 spiritu
1684 2674 107 47 isco:
1755 2674 83 47 qui
1791 2674 71 47 pro-

1074 2718 126 50 cedunt
1163 2718 63 50 a
1188 2718 126 50 patre.
1277 2718 126 50 Filius
1365 2718 76 50 vt
1403 2718 126 50 natus.
1492 2718 152 50 spiritus
1605 2718 139 50 sanctus
1707 2718 76 50 vt
1745 2718 126 50 datus.
1820 2718 51 50 vt

1065 2755 117 62 dicit
1143 2755 104 62 Aug.
1209 2755 78 62 v.
1248 2755 78 62 de
1287 2755 131 62 trini.
1378 2755 131 62 Tertio
1470 2755 104 62 modo
1535 2755 144 62 dicitur
1639 2755 157 62 proprie.
1757 2755 78 62 vt
1783 2755 78 62 pro
