<?xml version="1.0" encoding="UTF-8"?>
<alto xmlns:xsi="http://www.w3.org/2001/XMLSchema-instance"
      xmlns="http://www.loc.gov/standards/alto/ns-v2#"
      xmlns:page="http://schema.primaresearch.org/PAGE/gts/pagecontent/2013-07-15"
      xsi:schemaLocation="http://www.loc.gov/standards/alto/ns-v2# http://www.loc.gov/standards/alto/alto.xsd">
   <Description>
      <MeasurementUnit>pixel</MeasurementUnit>
      <OCRProcessing ID="IdOcr">
         <ocrProcessingStep>
            <processingDateTime>2021-02-01T18:54:59.187-05:00</processingDateTime>
            <processingSoftware>
               <softwareCreator>READ COOP</softwareCreator>
               <softwareName>Transkribus</softwareName>
            </processingSoftware>
         </ocrProcessingStep>
      </OCRProcessing>
   </Description>
   <Tags/>
   <Layout>
      <Page ID="Page1" PHYSICAL_IMG_NR="1" HEIGHT="3311" WIDTH="2273">
         <TopMargin HEIGHT="0" WIDTH="2273" VPOS="0" HPOS="0"/>
         <LeftMargin HEIGHT="3311" WIDTH="0" VPOS="0" HPOS="0"/>
         <RightMargin HEIGHT="3311" WIDTH="0" VPOS="0" HPOS="2273"/>
         <BottomMargin HEIGHT="0" WIDTH="2273" VPOS="3311" HPOS="0"/>
         <PrintSpace HEIGHT="3311" WIDTH="2273" VPOS="0" HPOS="0">
            <TextBlock ID="TextRegion_1611428634459_1465"
                       HEIGHT="2600"
                       WIDTH="814"
                       VPOS="199"
                       HPOS="214">
               <Shape>
                  <Polygon POINTS="214,199 1028,199 1028,2799 214,2799"/>
               </Shape>
               <TextLine ID="r2l2"
                         BASELINE="375"
                         HEIGHT="66"
                         WIDTH="782"
                         VPOS="309"
                         HPOS="237">
                  <String HEIGHT="66"
                          WIDTH="133"
                          VPOS="309"
                          HPOS="224"
                          CONTENT="liter."/>
                  <SP HEIGHT="66" WIDTH="13" VPOS="309" HPOS="356"/>
                  <String HEIGHT="66" WIDTH="93" VPOS="309" HPOS="317" CONTENT="Non"/>
                  <SP HEIGHT="66" WIDTH="13" VPOS="309" HPOS="409"/>
                  <String HEIGHT="66"
                          WIDTH="146"
                          VPOS="309"
                          HPOS="370"
                          CONTENT="primum."/>
                  <SP HEIGHT="66" WIDTH="13" VPOS="309" HPOS="515"/>
                  <String HEIGHT="66"
                          WIDTH="106"
                          VPOS="309"
                          HPOS="476"
                          CONTENT="quia"/>
                  <SP HEIGHT="66" WIDTH="13" VPOS="309" HPOS="582"/>
                  <String HEIGHT="66"
                          WIDTH="106"
                          VPOS="309"
                          HPOS="542"
                          CONTENT="omne"/>
                  <SP HEIGHT="66" WIDTH="13" VPOS="309" HPOS="648"/>
                  <String HEIGHT="66"
                          WIDTH="225"
                          VPOS="309"
                          HPOS="608"
                          CONTENT="plurificabile"/>
                  <SP HEIGHT="66" WIDTH="13" VPOS="309" HPOS="833"/>
                  <String HEIGHT="66" WIDTH="80" VPOS="309" HPOS="794" CONTENT="in"/>
                  <SP HEIGHT="66" WIDTH="13" VPOS="309" HPOS="873"/>
                  <String HEIGHT="66"
                          WIDTH="159"
                          VPOS="309"
                          HPOS="833"
                          CONTENT="pluribus"/>
                  <SP HEIGHT="66" WIDTH="13" VPOS="309" HPOS="992"/>
                  <String HEIGHT="66" WIDTH="80" VPOS="309" HPOS="939" CONTENT="nume"/>
               </TextLine>
               <TextLine ID="r2l4"
                         BASELINE="419"
                         HEIGHT="51"
                         WIDTH="773"
                         VPOS="368"
                         HPOS="241">
                  <String HEIGHT="51" WIDTH="92" VPOS="368" HPOS="228" CONTENT="ro:"/>
                  <SP HEIGHT="51" WIDTH="13" VPOS="368" HPOS="320"/>
                  <String HEIGHT="51"
                          WIDTH="131"
                          VPOS="368"
                          HPOS="280"
                          CONTENT="potest"/>
                  <SP HEIGHT="51" WIDTH="13" VPOS="368" HPOS="411"/>
                  <String HEIGHT="51"
                          WIDTH="197"
                          VPOS="368"
                          HPOS="372"
                          CONTENT="plurificari"/>
                  <SP HEIGHT="51" WIDTH="13" VPOS="368" HPOS="569"/>
                  <String HEIGHT="51" WIDTH="79" VPOS="368" HPOS="529" CONTENT="in"/>
                  <SP HEIGHT="51" WIDTH="13" VPOS="368" HPOS="608"/>
                  <String HEIGHT="51"
                          WIDTH="183"
                          VPOS="368"
                          HPOS="569"
                          CONTENT="infinitum."/>
                  <SP HEIGHT="51" WIDTH="13" VPOS="368" HPOS="752"/>
                  <String HEIGHT="51" WIDTH="92" VPOS="368" HPOS="713" CONTENT="per"/>
                  <SP HEIGHT="51" WIDTH="13" VPOS="368" HPOS="804"/>
                  <String HEIGHT="51"
                          WIDTH="131"
                          VPOS="368"
                          HPOS="765"
                          CONTENT="Auicem"/>
                  <SP HEIGHT="51" WIDTH="13" VPOS="368" HPOS="896"/>
                  <String HEIGHT="51" WIDTH="79" VPOS="368" HPOS="857" CONTENT="i."/>
                  <SP HEIGHT="51" WIDTH="13" VPOS="368" HPOS="935"/>
                  <String HEIGHT="51"
                          WIDTH="131"
                          VPOS="368"
                          HPOS="883"
                          CONTENT="metaphy."/>
               </TextLine>
               <TextLine ID="r2l6"
                         BASELINE="458"
                         HEIGHT="60"
                         WIDTH="765"
                         VPOS="398"
                         HPOS="247">
                  <String HEIGHT="60" WIDTH="91" VPOS="398" HPOS="234" CONTENT="hoc"/>
                  <SP HEIGHT="60" WIDTH="13" VPOS="398" HPOS="325"/>
                  <String HEIGHT="60"
                          WIDTH="117"
                          VPOS="398"
                          HPOS="286"
                          CONTENT="autem"/>
                  <SP HEIGHT="60" WIDTH="13" VPOS="398" HPOS="403"/>
                  <String HEIGHT="60" WIDTH="91" VPOS="398" HPOS="364" CONTENT="non"/>
                  <SP HEIGHT="60" WIDTH="13" VPOS="398" HPOS="454"/>
                  <String HEIGHT="60" WIDTH="91" VPOS="398" HPOS="416" CONTENT="est"/>
                  <SP HEIGHT="60" WIDTH="13" VPOS="398" HPOS="506"/>
                  <String HEIGHT="60"
                          WIDTH="182"
                          VPOS="398"
                          HPOS="467"
                          CONTENT="possibile:"/>
                  <SP HEIGHT="60" WIDTH="13" VPOS="398" HPOS="649"/>
                  <String HEIGHT="60"
                          WIDTH="104"
                          VPOS="398"
                          HPOS="610"
                          CONTENT="quia"/>
                  <SP HEIGHT="60" WIDTH="13" VPOS="398" HPOS="714"/>
                  <String HEIGHT="60" WIDTH="91" VPOS="398" HPOS="675" CONTENT="sic"/>
                  <SP HEIGHT="60" WIDTH="13" VPOS="398" HPOS="766"/>
                  <String HEIGHT="60"
                          WIDTH="143"
                          VPOS="398"
                          HPOS="727"
                          CONTENT="possent"/>
                  <SP HEIGHT="60" WIDTH="13" VPOS="398" HPOS="869"/>
                  <String HEIGHT="60"
                          WIDTH="104"
                          VPOS="398"
                          HPOS="830"
                          CONTENT="poni"/>
                  <SP HEIGHT="60" WIDTH="13" VPOS="398" HPOS="934"/>
                  <String HEIGHT="60"
                          WIDTH="130"
                          VPOS="398"
                          HPOS="882"
                          CONTENT="infinite"/>
               </TextLine>
               <TextLine ID="r2l8"
                         BASELINE="506"
                         HEIGHT="53"
                         WIDTH="771"
                         VPOS="453"
                         HPOS="231">
                  <String HEIGHT="53"
                          WIDTH="137"
                          VPOS="453"
                          HPOS="219"
                          CONTENT="persone"/>
                  <SP HEIGHT="53" WIDTH="12" VPOS="453" HPOS="355"/>
                  <String HEIGHT="53" WIDTH="75" VPOS="453" HPOS="318" CONTENT="in"/>
                  <SP HEIGHT="53" WIDTH="12" VPOS="453" HPOS="393"/>
                  <String HEIGHT="53"
                          WIDTH="149"
                          VPOS="453"
                          HPOS="355"
                          CONTENT="divinis."/>
                  <SP HEIGHT="53" WIDTH="12" VPOS="453" HPOS="505"/>
                  <String HEIGHT="53"
                          WIDTH="187"
                          VPOS="453"
                          HPOS="467"
                          CONTENT="concluditur"/>
                  <SP HEIGHT="53" WIDTH="12" VPOS="453" HPOS="654"/>
                  <String HEIGHT="53" WIDTH="87" VPOS="453" HPOS="617" CONTENT="est"/>
                  <SP HEIGHT="53" WIDTH="12" VPOS="453" HPOS="704"/>
                  <String HEIGHT="53" WIDTH="99" VPOS="453" HPOS="666" CONTENT="quod"/>
                  <SP HEIGHT="53" WIDTH="12" VPOS="453" HPOS="766"/>
                  <String HEIGHT="53"
                          WIDTH="162"
                          VPOS="453"
                          HPOS="728"
                          CONTENT="differunt"/>
                  <SP HEIGHT="53" WIDTH="12" VPOS="453" HPOS="890"/>
                  <String HEIGHT="53"
                          WIDTH="162"
                          VPOS="453"
                          HPOS="840"
                          CONTENT="quiditatiue"/>
               </TextLine>
               <TextLine ID="r2l10"
                         BASELINE="542"
                         HEIGHT="64"
                         WIDTH="760"
                         VPOS="478"
                         HPOS="259">
                  <String HEIGHT="64" WIDTH="63" VPOS="478" HPOS="246" CONTENT="¶"/>
                  <SP HEIGHT="64" WIDTH="13" VPOS="478" HPOS="310"/>
                  <String HEIGHT="64"
                          WIDTH="139"
                          VPOS="478"
                          HPOS="272"
                          CONTENT="Secunda"/>
                  <SP HEIGHT="64" WIDTH="13" VPOS="478" HPOS="411"/>
                  <String HEIGHT="64"
                          WIDTH="177"
                          VPOS="478"
                          HPOS="373"
                          CONTENT="conclusio."/>
                  <SP HEIGHT="64" WIDTH="13" VPOS="478" HPOS="550"/>
                  <String HEIGHT="64"
                          WIDTH="101"
                          VPOS="478"
                          HPOS="512"
                          CONTENT="quod"/>
                  <SP HEIGHT="64" WIDTH="13" VPOS="478" HPOS="614"/>
                  <String HEIGHT="64"
                          WIDTH="101"
                          VPOS="478"
                          HPOS="576"
                          CONTENT="iste"/>
                  <SP HEIGHT="64" WIDTH="13" VPOS="478" HPOS="677"/>
                  <String HEIGHT="64"
                          WIDTH="203"
                          VPOS="478"
                          HPOS="639"
                          CONTENT="productiones"/>
                  <SP HEIGHT="64" WIDTH="13" VPOS="478" HPOS="842"/>
                  <String HEIGHT="64"
                          WIDTH="215"
                          VPOS="478"
                          HPOS="804"
                          CONTENT="distinguuntur"/>
                  <SP HEIGHT="64" WIDTH="13" VPOS="478" HPOS="1019"/>
                  <String HEIGHT="64" WIDTH="51" VPOS="478" HPOS="968" CONTENT="ex"/>
               </TextLine>
               <TextLine ID="r2l12"
                         BASELINE="581"
                         HEIGHT="50"
                         WIDTH="758"
                         VPOS="531"
                         HPOS="246">
                  <String HEIGHT="50"
                          WIDTH="140"
                          VPOS="531"
                          HPOS="232"
                          CONTENT="termis"/>
                  <SP HEIGHT="50" WIDTH="14" VPOS="531" HPOS="372"/>
                  <String HEIGHT="50"
                          WIDTH="197"
                          VPOS="531"
                          HPOS="330"
                          CONTENT="arguitiue."/>
                  <SP HEIGHT="50" WIDTH="14" VPOS="531" HPOS="527"/>
                  <String HEIGHT="50"
                          WIDTH="140"
                          VPOS="531"
                          HPOS="485"
                          CONTENT="Ratio:"/>
                  <SP HEIGHT="50" WIDTH="14" VPOS="531" HPOS="625"/>
                  <String HEIGHT="50"
                          WIDTH="112"
                          VPOS="531"
                          HPOS="583"
                          CONTENT="quia"/>
                  <SP HEIGHT="50" WIDTH="14" VPOS="531" HPOS="695"/>
                  <String HEIGHT="50"
                          WIDTH="211"
                          VPOS="531"
                          HPOS="653"
                          CONTENT="innotescunt"/>
                  <SP HEIGHT="50" WIDTH="14" VPOS="531" HPOS="864"/>
                  <String HEIGHT="50"
                          WIDTH="182"
                          VPOS="531"
                          HPOS="822"
                          CONTENT="distingui"/>
                  <SP HEIGHT="50" WIDTH="14" VPOS="531" HPOS="1004"/>
                  <String HEIGHT="50" WIDTH="56" VPOS="531" HPOS="948" CONTENT="et"/>
               </TextLine>
               <TextLine ID="r2l14"
                         BASELINE="622"
                         HEIGHT="47"
                         WIDTH="762"
                         VPOS="575"
                         HPOS="247">
                  <String HEIGHT="47"
                          WIDTH="165"
                          VPOS="575"
                          HPOS="234"
                          CONTENT="terminis."/>
                  <SP HEIGHT="47" WIDTH="13" VPOS="575" HPOS="399"/>
                  <String HEIGHT="47" WIDTH="89" VPOS="575" HPOS="361" CONTENT="cum"/>
                  <SP HEIGHT="47" WIDTH="13" VPOS="575" HPOS="450"/>
                  <String HEIGHT="47"
                          WIDTH="114"
                          VPOS="575"
                          HPOS="412"
                          CONTENT="sicut"/>
                  <SP HEIGHT="47" WIDTH="13" VPOS="575" HPOS="526"/>
                  <String HEIGHT="47"
                          WIDTH="152"
                          VPOS="575"
                          HPOS="488"
                          CONTENT="dicitur."/>
                  <SP HEIGHT="47" WIDTH="13" VPOS="575" HPOS="641"/>
                  <String HEIGHT="47" WIDTH="76" VPOS="575" HPOS="603" CONTENT="v."/>
                  <SP HEIGHT="47" WIDTH="13" VPOS="575" HPOS="679"/>
                  <String HEIGHT="47"
                          WIDTH="127"
                          VPOS="575"
                          HPOS="641"
                          CONTENT="physi."/>
                  <SP HEIGHT="47" WIDTH="13" VPOS="575" HPOS="768"/>
                  <String HEIGHT="47"
                          WIDTH="114"
                          VPOS="575"
                          HPOS="730"
                          CONTENT="Motus"/>
                  <SP HEIGHT="47" WIDTH="13" VPOS="575" HPOS="844"/>
                  <String HEIGHT="47"
                          WIDTH="102"
                          VPOS="575"
                          HPOS="806"
                          CONTENT="siue"/>
                  <SP HEIGHT="47" WIDTH="13" VPOS="575" HPOS="907"/>
                  <String HEIGHT="47" WIDTH="89" VPOS="575" HPOS="869" CONTENT="via"/>
                  <SP HEIGHT="47" WIDTH="13" VPOS="575" HPOS="958"/>
                  <String HEIGHT="47"
                          WIDTH="102"
                          VPOS="575"
                          HPOS="907"
                          CONTENT="distin"/>
               </TextLine>
               <TextLine ID="r2l16"
                         BASELINE="664"
                         HEIGHT="43"
                         WIDTH="771"
                         VPOS="621"
                         HPOS="239">
                  <String HEIGHT="43"
                          WIDTH="135"
                          VPOS="621"
                          HPOS="225"
                          CONTENT="guitur"/>
                  <SP HEIGHT="43" WIDTH="14" VPOS="621" HPOS="361"/>
                  <String HEIGHT="43" WIDTH="95" VPOS="621" HPOS="320" CONTENT="per"/>
                  <SP HEIGHT="43" WIDTH="14" VPOS="621" HPOS="415"/>
                  <String HEIGHT="43"
                          WIDTH="176"
                          VPOS="621"
                          HPOS="374"
                          CONTENT="terminos."/>
                  <SP HEIGHT="43" WIDTH="14" VPOS="621" HPOS="550"/>
                  <String HEIGHT="43" WIDTH="95" VPOS="621" HPOS="510" CONTENT="sed"/>
                  <SP HEIGHT="43" WIDTH="14" VPOS="621" HPOS="604"/>
                  <String HEIGHT="43"
                          WIDTH="108"
                          VPOS="621"
                          HPOS="564"
                          CONTENT="quia"/>
                  <SP HEIGHT="43" WIDTH="14" VPOS="621" HPOS="672"/>
                  <String HEIGHT="43"
                          WIDTH="176"
                          VPOS="621"
                          HPOS="631"
                          CONTENT="generatio"/>
                  <SP HEIGHT="43" WIDTH="14" VPOS="621" HPOS="807"/>
                  <String HEIGHT="43"
                          WIDTH="189"
                          VPOS="621"
                          HPOS="767"
                          CONTENT="terminatur"/>
                  <SP HEIGHT="43" WIDTH="14" VPOS="621" HPOS="956"/>
                  <String HEIGHT="43" WIDTH="81" VPOS="621" HPOS="915" CONTENT="ad"/>
                  <SP HEIGHT="43" WIDTH="14" VPOS="621" HPOS="996"/>
                  <String HEIGHT="43"
                          WIDTH="68"
                          VPOS="621"
                          HPOS="942"
                          CONTENT="fi"
                          SUBS_TYPE="HypPart1"
                          SUBS_CONTENT="filium:"/>
                  <HYP CONTENT="-"/>
               </TextLine>
               <TextLine ID="r2l18"
                         BASELINE="707"
                         HEIGHT="49"
                         WIDTH="766"
                         VPOS="658"
                         HPOS="231">
                  <String HEIGHT="49"
                          WIDTH="115"
                          VPOS="658"
                          HPOS="218"
                          CONTENT="lium:"
                          SUBS_TYPE="HypPart2"
                          SUBS_CONTENT="filium:"/>
                  <SP HEIGHT="49" WIDTH="13" VPOS="658" HPOS="333"/>
                  <String HEIGHT="49" WIDTH="77" VPOS="658" HPOS="295" CONTENT="et"/>
                  <SP HEIGHT="49" WIDTH="13" VPOS="658" HPOS="371"/>
                  <String HEIGHT="49"
                          WIDTH="153"
                          VPOS="658"
                          HPOS="333"
                          CONTENT="spiratio"/>
                  <SP HEIGHT="49" WIDTH="13" VPOS="658" HPOS="486"/>
                  <String HEIGHT="49" WIDTH="77" VPOS="658" HPOS="448" CONTENT="ad"/>
                  <SP HEIGHT="49" WIDTH="13" VPOS="658" HPOS="525"/>
                  <String HEIGHT="49"
                          WIDTH="153"
                          VPOS="658"
                          HPOS="486"
                          CONTENT="spiritum"/>
                  <SP HEIGHT="49" WIDTH="13" VPOS="658" HPOS="640"/>
                  <String HEIGHT="49"
                          WIDTH="153"
                          VPOS="658"
                          HPOS="601"
                          CONTENT="sanctum."/>
                  <SP HEIGHT="49" WIDTH="13" VPOS="658" HPOS="754"/>
                  <String HEIGHT="49"
                          WIDTH="102"
                          VPOS="658"
                          HPOS="716"
                          CONTENT="ergo"/>
                  <SP HEIGHT="49" WIDTH="13" VPOS="658" HPOS="818"/>
                  <String HEIGHT="49"
                          WIDTH="102"
                          VPOS="658"
                          HPOS="780"
                          CONTENT="etc."/>
                  <SP HEIGHT="49" WIDTH="13" VPOS="658" HPOS="882"/>
                  <String HEIGHT="49" WIDTH="64" VPOS="658" HPOS="844" CONTENT="¶"/>
                  <SP HEIGHT="49" WIDTH="13" VPOS="658" HPOS="908"/>
                  <String HEIGHT="49"
                          WIDTH="128"
                          VPOS="658"
                          HPOS="869"
                          CONTENT="Tertia"/>
                  <SP HEIGHT="49" WIDTH="13" VPOS="658" HPOS="997"/>
                  <String HEIGHT="49" WIDTH="51" VPOS="658" HPOS="946" CONTENT="ca"/>
               </TextLine>
               <TextLine ID="r2l20"
                         BASELINE="746"
                         HEIGHT="45"
                         WIDTH="772"
                         VPOS="701"
                         HPOS="231">
                  <String HEIGHT="45"
                          WIDTH="149"
                          VPOS="701"
                          HPOS="217"
                          CONTENT="clusio."/>
                  <SP HEIGHT="45" WIDTH="14" VPOS="701" HPOS="366"/>
                  <String HEIGHT="45"
                          WIDTH="108"
                          VPOS="701"
                          HPOS="326"
                          CONTENT="quod"/>
                  <SP HEIGHT="45" WIDTH="14" VPOS="701" HPOS="434"/>
                  <String HEIGHT="45"
                          WIDTH="108"
                          VPOS="701"
                          HPOS="394"
                          CONTENT="iste"/>
                  <SP HEIGHT="45" WIDTH="14" VPOS="701" HPOS="502"/>
                  <String HEIGHT="45"
                          WIDTH="203"
                          VPOS="701"
                          HPOS="461"
                          CONTENT="productioes"/>
                  <SP HEIGHT="45" WIDTH="14" VPOS="701" HPOS="664"/>
                  <String HEIGHT="45"
                          WIDTH="230"
                          VPOS="701"
                          HPOS="624"
                          CONTENT="distinguuntur"/>
                  <SP HEIGHT="45" WIDTH="14" VPOS="701" HPOS="854"/>
                  <String HEIGHT="45" WIDTH="81" VPOS="701" HPOS="813" CONTENT="ex"/>
                  <SP HEIGHT="45" WIDTH="14" VPOS="701" HPOS="895"/>
                  <String HEIGHT="45"
                          WIDTH="163"
                          VPOS="701"
                          HPOS="840"
                          CONTENT="principiis"/>
               </TextLine>
               <TextLine ID="r2l22"
                         BASELINE="789"
                         HEIGHT="53"
                         WIDTH="763"
                         VPOS="736"
                         HPOS="241">
                  <String HEIGHT="53"
                          WIDTH="205"
                          VPOS="736"
                          HPOS="226"
                          CONTENT="elicitiue."/>
                  <SP HEIGHT="53" WIDTH="15" VPOS="736" HPOS="432"/>
                  <String HEIGHT="53" WIDTH="103" VPOS="736" HPOS="388" CONTENT="Hec"/>
                  <SP HEIGHT="53" WIDTH="15" VPOS="736" HPOS="490"/>
                  <String HEIGHT="53"
                          WIDTH="132"
                          VPOS="736"
                          HPOS="446"
                          CONTENT="autem"/>
                  <SP HEIGHT="53" WIDTH="15" VPOS="736" HPOS="578"/>
                  <String HEIGHT="53"
                          WIDTH="191"
                          VPOS="736"
                          HPOS="534"
                          CONTENT="principia"/>
                  <SP HEIGHT="53" WIDTH="15" VPOS="736" HPOS="725"/>
                  <String HEIGHT="53"
                          WIDTH="117"
                          VPOS="736"
                          HPOS="681"
                          CONTENT="sunt"/>
                  <SP HEIGHT="53" WIDTH="15" VPOS="736" HPOS="799"/>
                  <String HEIGHT="53"
                          WIDTH="161"
                          VPOS="736"
                          HPOS="755"
                          CONTENT="memoria"/>
                  <SP HEIGHT="53" WIDTH="15" VPOS="736" HPOS="916"/>
                  <String HEIGHT="53" WIDTH="88" VPOS="736" HPOS="872" CONTENT="et"/>
                  <SP HEIGHT="53" WIDTH="15" VPOS="736" HPOS="960"/>
                  <String HEIGHT="53"
                          WIDTH="103"
                          VPOS="736"
                          HPOS="901"
                          CONTENT="volun"/>
               </TextLine>
               <TextLine ID="r2l24"
                         BASELINE="836"
                         HEIGHT="60"
                         WIDTH="775"
                         VPOS="776"
                         HPOS="235">
                  <String HEIGHT="60"
                          WIDTH="127"
                          VPOS="776"
                          HPOS="221"
                          CONTENT="itas."/>
                  <SP HEIGHT="60" WIDTH="14" VPOS="776" HPOS="348"/>
                  <String HEIGHT="60"
                          WIDTH="113"
                          VPOS="776"
                          HPOS="305"
                          CONTENT="Unde"/>
                  <SP HEIGHT="60" WIDTH="14" VPOS="776" HPOS="418"/>
                  <String HEIGHT="60" WIDTH="85" VPOS="776" HPOS="376" CONTENT="ex"/>
                  <SP HEIGHT="60" WIDTH="14" VPOS="776" HPOS="460"/>
                  <String HEIGHT="60" WIDTH="99" VPOS="776" HPOS="418" CONTENT="quo"/>
                  <SP HEIGHT="60" WIDTH="14" VPOS="776" HPOS="517"/>
                  <String HEIGHT="60" WIDTH="99" VPOS="776" HPOS="475" CONTENT="vna"/>
                  <SP HEIGHT="60" WIDTH="14" VPOS="776" HPOS="573"/>
                  <String HEIGHT="60"
                          WIDTH="127"
                          VPOS="776"
                          HPOS="531"
                          CONTENT="harum"/>
                  <SP HEIGHT="60" WIDTH="14" VPOS="776" HPOS="658"/>
                  <String HEIGHT="60" WIDTH="99" VPOS="776" HPOS="615" CONTENT="est"/>
                  <SP HEIGHT="60" WIDTH="14" VPOS="776" HPOS="714"/>
                  <String HEIGHT="60" WIDTH="70" VPOS="776" HPOS="672" CONTENT="a"/>
                  <SP HEIGHT="60" WIDTH="14" VPOS="776" HPOS="742"/>
                  <String HEIGHT="60"
                          WIDTH="155"
                          VPOS="776"
                          HPOS="700"
                          CONTENT="memoria"/>
                  <SP HEIGHT="60" WIDTH="14" VPOS="776" HPOS="855"/>
                  <String HEIGHT="60"
                          WIDTH="113"
                          VPOS="776"
                          HPOS="813"
                          CONTENT="siue"/>
                  <SP HEIGHT="60" WIDTH="14" VPOS="776" HPOS="925"/>
                  <String HEIGHT="60"
                          WIDTH="141"
                          VPOS="776"
                          HPOS="869"
                          CONTENT="intelle"
                          SUBS_TYPE="HypPart1"
                          SUBS_CONTENT="intellectum"/>
                  <HYP CONTENT="-"/>
               </TextLine>
               <TextLine ID="r2l26"
                         BASELINE="875"
                         HEIGHT="52"
                         WIDTH="769"
                         VPOS="823"
                         HPOS="238">
                  <String HEIGHT="52"
                          WIDTH="98"
                          VPOS="823"
                          HPOS="226"
                          CONTENT="ctum"
                          SUBS_TYPE="HypPart2"
                          SUBS_CONTENT="intellectum"/>
                  <SP HEIGHT="52" WIDTH="12" VPOS="823" HPOS="323"/>
                  <String HEIGHT="52"
                          WIDTH="171"
                          VPOS="823"
                          HPOS="287"
                          CONTENT="elicitiue."/>
                  <SP HEIGHT="52" WIDTH="12" VPOS="823" HPOS="458"/>
                  <String HEIGHT="52"
                          WIDTH="159"
                          VPOS="823"
                          HPOS="421"
                          CONTENT="videlicet"/>
                  <SP HEIGHT="52" WIDTH="12" VPOS="823" HPOS="580"/>
                  <String HEIGHT="52"
                          WIDTH="171"
                          VPOS="823"
                          HPOS="543"
                          CONTENT="generatio."/>
                  <SP HEIGHT="52" WIDTH="12" VPOS="823" HPOS="714"/>
                  <String HEIGHT="52" WIDTH="98" VPOS="823" HPOS="677" CONTENT="Alia"/>
                  <SP HEIGHT="52" WIDTH="12" VPOS="823" HPOS="775"/>
                  <String HEIGHT="52"
                          WIDTH="110"
                          VPOS="823"
                          HPOS="738"
                          CONTENT="autem"/>
                  <SP HEIGHT="52" WIDTH="12" VPOS="823" HPOS="848"/>
                  <String HEIGHT="52"
                          WIDTH="146"
                          VPOS="823"
                          HPOS="812"
                          CONTENT="scilicet"/>
                  <SP HEIGHT="52" WIDTH="12" VPOS="823" HPOS="958"/>
                  <String HEIGHT="52"
                          WIDTH="98"
                          VPOS="823"
                          HPOS="909"
                          CONTENT="spira"
                          SUBS_TYPE="HypPart1"
                          SUBS_CONTENT="spiratio"/>
                  <HYP CONTENT="-"/>
               </TextLine>
               <TextLine ID="r2l28"
                         BASELINE="923"
                         HEIGHT="59"
                         WIDTH="771"
                         VPOS="864"
                         HPOS="231">
                  <String HEIGHT="59"
                          WIDTH="88"
                          VPOS="864"
                          HPOS="218"
                          CONTENT="tio"
                          SUBS_TYPE="HypPart2"
                          SUBS_CONTENT="spiratio"/>
                  <SP HEIGHT="59" WIDTH="13" VPOS="864" HPOS="307"/>
                  <String HEIGHT="59" WIDTH="88" VPOS="864" HPOS="269" CONTENT="est"/>
                  <SP HEIGHT="59" WIDTH="13" VPOS="864" HPOS="357"/>
                  <String HEIGHT="59" WIDTH="63" VPOS="864" HPOS="319" CONTENT="a"/>
                  <SP HEIGHT="59" WIDTH="13" VPOS="864" HPOS="383"/>
                  <String HEIGHT="59"
                          WIDTH="177"
                          VPOS="864"
                          HPOS="345"
                          CONTENT="voluntate."/>
                  <SP HEIGHT="59" WIDTH="13" VPOS="864" HPOS="522"/>
                  <String HEIGHT="59"
                          WIDTH="101"
                          VPOS="864"
                          HPOS="484"
                          CONTENT="ergo"/>
                  <SP HEIGHT="59" WIDTH="13" VPOS="864" HPOS="585"/>
                  <String HEIGHT="59"
                          WIDTH="228"
                          VPOS="864"
                          HPOS="547"
                          CONTENT="distinguuntur."/>
                  <SP HEIGHT="59" WIDTH="13" VPOS="864" HPOS="774"/>
                  <String HEIGHT="59"
                          WIDTH="101"
                          VPOS="864"
                          HPOS="737"
                          CONTENT="Item"/>
                  <SP HEIGHT="59" WIDTH="13" VPOS="864" HPOS="838"/>
                  <String HEIGHT="59"
                          WIDTH="101"
                          VPOS="864"
                          HPOS="800"
                          CONTENT="quia"/>
                  <SP HEIGHT="59" WIDTH="13" VPOS="864" HPOS="901"/>
                  <String HEIGHT="59"
                          WIDTH="139"
                          VPOS="864"
                          HPOS="863"
                          CONTENT="menoria"/>
                  <SP HEIGHT="59" WIDTH="13" VPOS="864" HPOS="1002"/>
                  <String HEIGHT="59" WIDTH="51" VPOS="864" HPOS="951" CONTENT="in"/>
               </TextLine>
               <TextLine ID="r2l30"
                         BASELINE="957"
                         HEIGHT="51"
                         WIDTH="760"
                         VPOS="906"
                         HPOS="241">
                  <String HEIGHT="51"
                          WIDTH="187"
                          VPOS="906"
                          HPOS="228"
                          CONTENT="principium"/>
                  <SP HEIGHT="51" WIDTH="13" VPOS="906" HPOS="414"/>
                  <String HEIGHT="51"
                          WIDTH="240"
                          VPOS="906"
                          HPOS="374"
                          CONTENT="assimilatiuum."/>
                  <SP HEIGHT="51" WIDTH="13" VPOS="906" HPOS="614"/>
                  <String HEIGHT="51" WIDTH="80" VPOS="906" HPOS="574" CONTENT="Io"/>
                  <SP HEIGHT="51" WIDTH="13" VPOS="906" HPOS="654"/>
                  <String HEIGHT="51"
                          WIDTH="133"
                          VPOS="906"
                          HPOS="614"
                          CONTENT="filius"/>
                  <SP HEIGHT="51" WIDTH="13" VPOS="906" HPOS="748"/>
                  <String HEIGHT="51"
                          WIDTH="107"
                          VPOS="906"
                          HPOS="708"
                          CONTENT="quae"/>
                  <SP HEIGHT="51" WIDTH="13" VPOS="906" HPOS="814"/>
                  <String HEIGHT="51" WIDTH="93" VPOS="906" HPOS="774" CONTENT="est"/>
                  <SP HEIGHT="51" WIDTH="13" VPOS="906" HPOS="868"/>
                  <String HEIGHT="51"
                          WIDTH="187"
                          VPOS="906"
                          HPOS="814"
                          CONTENT="principiatiu"/>
               </TextLine>
               <TextLine ID="r2l32"
                         BASELINE="999"
                         HEIGHT="45"
                         WIDTH="762"
                         VPOS="954"
                         HPOS="241">
                  <String HEIGHT="45" WIDTH="83" VPOS="954" HPOS="227" CONTENT="ab"/>
                  <SP HEIGHT="45" WIDTH="14" VPOS="954" HPOS="310"/>
                  <String HEIGHT="45"
                          WIDTH="111"
                          VPOS="954"
                          HPOS="269"
                          CONTENT="illa"/>
                  <SP HEIGHT="45" WIDTH="14" VPOS="954" HPOS="380"/>
                  <String HEIGHT="45" WIDTH="69" VPOS="954" HPOS="338" CONTENT="e"/>
                  <SP HEIGHT="45" WIDTH="14" VPOS="954" HPOS="407"/>
                  <String HEIGHT="45"
                          WIDTH="125"
                          VPOS="954"
                          HPOS="366"
                          CONTENT="imago"/>
                  <SP HEIGHT="45" WIDTH="14" VPOS="954" HPOS="490"/>
                  <String HEIGHT="45"
                          WIDTH="152"
                          VPOS="954"
                          HPOS="449"
                          CONTENT="patris."/>
                  <SP HEIGHT="45" WIDTH="14" VPOS="954" HPOS="601"/>
                  <String HEIGHT="45"
                          WIDTH="166"
                          VPOS="954"
                          HPOS="560"
                          CONTENT="voluntas"/>
                  <SP HEIGHT="45" WIDTH="14" VPOS="954" HPOS="726"/>
                  <String HEIGHT="45" WIDTH="97" VPOS="954" HPOS="684" CONTENT="aut"/>
                  <SP HEIGHT="45" WIDTH="14" VPOS="954" HPOS="781"/>
                  <String HEIGHT="45" WIDTH="97" VPOS="954" HPOS="740" CONTENT="non"/>
                  <SP HEIGHT="45" WIDTH="14" VPOS="954" HPOS="837"/>
                  <String HEIGHT="45" WIDTH="97" VPOS="954" HPOS="795" CONTENT="est"/>
                  <SP HEIGHT="45" WIDTH="14" VPOS="954" HPOS="892"/>
                  <String HEIGHT="45"
                          WIDTH="166"
                          VPOS="954"
                          HPOS="837"
                          CONTENT="principium"/>
               </TextLine>
               <TextLine ID="r2l34"
                         BASELINE="1050"
                         HEIGHT="51"
                         WIDTH="760"
                         VPOS="999"
                         HPOS="241">
                  <String HEIGHT="51"
                          WIDTH="204"
                          VPOS="999"
                          HPOS="230"
                          CONTENT="assimilatiuum."/>
                  <SP HEIGHT="51" WIDTH="11" VPOS="999" HPOS="434"/>
                  <String HEIGHT="51" WIDTH="91" VPOS="999" HPOS="400" CONTENT="ideo"/>
                  <SP HEIGHT="51" WIDTH="11" VPOS="999" HPOS="491"/>
                  <String HEIGHT="51"
                          WIDTH="136"
                          VPOS="999"
                          HPOS="457"
                          CONTENT="spiritus"/>
                  <SP HEIGHT="51" WIDTH="11" VPOS="999" HPOS="593"/>
                  <String HEIGHT="51"
                          WIDTH="125"
                          VPOS="999"
                          HPOS="559"
                          CONTENT="sanctus"/>
                  <SP HEIGHT="51" WIDTH="11" VPOS="999" HPOS="683"/>
                  <String HEIGHT="51" WIDTH="79" VPOS="999" HPOS="649" CONTENT="non"/>
                  <SP HEIGHT="51" WIDTH="11" VPOS="999" HPOS="729"/>
                  <String HEIGHT="51"
                          WIDTH="125"
                          VPOS="999"
                          HPOS="695"
                          CONTENT="dicitur"/>
                  <SP HEIGHT="51" WIDTH="11" VPOS="999" HPOS="820"/>
                  <String HEIGHT="51"
                          WIDTH="102"
                          VPOS="999"
                          HPOS="785"
                          CONTENT="imago"/>
                  <SP HEIGHT="51" WIDTH="11" VPOS="999" HPOS="888"/>
                  <String HEIGHT="51"
                          WIDTH="125"
                          VPOS="999"
                          HPOS="854"
                          CONTENT="patris."/>
                  <SP HEIGHT="51" WIDTH="11" VPOS="999" HPOS="978"/>
                  <String HEIGHT="51" WIDTH="68" VPOS="999" HPOS="933" CONTENT="ergo"/>
               </TextLine>
               <TextLine ID="r2l36"
                         BASELINE="1090"
                         HEIGHT="49"
                         WIDTH="755"
                         VPOS="1041"
                         HPOS="246">
                  <String HEIGHT="49"
                          WIDTH="121"
                          VPOS="1041"
                          HPOS="233"
                          CONTENT="patet"/>
                  <SP HEIGHT="49" WIDTH="13" VPOS="1041" HPOS="354"/>
                  <String HEIGHT="49"
                          WIDTH="108"
                          VPOS="1041"
                          HPOS="313"
                          CONTENT="quod"/>
                  <SP HEIGHT="49" WIDTH="13" VPOS="1041" HPOS="421"/>
                  <String HEIGHT="49"
                          WIDTH="175"
                          VPOS="1041"
                          HPOS="381"
                          CONTENT="elicitiue"/>
                  <SP HEIGHT="49" WIDTH="13" VPOS="1041" HPOS="556"/>
                  <String HEIGHT="49" WIDTH="81" VPOS="1041" HPOS="516" CONTENT="ex"/>
                  <SP HEIGHT="49" WIDTH="13" VPOS="1041" HPOS="597"/>
                  <String HEIGHT="49"
                          WIDTH="189"
                          VPOS="1041"
                          HPOS="556"
                          CONTENT="principiis"/>
                  <SP HEIGHT="49" WIDTH="13" VPOS="1041" HPOS="745"/>
                  <String HEIGHT="49"
                          WIDTH="243"
                          VPOS="1041"
                          HPOS="704"
                          CONTENT="distinguuntur."/>
                  <SP HEIGHT="49" WIDTH="13" VPOS="1041" HPOS="947"/>
                  <String HEIGHT="49" WIDTH="94" VPOS="1041" HPOS="907" CONTENT="Hec"/>
                  <SP HEIGHT="49" WIDTH="13" VPOS="1041" HPOS="1001"/>
                  <String HEIGHT="49" WIDTH="54" VPOS="1041" HPOS="947" CONTENT="et"/>
               </TextLine>
               <TextLine ID="r2l38"
                         BASELINE="1145"
                         HEIGHT="63"
                         WIDTH="769"
                         VPOS="1082"
                         HPOS="232">
                  <String HEIGHT="63"
                          WIDTH="154"
                          VPOS="1082"
                          HPOS="218"
                          CONTENT="Scotor."/>
                  <SP HEIGHT="63" WIDTH="14" VPOS="1082" HPOS="372"/>
                  <String HEIGHT="63" WIDTH="98" VPOS="1082" HPOS="330" CONTENT="sed"/>
                  <SP HEIGHT="63" WIDTH="14" VPOS="1082" HPOS="428"/>
                  <String HEIGHT="63"
                          WIDTH="154"
                          VPOS="1082"
                          HPOS="386"
                          CONTENT="propter"/>
                  <SP HEIGHT="63" WIDTH="14" VPOS="1082" HPOS="540"/>
                  <String HEIGHT="63"
                          WIDTH="182"
                          VPOS="1082"
                          HPOS="498"
                          CONTENT="opinionum"/>
                  <SP HEIGHT="63" WIDTH="14" VPOS="1082" HPOS="679"/>
                  <String HEIGHT="63"
                          WIDTH="168"
                          VPOS="1082"
                          HPOS="637"
                          CONTENT="rationes"/>
                  <SP HEIGHT="63" WIDTH="14" VPOS="1082" HPOS="805"/>
                  <String HEIGHT="63"
                          WIDTH="182"
                          VPOS="1082"
                          HPOS="763"
                          CONTENT="sequuntur"/>
                  <SP HEIGHT="63" WIDTH="14" VPOS="1082" HPOS="945"/>
                  <String HEIGHT="63"
                          WIDTH="112"
                          VPOS="1082"
                          HPOS="889"
                          CONTENT="aliqua"/>
               </TextLine>
               <TextLine ID="r2l40"
                         BASELINE="1168"
                         HEIGHT="51"
                         WIDTH="219"
                         VPOS="1117"
                         HPOS="239">
                  <String HEIGHT="51"
                          WIDTH="146"
                          VPOS="1117"
                          HPOS="224"
                          CONTENT="dubia."/>
                  <SP HEIGHT="51" WIDTH="15" VPOS="1117" HPOS="370"/>
                  <String HEIGHT="51"
                          WIDTH="146"
                          VPOS="1117"
                          HPOS="312"
                          CONTENT="scilicet"/>
               </TextLine>
               <TextLine ID="r2l42"
                         BASELINE="1237"
                         HEIGHT="89"
                         WIDTH="774"
                         VPOS="1148"
                         HPOS="225">
                  <String HEIGHT="89" WIDTH="97" VPOS="1148" HPOS="206" CONTENT="¶"/>
                  <SP HEIGHT="89" WIDTH="19" VPOS="1148" HPOS="302"/>
                  <String HEIGHT="89"
                          WIDTH="135"
                          VPOS="1148"
                          HPOS="244"
                          CONTENT="UIn"/>
                  <SP HEIGHT="89" WIDTH="19" VPOS="1148" HPOS="380"/>
                  <String HEIGHT="89"
                          WIDTH="194"
                          VPOS="1148"
                          HPOS="322"
                          CONTENT="valeat"/>
                  <SP HEIGHT="89" WIDTH="19" VPOS="1148" HPOS="515"/>
                  <String HEIGHT="89"
                          WIDTH="155"
                          VPOS="1148"
                          HPOS="457"
                          CONTENT="dici"/>
                  <SP HEIGHT="89" WIDTH="19" VPOS="1148" HPOS="612"/>
                  <String HEIGHT="89"
                          WIDTH="155"
                          VPOS="1148"
                          HPOS="554"
                          CONTENT="quod"/>
                  <SP HEIGHT="89" WIDTH="19" VPOS="1148" HPOS="709"/>
                  <String HEIGHT="89"
                          WIDTH="252"
                          VPOS="1148"
                          HPOS="651"
                          CONTENT="processio"/>
                  <SP HEIGHT="89" WIDTH="19" VPOS="1148" HPOS="902"/>
                  <String HEIGHT="89"
                          WIDTH="174"
                          VPOS="1148"
                          HPOS="825"
                          CONTENT="distin"
                          SUBS_TYPE="HypPart1"
                          SUBS_CONTENT="distinguitur"/>
                  <HYP CONTENT="-"/>
               </TextLine>
               <TextLine ID="r2l44"
                         BASELINE="1275"
                         HEIGHT="59"
                         WIDTH="759"
                         VPOS="1216"
                         HPOS="241">
                  <String HEIGHT="59"
                          WIDTH="108"
                          VPOS="1216"
                          HPOS="230"
                          CONTENT="guitur"
                          SUBS_TYPE="HypPart2"
                          SUBS_CONTENT="distinguitur"/>
                  <SP HEIGHT="59" WIDTH="11" VPOS="1216" HPOS="339"/>
                  <String HEIGHT="59" WIDTH="54" VPOS="1216" HPOS="306" CONTENT="a"/>
                  <SP HEIGHT="59" WIDTH="11" VPOS="1216" HPOS="360"/>
                  <String HEIGHT="59"
                          WIDTH="163"
                          VPOS="1216"
                          HPOS="328"
                          CONTENT="generatione"/>
                  <SP HEIGHT="59" WIDTH="11" VPOS="1216" HPOS="490"/>
                  <String HEIGHT="59"
                          WIDTH="108"
                          VPOS="1216"
                          HPOS="458"
                          CONTENT="filii."/>
                  <SP HEIGHT="59" WIDTH="11" VPOS="1216" HPOS="566"/>
                  <String HEIGHT="59" WIDTH="65" VPOS="1216" HPOS="534" CONTENT="eo"/>
                  <SP HEIGHT="59" WIDTH="11" VPOS="1216" HPOS="599"/>
                  <String HEIGHT="59"
                          WIDTH="87"
                          VPOS="1216"
                          HPOS="566"
                          CONTENT="quod"/>
                  <SP HEIGHT="59" WIDTH="11" VPOS="1216" HPOS="653"/>
                  <String HEIGHT="59"
                          WIDTH="130"
                          VPOS="1216"
                          HPOS="621"
                          CONTENT="spiritus"/>
                  <SP HEIGHT="59" WIDTH="11" VPOS="1216" HPOS="751"/>
                  <String HEIGHT="59"
                          WIDTH="108"
                          VPOS="1216"
                          HPOS="718"
                          CONTENT="sancti"/>
                  <SP HEIGHT="59" WIDTH="11" VPOS="1216" HPOS="827"/>
                  <String HEIGHT="59"
                          WIDTH="141"
                          VPOS="1216"
                          HPOS="794"
                          CONTENT="processio"/>
                  <SP HEIGHT="59" WIDTH="11" VPOS="1216" HPOS="935"/>
                  <String HEIGHT="59"
                          WIDTH="87"
                          VPOS="1216"
                          HPOS="902"
                          CONTENT="exit"/>
                  <SP HEIGHT="59" WIDTH="11" VPOS="1216" HPOS="989"/>
                  <String HEIGHT="59" WIDTH="54" VPOS="1216" HPOS="946" CONTENT="quo"/>
               </TextLine>
               <TextLine ID="r2l46"
                         BASELINE="1326"
                         HEIGHT="55"
                         WIDTH="759"
                         VPOS="1271"
                         HPOS="241">
                  <String HEIGHT="55"
                          WIDTH="113"
                          VPOS="1271"
                          HPOS="230"
                          CONTENT="duobus"/>
                  <SP HEIGHT="55" WIDTH="11" VPOS="1271" HPOS="343"/>
                  <String HEIGHT="55"
                          WIDTH="136"
                          VPOS="1271"
                          HPOS="309"
                          CONTENT="scilicet"/>
                  <SP HEIGHT="55" WIDTH="11" VPOS="1271" HPOS="445"/>
                  <String HEIGHT="55" WIDTH="57" VPOS="1271" HPOS="411" CONTENT="a"/>
                  <SP HEIGHT="55" WIDTH="11" VPOS="1271" HPOS="468"/>
                  <String HEIGHT="55"
                          WIDTH="102"
                          VPOS="1271"
                          HPOS="434"
                          CONTENT="patre"/>
                  <SP HEIGHT="55" WIDTH="11" VPOS="1271" HPOS="536"/>
                  <String HEIGHT="55" WIDTH="68" VPOS="1271" HPOS="502" CONTENT="et"/>
                  <SP HEIGHT="55" WIDTH="11" VPOS="1271" HPOS="570"/>
                  <String HEIGHT="55"
                          WIDTH="113"
                          VPOS="1271"
                          HPOS="536"
                          CONTENT="filio."/>
                  <SP HEIGHT="55" WIDTH="11" VPOS="1271" HPOS="649"/>
                  <String HEIGHT="55" WIDTH="79" VPOS="1271" HPOS="615" CONTENT="sed"/>
                  <SP HEIGHT="55" WIDTH="11" VPOS="1271" HPOS="694"/>
                  <String HEIGHT="55"
                          WIDTH="147"
                          VPOS="1271"
                          HPOS="660"
                          CONTENT="generatio"/>
                  <SP HEIGHT="55" WIDTH="11" VPOS="1271" HPOS="807"/>
                  <String HEIGHT="55"
                          WIDTH="113"
                          VPOS="1271"
                          HPOS="773"
                          CONTENT="tantum"/>
                  <SP HEIGHT="55" WIDTH="11" VPOS="1271" HPOS="887"/>
                  <String HEIGHT="55" WIDTH="68" VPOS="1271" HPOS="853" CONTENT="ab"/>
                  <SP HEIGHT="55" WIDTH="11" VPOS="1271" HPOS="921"/>
                  <String HEIGHT="55" WIDTH="79" VPOS="1271" HPOS="887" CONTENT="vno"/>
                  <SP HEIGHT="55" WIDTH="11" VPOS="1271" HPOS="966"/>
                  <String HEIGHT="55"
                          WIDTH="79"
                          VPOS="1271"
                          HPOS="921"
                          CONTENT="super"/>
               </TextLine>
               <TextLine ID="r2l48"
                         BASELINE="1362"
                         HEIGHT="55"
                         WIDTH="763"
                         VPOS="1307"
                         HPOS="241">
                  <String HEIGHT="55"
                          WIDTH="106"
                          VPOS="1307"
                          HPOS="230"
                          CONTENT="posito"/>
                  <SP HEIGHT="55" WIDTH="11" VPOS="1307" HPOS="336"/>
                  <String HEIGHT="55"
                          WIDTH="117"
                          VPOS="1307"
                          HPOS="305"
                          CONTENT="patris."/>
                  <SP HEIGHT="55" WIDTH="11" VPOS="1307" HPOS="421"/>
                  <String HEIGHT="55"
                          WIDTH="159"
                          VPOS="1307"
                          HPOS="389"
                          CONTENT="Respondetur"/>
                  <SP HEIGHT="55" WIDTH="11" VPOS="1307" HPOS="548"/>
                  <String HEIGHT="55"
                          WIDTH="127"
                          VPOS="1307"
                          HPOS="517"
                          CONTENT="secundum"/>
                  <SP HEIGHT="55" WIDTH="11" VPOS="1307" HPOS="644"/>
                  <String HEIGHT="55"
                          WIDTH="95"
                          VPOS="1307"
                          HPOS="612"
                          CONTENT="Guil."/>
                  <SP HEIGHT="55" WIDTH="11" VPOS="1307" HPOS="707"/>
                  <String HEIGHT="55"
                          WIDTH="117"
                          VPOS="1307"
                          HPOS="675"
                          CONTENT="similis"/>
                  <SP HEIGHT="55" WIDTH="11" VPOS="1307" HPOS="792"/>
                  <String HEIGHT="55" WIDTH="64" VPOS="1307" HPOS="760" CONTENT="et"/>
                  <SP HEIGHT="55" WIDTH="11" VPOS="1307" HPOS="824"/>
                  <String HEIGHT="55"
                          WIDTH="106"
                          VPOS="1307"
                          HPOS="792"
                          CONTENT="Scoto."/>
                  <SP HEIGHT="55" WIDTH="11" VPOS="1307" HPOS="898"/>
                  <String HEIGHT="55" WIDTH="64" VPOS="1307" HPOS="866" CONTENT="e."/>
                  <SP HEIGHT="55" WIDTH="11" VPOS="1307" HPOS="930"/>
                  <String HEIGHT="55" WIDTH="74" VPOS="1307" HPOS="898" CONTENT="di."/>
                  <SP HEIGHT="55" WIDTH="11" VPOS="1307" HPOS="972"/>
                  <String HEIGHT="55"
                          WIDTH="85"
                          VPOS="1307"
                          HPOS="940"
                          CONTENT="xiii"/>
                  <SP HEIGHT="55" WIDTH="11" VPOS="1307" HPOS="1025"/>
                  <String HEIGHT="55" WIDTH="21" VPOS="1307" HPOS="983" CONTENT=""/>
               </TextLine>
               <TextLine ID="r2l50"
                         BASELINE="1406"
                         HEIGHT="51"
                         WIDTH="760"
                         VPOS="1355"
                         HPOS="244">
                  <String HEIGHT="51"
                          WIDTH="103"
                          VPOS="1355"
                          HPOS="231"
                          CONTENT="quod"/>
                  <SP HEIGHT="51" WIDTH="13" VPOS="1355" HPOS="334"/>
                  <String HEIGHT="51"
                          WIDTH="142"
                          VPOS="1355"
                          HPOS="296"
                          CONTENT="quamuis"/>
                  <SP HEIGHT="51" WIDTH="13" VPOS="1355" HPOS="437"/>
                  <String HEIGHT="51"
                          WIDTH="167"
                          VPOS="1355"
                          HPOS="399"
                          CONTENT="Gotfridus"/>
                  <SP HEIGHT="51" WIDTH="13" VPOS="1355" HPOS="566"/>
                  <String HEIGHT="51"
                          WIDTH="193"
                          VPOS="1355"
                          HPOS="527"
                          CONTENT="quodlibeto."/>
                  <SP HEIGHT="51" WIDTH="13" VPOS="1355" HPOS="721"/>
                  <String HEIGHT="51"
                          WIDTH="103"
                          VPOS="1355"
                          HPOS="682"
                          CONTENT="vii."/>
                  <SP HEIGHT="51" WIDTH="13" VPOS="1355" HPOS="785"/>
                  <String HEIGHT="51" WIDTH="77" VPOS="1355" HPOS="746" CONTENT="q."/>
                  <SP HEIGHT="51" WIDTH="13" VPOS="1355" HPOS="824"/>
                  <String HEIGHT="51"
                          WIDTH="116"
                          VPOS="1355"
                          HPOS="785"
                          CONTENT="iiii."/>
                  <SP HEIGHT="51" WIDTH="13" VPOS="1355" HPOS="901"/>
                  <String HEIGHT="51" WIDTH="90" VPOS="1355" HPOS="862" CONTENT="sic"/>
                  <SP HEIGHT="51" WIDTH="13" VPOS="1355" HPOS="952"/>
                  <String HEIGHT="51"
                          WIDTH="103"
                          VPOS="1355"
                          HPOS="901"
                          CONTENT="ponat."/>
               </TextLine>
               <TextLine ID="r2l52"
                         BASELINE="1438"
                         HEIGHT="43"
                         WIDTH="752"
                         VPOS="1395"
                         HPOS="240">
                  <String HEIGHT="43"
                          WIDTH="103"
                          VPOS="1395"
                          HPOS="229"
                          CONTENT="tamen"/>
                  <SP HEIGHT="43" WIDTH="11" VPOS="1395" HPOS="331"/>
                  <String HEIGHT="43" WIDTH="80" VPOS="1395" HPOS="297" CONTENT="non"/>
                  <SP HEIGHT="43" WIDTH="11" VPOS="1395" HPOS="377"/>
                  <String HEIGHT="43"
                          WIDTH="114"
                          VPOS="1395"
                          HPOS="343"
                          CONTENT="valet:"/>
                  <SP HEIGHT="43" WIDTH="11" VPOS="1395" HPOS="456"/>
                  <String HEIGHT="43" WIDTH="68" VPOS="1395" HPOS="422" CONTENT="vt"/>
                  <SP HEIGHT="43" WIDTH="11" VPOS="1395" HPOS="491"/>
                  <String HEIGHT="43"
                          WIDTH="103"
                          VPOS="1395"
                          HPOS="456"
                          CONTENT="patet"/>
                  <SP HEIGHT="43" WIDTH="11" VPOS="1395" HPOS="559"/>
                  <String HEIGHT="43" WIDTH="80" VPOS="1395" HPOS="525" CONTENT="per"/>
                  <SP HEIGHT="43" WIDTH="11" VPOS="1395" HPOS="605"/>
                  <String HEIGHT="43"
                          WIDTH="91"
                          VPOS="1395"
                          HPOS="570"
                          CONTENT="doc."/>
                  <SP HEIGHT="43" WIDTH="11" VPOS="1395" HPOS="662"/>
                  <String HEIGHT="43"
                          WIDTH="103"
                          VPOS="1395"
                          HPOS="627"
                          CONTENT="sbti."/>
                  <SP HEIGHT="43" WIDTH="11" VPOS="1395" HPOS="730"/>
                  <String HEIGHT="43"
                          WIDTH="91"
                          VPOS="1395"
                          HPOS="696"
                          CONTENT="quia"/>
                  <SP HEIGHT="43" WIDTH="11" VPOS="1395" HPOS="787"/>
                  <String HEIGHT="43"
                          WIDTH="114"
                          VPOS="1395"
                          HPOS="753"
                          CONTENT="divina"/>
                  <SP HEIGHT="43" WIDTH="11" VPOS="1395" HPOS="867"/>
                  <String HEIGHT="43"
                          WIDTH="137"
                          VPOS="1395"
                          HPOS="832"
                          CONTENT="essentia"/>
                  <SP HEIGHT="43" WIDTH="11" VPOS="1395" HPOS="969"/>
                  <String HEIGHT="43"
                          WIDTH="68"
                          VPOS="1395"
                          HPOS="924"
                          CONTENT="esst"/>
               </TextLine>
               <TextLine ID="r2l54"
                         BASELINE="1487"
                         HEIGHT="46"
                         WIDTH="773"
                         VPOS="1441"
                         HPOS="238">
                  <String HEIGHT="46"
                          WIDTH="207"
                          VPOS="1441"
                          HPOS="224"
                          CONTENT="naturaliter"/>
                  <SP HEIGHT="46" WIDTH="14" VPOS="1441" HPOS="431"/>
                  <String HEIGHT="46" WIDTH="83" VPOS="1441" HPOS="390" CONTENT="in"/>
                  <SP HEIGHT="46" WIDTH="14" VPOS="1441" HPOS="473"/>
                  <String HEIGHT="46" WIDTH="97" VPOS="1441" HPOS="431" CONTENT="vno"/>
                  <SP HEIGHT="46" WIDTH="14" VPOS="1441" HPOS="528"/>
                  <String HEIGHT="46"
                          WIDTH="138"
                          VPOS="1441"
                          HPOS="486"
                          CONTENT="divino"/>
                  <SP HEIGHT="46" WIDTH="14" VPOS="1441" HPOS="625"/>
                  <String HEIGHT="46"
                          WIDTH="193"
                          VPOS="1441"
                          HPOS="583"
                          CONTENT="supposito:"/>
                  <SP HEIGHT="46" WIDTH="14" VPOS="1441" HPOS="776"/>
                  <String HEIGHT="46"
                          WIDTH="124"
                          VPOS="1441"
                          HPOS="735"
                          CONTENT="sicut"/>
                  <SP HEIGHT="46" WIDTH="14" VPOS="1441" HPOS="859"/>
                  <String HEIGHT="46" WIDTH="83" VPOS="1441" HPOS="818" CONTENT="in"/>
                  <SP HEIGHT="46" WIDTH="14" VPOS="1441" HPOS="901"/>
                  <String HEIGHT="46"
                          WIDTH="152"
                          VPOS="1441"
                          HPOS="859"
                          CONTENT="duobus."/>
                  <SP HEIGHT="46" WIDTH="14" VPOS="1441" HPOS="1011"/>
                  <String HEIGHT="46" WIDTH="55" VPOS="1441" HPOS="956" CONTENT="et"/>
               </TextLine>
               <TextLine ID="r2l56"
                         BASELINE="1521"
                         HEIGHT="43"
                         WIDTH="770"
                         VPOS="1478"
                         HPOS="231">
                  <String HEIGHT="43"
                          WIDTH="166"
                          VPOS="1478"
                          HPOS="219"
                          CONTENT="econuerso."/>
                  <SP HEIGHT="43" WIDTH="12" VPOS="1478" HPOS="385"/>
                  <String HEIGHT="43"
                          WIDTH="95"
                          VPOS="1478"
                          HPOS="349"
                          CONTENT="Item"/>
                  <SP HEIGHT="43" WIDTH="12" VPOS="1478" HPOS="444"/>
                  <String HEIGHT="43"
                          WIDTH="95"
                          VPOS="1478"
                          HPOS="409"
                          CONTENT="quia"/>
                  <SP HEIGHT="43" WIDTH="12" VPOS="1478" HPOS="503"/>
                  <String HEIGHT="43"
                          WIDTH="142"
                          VPOS="1478"
                          HPOS="468"
                          CONTENT="secundum"/>
                  <SP HEIGHT="43" WIDTH="12" VPOS="1478" HPOS="610"/>
                  <String HEIGHT="43"
                          WIDTH="107"
                          VPOS="1478"
                          HPOS="575"
                          CONTENT="istam"/>
                  <SP HEIGHT="43" WIDTH="12" VPOS="1478" HPOS="681"/>
                  <String HEIGHT="43"
                          WIDTH="95"
                          VPOS="1478"
                          HPOS="646"
                          CONTENT="viam"/>
                  <SP HEIGHT="43" WIDTH="12" VPOS="1478" HPOS="740"/>
                  <String HEIGHT="43"
                          WIDTH="130"
                          VPOS="1478"
                          HPOS="705"
                          CONTENT="possent"/>
                  <SP HEIGHT="43" WIDTH="12" VPOS="1478" HPOS="835"/>
                  <String HEIGHT="43"
                          WIDTH="130"
                          VPOS="1478"
                          HPOS="800"
                          CONTENT="patesni"/>
                  <SP HEIGHT="43" WIDTH="12" VPOS="1478" HPOS="930"/>
                  <String HEIGHT="43"
                          WIDTH="118"
                          VPOS="1478"
                          HPOS="883"
                          CONTENT="infinite"/>
               </TextLine>
               <TextLine ID="r2l58"
                         BASELINE="1573"
                         HEIGHT="58"
                         WIDTH="769"
                         VPOS="1515"
                         HPOS="231">
                  <String HEIGHT="58"
                          WIDTH="132"
                          VPOS="1515"
                          HPOS="219"
                          CONTENT="persone"/>
                  <SP HEIGHT="58" WIDTH="12" VPOS="1515" HPOS="351"/>
                  <String HEIGHT="58" WIDTH="72" VPOS="1515" HPOS="315" CONTENT="in"/>
                  <SP HEIGHT="58" WIDTH="12" VPOS="1515" HPOS="387"/>
                  <String HEIGHT="58"
                          WIDTH="144"
                          VPOS="1515"
                          HPOS="351"
                          CONTENT="divinis."/>
                  <SP HEIGHT="58" WIDTH="12" VPOS="1515" HPOS="495"/>
                  <String HEIGHT="58"
                          WIDTH="96"
                          VPOS="1515"
                          HPOS="459"
                          CONTENT="quia"/>
                  <SP HEIGHT="58" WIDTH="12" VPOS="1515" HPOS="555"/>
                  <String HEIGHT="58"
                          WIDTH="120"
                          VPOS="1515"
                          HPOS="519"
                          CONTENT="posset"/>
                  <SP HEIGHT="58" WIDTH="12" VPOS="1515" HPOS="640"/>
                  <String HEIGHT="58"
                          WIDTH="96"
                          VPOS="1515"
                          HPOS="603"
                          CONTENT="dici"/>
                  <SP HEIGHT="58" WIDTH="12" VPOS="1515" HPOS="700"/>
                  <String HEIGHT="58"
                          WIDTH="96"
                          VPOS="1515"
                          HPOS="664"
                          CONTENT="quod"/>
                  <SP HEIGHT="58" WIDTH="12" VPOS="1515" HPOS="760"/>
                  <String HEIGHT="58"
                          WIDTH="132"
                          VPOS="1515"
                          HPOS="724"
                          CONTENT="quaerta"/>
                  <SP HEIGHT="58" WIDTH="12" VPOS="1515" HPOS="856"/>
                  <String HEIGHT="58"
                          WIDTH="132"
                          VPOS="1515"
                          HPOS="820"
                          CONTENT="persona"/>
                  <SP HEIGHT="58" WIDTH="12" VPOS="1515" HPOS="952"/>
                  <String HEIGHT="58"
                          WIDTH="96"
                          VPOS="1515"
                          HPOS="904"
                          CONTENT="differ"/>
               </TextLine>
               <TextLine ID="r2l60"
                         BASELINE="1614"
                         HEIGHT="50"
                         WIDTH="772"
                         VPOS="1564"
                         HPOS="232">
                  <String HEIGHT="50"
                          WIDTH="137"
                          VPOS="1564"
                          HPOS="220"
                          CONTENT="atribus"/>
                  <SP HEIGHT="50" WIDTH="12" VPOS="1564" HPOS="357"/>
                  <String HEIGHT="50" WIDTH="87" VPOS="1564" HPOS="319" CONTENT="per"/>
                  <SP HEIGHT="50" WIDTH="12" VPOS="1564" HPOS="406"/>
                  <String HEIGHT="50" WIDTH="87" VPOS="1564" HPOS="369" CONTENT="hoc"/>
                  <SP HEIGHT="50" WIDTH="12" VPOS="1564" HPOS="456"/>
                  <String HEIGHT="50"
                          WIDTH="100"
                          VPOS="1564"
                          HPOS="419"
                          CONTENT="quod"/>
                  <SP HEIGHT="50" WIDTH="12" VPOS="1564" HPOS="518"/>
                  <String HEIGHT="50"
                          WIDTH="174"
                          VPOS="1564"
                          HPOS="481"
                          CONTENT="procederet"/>
                  <SP HEIGHT="50" WIDTH="12" VPOS="1564" HPOS="655"/>
                  <String HEIGHT="50" WIDTH="62" VPOS="1564" HPOS="618" CONTENT="a"/>
                  <SP HEIGHT="50" WIDTH="12" VPOS="1564" HPOS="680"/>
                  <String HEIGHT="50"
                          WIDTH="125"
                          VPOS="1564"
                          HPOS="643"
                          CONTENT="tribus"/>
                  <SP HEIGHT="50" WIDTH="12" VPOS="1564" HPOS="767"/>
                  <String HEIGHT="50" WIDTH="75" VPOS="1564" HPOS="730" CONTENT="et"/>
                  <SP HEIGHT="50" WIDTH="12" VPOS="1564" HPOS="805"/>
                  <String HEIGHT="50"
                          WIDTH="125"
                          VPOS="1564"
                          HPOS="767"
                          CONTENT="quinta"/>
                  <SP HEIGHT="50" WIDTH="12" VPOS="1564" HPOS="892"/>
                  <String HEIGHT="50"
                          WIDTH="162"
                          VPOS="1564"
                          HPOS="855"
                          CONTENT="differret"/>
                  <SP HEIGHT="50" WIDTH="12" VPOS="1564" HPOS="1016"/>
                  <String HEIGHT="50" WIDTH="37" VPOS="1564" HPOS="967" CONTENT="a"/>
               </TextLine>
               <TextLine ID="r2l62"
                         BASELINE="1654"
                         HEIGHT="49"
                         WIDTH="673"
                         VPOS="1605"
                         HPOS="235">
                  <String HEIGHT="49"
                          WIDTH="135"
                          VPOS="1605"
                          HPOS="223"
                          CONTENT="quarta:"/>
                  <SP HEIGHT="49" WIDTH="12" VPOS="1605" HPOS="357"/>
                  <String HEIGHT="49"
                          WIDTH="98"
                          VPOS="1605"
                          HPOS="321"
                          CONTENT="quia"/>
                  <SP HEIGHT="49" WIDTH="12" VPOS="1605" HPOS="419"/>
                  <String HEIGHT="49"
                          WIDTH="171"
                          VPOS="1605"
                          HPOS="382"
                          CONTENT="procederet"/>
                  <SP HEIGHT="49" WIDTH="12" VPOS="1605" HPOS="553"/>
                  <String HEIGHT="49" WIDTH="61" VPOS="1605" HPOS="516" CONTENT="a"/>
                  <SP HEIGHT="49" WIDTH="12" VPOS="1605" HPOS="578"/>
                  <String HEIGHT="49"
                          WIDTH="159"
                          VPOS="1605"
                          HPOS="541"
                          CONTENT="quattuor."/>
                  <SP HEIGHT="49" WIDTH="12" VPOS="1605" HPOS="700"/>
                  <String HEIGHT="49" WIDTH="73" VPOS="1605" HPOS="663" CONTENT="et"/>
                  <SP HEIGHT="49" WIDTH="12" VPOS="1605" HPOS="737"/>
                  <String HEIGHT="49" WIDTH="86" VPOS="1605" HPOS="700" CONTENT="sic"/>
                  <SP HEIGHT="49" WIDTH="12" VPOS="1605" HPOS="786"/>
                  <String HEIGHT="49" WIDTH="73" VPOS="1605" HPOS="749" CONTENT="in"/>
                  <SP HEIGHT="49" WIDTH="12" VPOS="1605" HPOS="822"/>
                  <String HEIGHT="49"
                          WIDTH="135"
                          VPOS="1605"
                          HPOS="773"
                          CONTENT="infinitum"/>
               </TextLine>
               <TextLine ID="r2l65"
                         BASELINE="1721"
                         HEIGHT="86"
                         WIDTH="785"
                         VPOS="1635"
                         HPOS="219">
                  <String HEIGHT="86" WIDTH="96" VPOS="1635" HPOS="200" CONTENT="¶"/>
                  <SP HEIGHT="86" WIDTH="19" VPOS="1635" HPOS="296"/>
                  <String HEIGHT="86" WIDTH="115" VPOS="1635" HPOS="238" CONTENT="An"/>
                  <SP HEIGHT="86" WIDTH="19" VPOS="1635" HPOS="353"/>
                  <String HEIGHT="86"
                          WIDTH="191"
                          VPOS="1635"
                          HPOS="296"
                          CONTENT="valeat"/>
                  <SP HEIGHT="86" WIDTH="19" VPOS="1635" HPOS="487"/>
                  <String HEIGHT="86"
                          WIDTH="153"
                          VPOS="1635"
                          HPOS="430"
                          CONTENT="dici"/>
                  <SP HEIGHT="86" WIDTH="19" VPOS="1635" HPOS="583"/>
                  <String HEIGHT="86"
                          WIDTH="153"
                          VPOS="1635"
                          HPOS="525"
                          CONTENT="quod"/>
                  <SP HEIGHT="86" WIDTH="19" VPOS="1635" HPOS="679"/>
                  <String HEIGHT="86"
                          WIDTH="249"
                          VPOS="1635"
                          HPOS="621"
                          CONTENT="huiusmodi"/>
                  <SP HEIGHT="86" WIDTH="19" VPOS="1635" HPOS="870"/>
                  <String HEIGHT="86"
                          WIDTH="211"
                          VPOS="1635"
                          HPOS="793"
                          CONTENT="productio"/>
               </TextLine>
               <TextLine ID="r2l67"
                         BASELINE="1761"
                         HEIGHT="59"
                         WIDTH="764"
                         VPOS="1702"
                         HPOS="238">
                  <String HEIGHT="59" WIDTH="82" VPOS="1702" HPOS="226" CONTENT="nes"/>
                  <SP HEIGHT="59" WIDTH="12" VPOS="1702" HPOS="309"/>
                  <String HEIGHT="59"
                          WIDTH="153"
                          VPOS="1702"
                          HPOS="273"
                          CONTENT="differunt"/>
                  <SP HEIGHT="59" WIDTH="12" VPOS="1702" HPOS="426"/>
                  <String HEIGHT="59" WIDTH="82" VPOS="1702" HPOS="391" CONTENT="per"/>
                  <SP HEIGHT="59" WIDTH="12" VPOS="1702" HPOS="473"/>
                  <String HEIGHT="59"
                          WIDTH="141"
                          VPOS="1702"
                          HPOS="438"
                          CONTENT="termios:"/>
                  <SP HEIGHT="59" WIDTH="12" VPOS="1702" HPOS="579"/>
                  <String HEIGHT="59"
                          WIDTH="176"
                          VPOS="1702"
                          HPOS="544"
                          CONTENT="Respondetur"/>
                  <SP HEIGHT="59" WIDTH="12" VPOS="1702" HPOS="720"/>
                  <String HEIGHT="59"
                          WIDTH="153"
                          VPOS="1702"
                          HPOS="685"
                          CONTENT="secundum."/>
                  <SP HEIGHT="59" WIDTH="12" VPOS="1702" HPOS="837"/>
                  <String HEIGHT="59" WIDTH="71" VPOS="1702" HPOS="802" CONTENT="e."/>
                  <SP HEIGHT="59" WIDTH="12" VPOS="1702" HPOS="873"/>
                  <String HEIGHT="59"
                          WIDTH="106"
                          VPOS="1702"
                          HPOS="837"
                          CONTENT="Guil."/>
                  <SP HEIGHT="59" WIDTH="12" VPOS="1702" HPOS="943"/>
                  <String HEIGHT="59" WIDTH="71" VPOS="1702" HPOS="908" CONTENT="et"/>
                  <SP HEIGHT="59" WIDTH="12" VPOS="1702" HPOS="978"/>
                  <String HEIGHT="59"
                          WIDTH="71"
                          VPOS="1702"
                          HPOS="931"
                          CONTENT="Sco"
                          SUBS_TYPE="HypPart1"
                          SUBS_CONTENT="Scotor."/>
                  <HYP CONTENT="-"/>
               </TextLine>
               <TextLine ID="r2l68"
                         BASELINE="1807"
                         HEIGHT="52"
                         WIDTH="764"
                         VPOS="1755"
                         HPOS="240">
                  <String HEIGHT="52"
                          WIDTH="97"
                          VPOS="1755"
                          HPOS="228"
                          CONTENT="tor."
                          SUBS_TYPE="HypPart2"
                          SUBS_CONTENT="Scotor."/>
                  <SP HEIGHT="52" WIDTH="12" VPOS="1755" HPOS="325"/>
                  <String HEIGHT="52"
                          WIDTH="97"
                          VPOS="1755"
                          HPOS="289"
                          CONTENT="quod"/>
                  <SP HEIGHT="52" WIDTH="12" VPOS="1755" HPOS="386"/>
                  <String HEIGHT="52" WIDTH="85" VPOS="1755" HPOS="349" CONTENT="non"/>
                  <SP HEIGHT="52" WIDTH="12" VPOS="1755" HPOS="434"/>
                  <String HEIGHT="52"
                          WIDTH="121"
                          VPOS="1755"
                          HPOS="398"
                          CONTENT="valet:"/>
                  <SP HEIGHT="52" WIDTH="12" VPOS="1755" HPOS="519"/>
                  <String HEIGHT="52"
                          WIDTH="97"
                          VPOS="1755"
                          HPOS="483"
                          CONTENT="nisi"/>
                  <SP HEIGHT="52" WIDTH="12" VPOS="1755" HPOS="580"/>
                  <String HEIGHT="52"
                          WIDTH="133"
                          VPOS="1755"
                          HPOS="543"
                          CONTENT="dicatur"/>
                  <SP HEIGHT="52" WIDTH="12" VPOS="1755" HPOS="677"/>
                  <String HEIGHT="52"
                          WIDTH="97"
                          VPOS="1755"
                          HPOS="640"
                          CONTENT="quod"/>
                  <SP HEIGHT="52" WIDTH="12" VPOS="1755" HPOS="737"/>
                  <String HEIGHT="52"
                          WIDTH="206"
                          VPOS="1755"
                          HPOS="701"
                          CONTENT="distinguuntur"/>
                  <SP HEIGHT="52" WIDTH="12" VPOS="1755" HPOS="907"/>
                  <String HEIGHT="52" WIDTH="85" VPOS="1755" HPOS="871" CONTENT="per"/>
                  <SP HEIGHT="52" WIDTH="12" VPOS="1755" HPOS="955"/>
                  <String HEIGHT="52"
                          WIDTH="97"
                          VPOS="1755"
                          HPOS="907"
                          CONTENT="termi"
                          SUBS_TYPE="HypPart1"
                          SUBS_CONTENT="terminos"/>
                  <HYP CONTENT="-"/>
               </TextLine>
               <TextLine ID="r2l69"
                         BASELINE="1846"
                         HEIGHT="50"
                         WIDTH="760"
                         VPOS="1796"
                         HPOS="241">
                  <String HEIGHT="50"
                          WIDTH="84"
                          VPOS="1796"
                          HPOS="229"
                          CONTENT="nos"
                          SUBS_TYPE="HypPart2"
                          SUBS_CONTENT="terminos"/>
                  <SP HEIGHT="50" WIDTH="12" VPOS="1796" HPOS="313"/>
                  <String HEIGHT="50"
                          WIDTH="169"
                          VPOS="1796"
                          HPOS="277"
                          CONTENT="arguitiue:"/>
                  <SP HEIGHT="50" WIDTH="12" VPOS="1796" HPOS="446"/>
                  <String HEIGHT="50" WIDTH="72" VPOS="1796" HPOS="410" CONTENT="vt"/>
                  <SP HEIGHT="50" WIDTH="12" VPOS="1796" HPOS="482"/>
                  <String HEIGHT="50"
                          WIDTH="121"
                          VPOS="1796"
                          HPOS="446"
                          CONTENT="dictum"/>
                  <SP HEIGHT="50" WIDTH="12" VPOS="1796" HPOS="567"/>
                  <String HEIGHT="50"
                          WIDTH="97"
                          VPOS="1796"
                          HPOS="531"
                          CONTENT="est."/>
                  <SP HEIGHT="50" WIDTH="12" VPOS="1796" HPOS="627"/>
                  <String HEIGHT="50"
                          WIDTH="109"
                          VPOS="1796"
                          HPOS="591"
                          CONTENT="supra"/>
                  <SP HEIGHT="50" WIDTH="12" VPOS="1796" HPOS="699"/>
                  <String HEIGHT="50" WIDTH="60" VPOS="1796" HPOS="663" CONTENT="§"/>
                  <SP HEIGHT="50" WIDTH="12" VPOS="1796" HPOS="724"/>
                  <String HEIGHT="50" WIDTH="84" VPOS="1796" HPOS="687" CONTENT="vi."/>
                  <SP HEIGHT="50" WIDTH="12" VPOS="1796" HPOS="772"/>
                  <String HEIGHT="50"
                          WIDTH="181"
                          VPOS="1796"
                          HPOS="736"
                          CONTENT="conclusioe."/>
                  <SP HEIGHT="50" WIDTH="12" VPOS="1796" HPOS="917"/>
                  <String HEIGHT="50" WIDTH="72" VPOS="1796" HPOS="880" CONTENT="ii"/>
                  <SP HEIGHT="50" WIDTH="12" VPOS="1796" HPOS="953"/>
                  <String HEIGHT="50"
                          WIDTH="97"
                          VPOS="1796"
                          HPOS="917"
                          CONTENT="Unde"/>
                  <SP HEIGHT="50" WIDTH="12" VPOS="1796" HPOS="1013"/>
                  <String HEIGHT="50" WIDTH="36" VPOS="1796" HPOS="965" CONTENT="l"/>
               </TextLine>
               <TextLine ID="r2l71"
                         BASELINE="1886"
                         HEIGHT="50"
                         WIDTH="773"
                         VPOS="1836"
                         HPOS="240">
                  <String HEIGHT="50" WIDTH="97" VPOS="1836" HPOS="226" CONTENT="cet"/>
                  <SP HEIGHT="50" WIDTH="14" VPOS="1836" HPOS="323"/>
                  <String HEIGHT="50"
                          WIDTH="152"
                          VPOS="1836"
                          HPOS="281"
                          CONTENT="Egidius"/>
                  <SP HEIGHT="50" WIDTH="14" VPOS="1836" HPOS="433"/>
                  <String HEIGHT="50" WIDTH="83" VPOS="1836" HPOS="392" CONTENT="de"/>
                  <SP HEIGHT="50" WIDTH="14" VPOS="1836" HPOS="475"/>
                  <String HEIGHT="50"
                          WIDTH="110"
                          VPOS="1836"
                          HPOS="433"
                          CONTENT="Rho."/>
                  <SP HEIGHT="50" WIDTH="14" VPOS="1836" HPOS="544"/>
                  <String HEIGHT="50"
                          WIDTH="166"
                          VPOS="1836"
                          HPOS="502"
                          CONTENT="posuerit"/>
                  <SP HEIGHT="50" WIDTH="14" VPOS="1836" HPOS="668"/>
                  <String HEIGHT="50"
                          WIDTH="179"
                          VPOS="1836"
                          HPOS="627"
                          CONTENT="huiusmodi"/>
                  <SP HEIGHT="50" WIDTH="14" VPOS="1836" HPOS="806"/>
                  <String HEIGHT="50"
                          WIDTH="221"
                          VPOS="1836"
                          HPOS="765"
                          CONTENT="productiones"/>
                  <SP HEIGHT="50" WIDTH="14" VPOS="1836" HPOS="985"/>
                  <String HEIGHT="50"
                          WIDTH="83"
                          VPOS="1836"
                          HPOS="930"
                          CONTENT="dif"
                          SUBS_TYPE="HypPart1"
                          SUBS_CONTENT="differre"/>
                  <HYP CONTENT="-"/>
               </TextLine>
               <TextLine ID="r2l73"
                         BASELINE="1926"
                         HEIGHT="54"
                         WIDTH="765"
                         VPOS="1872"
                         HPOS="237">
                  <String HEIGHT="54"
                          WIDTH="117"
                          VPOS="1872"
                          HPOS="224"
                          CONTENT="ferre"
                          SUBS_TYPE="HypPart2"
                          SUBS_CONTENT="differre"/>
                  <SP HEIGHT="54" WIDTH="13" VPOS="1872" HPOS="341"/>
                  <String HEIGHT="54" WIDTH="91" VPOS="1872" HPOS="302" CONTENT="per"/>
                  <SP HEIGHT="54" WIDTH="13" VPOS="1872" HPOS="393"/>
                  <String HEIGHT="54"
                          WIDTH="156"
                          VPOS="1872"
                          HPOS="354"
                          CONTENT="terminos"/>
                  <SP HEIGHT="54" WIDTH="13" VPOS="1872" HPOS="509"/>
                  <String HEIGHT="54"
                          WIDTH="117"
                          VPOS="1872"
                          HPOS="470"
                          CONTENT="sicut"/>
                  <SP HEIGHT="54" WIDTH="13" VPOS="1872" HPOS="587"/>
                  <String HEIGHT="54"
                          WIDTH="117"
                          VPOS="1872"
                          HPOS="548"
                          CONTENT="motus"/>
                  <SP HEIGHT="54" WIDTH="13" VPOS="1872" HPOS="665"/>
                  <String HEIGHT="54"
                          WIDTH="156"
                          VPOS="1872"
                          HPOS="626"
                          CONTENT="ceteros."/>
                  <SP HEIGHT="54" WIDTH="13" VPOS="1872" HPOS="782"/>
                  <String HEIGHT="54"
                          WIDTH="117"
                          VPOS="1872"
                          HPOS="743"
                          CONTENT="tamen"/>
                  <SP HEIGHT="54" WIDTH="13" VPOS="1872" HPOS="859"/>
                  <String HEIGHT="54" WIDTH="91" VPOS="1872" HPOS="820" CONTENT="hoc"/>
                  <SP HEIGHT="54" WIDTH="13" VPOS="1872" HPOS="911"/>
                  <String HEIGHT="54" WIDTH="91" VPOS="1872" HPOS="872" CONTENT="non"/>
                  <SP HEIGHT="54" WIDTH="13" VPOS="1872" HPOS="963"/>
                  <String HEIGHT="54"
                          WIDTH="91"
                          VPOS="1872"
                          HPOS="911"
                          CONTENT="valet"/>
               </TextLine>
               <TextLine ID="r2l74"
                         BASELINE="1973"
                         HEIGHT="56"
                         WIDTH="767"
                         VPOS="1917"
                         HPOS="243">
                  <String HEIGHT="56"
                          WIDTH="108"
                          VPOS="1917"
                          HPOS="230"
                          CONTENT="quia"/>
                  <SP HEIGHT="56" WIDTH="13" VPOS="1917" HPOS="337"/>
                  <String HEIGHT="56"
                          WIDTH="108"
                          VPOS="1917"
                          HPOS="297"
                          CONTENT="iste"/>
                  <SP HEIGHT="56" WIDTH="13" VPOS="1917" HPOS="404"/>
                  <String HEIGHT="56"
                          WIDTH="215"
                          VPOS="1917"
                          HPOS="364"
                          CONTENT="productiones"/>
                  <SP HEIGHT="56" WIDTH="13" VPOS="1917" HPOS="579"/>
                  <String HEIGHT="56" WIDTH="81" VPOS="1917" HPOS="539" CONTENT="in"/>
                  <SP HEIGHT="56" WIDTH="13" VPOS="1917" HPOS="620"/>
                  <String HEIGHT="56"
                          WIDTH="148"
                          VPOS="1917"
                          HPOS="579"
                          CONTENT="divinis"/>
                  <SP HEIGHT="56" WIDTH="13" VPOS="1917" HPOS="727"/>
                  <String HEIGHT="56" WIDTH="94" VPOS="1917" HPOS="687" CONTENT="non"/>
                  <SP HEIGHT="56" WIDTH="13" VPOS="1917" HPOS="781"/>
                  <String HEIGHT="56"
                          WIDTH="108"
                          VPOS="1917"
                          HPOS="741"
                          CONTENT="sunt"/>
                  <SP HEIGHT="56" WIDTH="13" VPOS="1917" HPOS="849"/>
                  <String HEIGHT="56"
                          WIDTH="135"
                          VPOS="1917"
                          HPOS="808"
                          CONTENT="motus."/>
                  <SP HEIGHT="56" WIDTH="13" VPOS="1917" HPOS="943"/>
                  <String HEIGHT="56"
                          WIDTH="121"
                          VPOS="1917"
                          HPOS="889"
                          CONTENT="Denique"/>
               </TextLine>
               <TextLine ID="r2l75"
                         BASELINE="2016"
                         HEIGHT="58"
                         WIDTH="767"
                         VPOS="1958"
                         HPOS="237">
                  <String HEIGHT="58"
                          WIDTH="176"
                          VPOS="1958"
                          HPOS="224"
                          CONTENT="declaratur"/>
                  <SP HEIGHT="58" WIDTH="13" VPOS="1958" HPOS="400"/>
                  <String HEIGHT="58"
                          WIDTH="151"
                          VPOS="1958"
                          HPOS="363"
                          CONTENT="secundum"/>
                  <SP HEIGHT="58" WIDTH="13" VPOS="1958" HPOS="514"/>
                  <String HEIGHT="58" WIDTH="75" VPOS="1958" HPOS="476" CONTENT="e."/>
                  <SP HEIGHT="58" WIDTH="13" VPOS="1958" HPOS="551"/>
                  <String HEIGHT="58"
                          WIDTH="126"
                          VPOS="1958"
                          HPOS="514"
                          CONTENT="Guill."/>
                  <SP HEIGHT="58" WIDTH="13" VPOS="1958" HPOS="639"/>
                  <String HEIGHT="58"
                          WIDTH="138"
                          VPOS="1958"
                          HPOS="602"
                          CONTENT="concor."/>
                  <SP HEIGHT="58" WIDTH="13" VPOS="1958" HPOS="740"/>
                  <String HEIGHT="58"
                          WIDTH="126"
                          VPOS="1958"
                          HPOS="702"
                          CONTENT="Scoto."/>
                  <SP HEIGHT="58" WIDTH="13" VPOS="1958" HPOS="828"/>
                  <String HEIGHT="58"
                          WIDTH="101"
                          VPOS="1958"
                          HPOS="790"
                          CONTENT="quia"/>
                  <SP HEIGHT="58" WIDTH="13" VPOS="1958" HPOS="891"/>
                  <String HEIGHT="58" WIDTH="88" VPOS="1958" HPOS="853" CONTENT="non"/>
                  <SP HEIGHT="58" WIDTH="13" VPOS="1958" HPOS="941"/>
                  <String HEIGHT="58"
                          WIDTH="113"
                          VPOS="1958"
                          HPOS="891"
                          CONTENT="distin"
                          SUBS_TYPE="HypPart1"
                          SUBS_CONTENT="distinguuntur"/>
                  <HYP CONTENT="-"/>
               </TextLine>
               <TextLine ID="r2l77"
                         BASELINE="2061"
                         HEIGHT="56"
                         WIDTH="757"
                         VPOS="2005"
                         HPOS="241">
                  <String HEIGHT="56"
                          WIDTH="163"
                          VPOS="2005"
                          HPOS="226"
                          CONTENT="guuntur"
                          SUBS_TYPE="HypPart2"
                          SUBS_CONTENT="distinguuntur"/>
                  <SP HEIGHT="56" WIDTH="15" VPOS="2005" HPOS="389"/>
                  <String HEIGHT="56"
                          WIDTH="104"
                          VPOS="2005"
                          HPOS="345"
                          CONTENT="per"/>
                  <SP HEIGHT="56" WIDTH="15" VPOS="2005" HPOS="449"/>
                  <String HEIGHT="56"
                          WIDTH="178"
                          VPOS="2005"
                          HPOS="404"
                          CONTENT="terminos"/>
                  <SP HEIGHT="56" WIDTH="15" VPOS="2005" HPOS="582"/>
                  <String HEIGHT="56"
                          WIDTH="193"
                          VPOS="2005"
                          HPOS="538"
                          CONTENT="formales:"/>
                  <SP HEIGHT="56" WIDTH="15" VPOS="2005" HPOS="731"/>
                  <String HEIGHT="56"
                          WIDTH="119"
                          VPOS="2005"
                          HPOS="686"
                          CONTENT="quia"/>
                  <SP HEIGHT="56" WIDTH="15" VPOS="2005" HPOS="805"/>
                  <String HEIGHT="56"
                          WIDTH="178"
                          VPOS="2005"
                          HPOS="761"
                          CONTENT="essentia"/>
                  <SP HEIGHT="56" WIDTH="15" VPOS="2005" HPOS="939"/>
                  <String HEIGHT="56"
                          WIDTH="119"
                          VPOS="2005"
                          HPOS="879"
                          CONTENT="diuina"/>
               </TextLine>
               <TextLine ID="r2l80"
                         BASELINE="2092"
                         HEIGHT="46"
                         WIDTH="778"
                         VPOS="2046"
                         HPOS="231">
                  <String HEIGHT="46" WIDTH="99" VPOS="2046" HPOS="217" CONTENT="vna"/>
                  <SP HEIGHT="46" WIDTH="14" VPOS="2046" HPOS="316"/>
                  <String HEIGHT="46"
                          WIDTH="184"
                          VPOS="2046"
                          HPOS="273"
                          CONTENT="indiuisa:"/>
                  <SP HEIGHT="46" WIDTH="14" VPOS="2046" HPOS="457"/>
                  <String HEIGHT="46" WIDTH="99" VPOS="2046" HPOS="415" CONTENT="est"/>
                  <SP HEIGHT="46" WIDTH="14" VPOS="2046" HPOS="514"/>
                  <String HEIGHT="46"
                          WIDTH="170"
                          VPOS="2046"
                          HPOS="471"
                          CONTENT="terminus"/>
                  <SP HEIGHT="46" WIDTH="14" VPOS="2046" HPOS="641"/>
                  <String HEIGHT="46"
                          WIDTH="170"
                          VPOS="2046"
                          HPOS="599"
                          CONTENT="formalis"/>
                  <SP HEIGHT="46" WIDTH="14" VPOS="2046" HPOS="769"/>
                  <String HEIGHT="46"
                          WIDTH="184"
                          VPOS="2046"
                          HPOS="726"
                          CONTENT="vtriusque"/>
                  <SP HEIGHT="46" WIDTH="14" VPOS="2046" HPOS="910"/>
                  <String HEIGHT="46"
                          WIDTH="156"
                          VPOS="2046"
                          HPOS="853"
                          CONTENT="productio"/>
               </TextLine>
               <TextLine ID="r2l82"
                         BASELINE="2131"
                         HEIGHT="40"
                         WIDTH="778"
                         VPOS="2091"
                         HPOS="240">
                  <String HEIGHT="40"
                          WIDTH="122"
                          VPOS="2091"
                          HPOS="225"
                          CONTENT="nis."/>
                  <SP HEIGHT="40" WIDTH="15" VPOS="2091" HPOS="347"/>
                  <String HEIGHT="40" WIDTH="92" VPOS="2091" HPOS="301" CONTENT="vt"/>
                  <SP HEIGHT="40" WIDTH="15" VPOS="2091" HPOS="393"/>
                  <String HEIGHT="40"
                          WIDTH="153"
                          VPOS="2091"
                          HPOS="347"
                          CONTENT="innuit"/>
                  <SP HEIGHT="40" WIDTH="15" VPOS="2091" HPOS="499"/>
                  <String HEIGHT="40"
                          WIDTH="137"
                          VPOS="2091"
                          HPOS="454"
                          CONTENT="Augu."/>
                  <SP HEIGHT="40" WIDTH="15" VPOS="2091" HPOS="591"/>
                  <String HEIGHT="40"
                          WIDTH="153"
                          VPOS="2091"
                          HPOS="545"
                          CONTENT="contra"/>
                  <SP HEIGHT="40" WIDTH="15" VPOS="2091" HPOS="698"/>
                  <String HEIGHT="40"
                          WIDTH="168"
                          VPOS="2091"
                          HPOS="652"
                          CONTENT="Maximm."/>
                  <SP HEIGHT="40" WIDTH="15" VPOS="2091" HPOS="820"/>
                  <String HEIGHT="40"
                          WIDTH="107"
                          VPOS="2091"
                          HPOS="774"
                          CONTENT="Nec"/>
                  <SP HEIGHT="40" WIDTH="15" VPOS="2091" HPOS="881"/>
                  <String HEIGHT="40"
                          WIDTH="198"
                          VPOS="2091"
                          HPOS="820"
                          CONTENT="distinguum."/>
               </TextLine>
               <TextLine ID="r2l84"
                         BASELINE="2185"
                         HEIGHT="55"
                         WIDTH="754"
                         VPOS="2130"
                         HPOS="241">
                  <String HEIGHT="55" WIDTH="82" VPOS="2130" HPOS="229" CONTENT="tur"/>
                  <SP HEIGHT="55" WIDTH="12" VPOS="2130" HPOS="312"/>
                  <String HEIGHT="55" WIDTH="82" VPOS="2130" HPOS="276" CONTENT="per"/>
                  <SP HEIGHT="55" WIDTH="12" VPOS="2130" HPOS="359"/>
                  <String HEIGHT="55"
                          WIDTH="224"
                          VPOS="2130"
                          HPOS="323"
                          CONTENT="termiostotales."/>
                  <SP HEIGHT="55" WIDTH="12" VPOS="2130" HPOS="547"/>
                  <String HEIGHT="55"
                          WIDTH="153"
                          VPOS="2130"
                          HPOS="512"
                          CONTENT="videlicet"/>
                  <SP HEIGHT="55" WIDTH="12" VPOS="2130" HPOS="665"/>
                  <String HEIGHT="55" WIDTH="82" VPOS="2130" HPOS="630" CONTENT="per"/>
                  <SP HEIGHT="55" WIDTH="12" VPOS="2130" HPOS="712"/>
                  <String HEIGHT="55"
                          WIDTH="118"
                          VPOS="2130"
                          HPOS="677"
                          CONTENT="filium"/>
                  <SP HEIGHT="55" WIDTH="12" VPOS="2130" HPOS="795"/>
                  <String HEIGHT="55" WIDTH="71" VPOS="2130" HPOS="759" CONTENT="et"/>
                  <SP HEIGHT="55" WIDTH="12" VPOS="2130" HPOS="830"/>
                  <String HEIGHT="55"
                          WIDTH="141"
                          VPOS="2130"
                          HPOS="795"
                          CONTENT="spiritum"/>
                  <SP HEIGHT="55" WIDTH="12" VPOS="2130" HPOS="936"/>
                  <String HEIGHT="55"
                          WIDTH="106"
                          VPOS="2130"
                          HPOS="889"
                          CONTENT="scantum"/>
               </TextLine>
               <TextLine ID="r2l86"
                         BASELINE="2228"
                         HEIGHT="59"
                         WIDTH="784"
                         VPOS="2169"
                         HPOS="225">
                  <String HEIGHT="59"
                          WIDTH="173"
                          VPOS="2169"
                          HPOS="212"
                          CONTENT="probatio."/>
                  <SP HEIGHT="59" WIDTH="13" VPOS="2169" HPOS="384"/>
                  <String HEIGHT="59"
                          WIDTH="133"
                          VPOS="2169"
                          HPOS="345"
                          CONTENT="Nullum"/>
                  <SP HEIGHT="59" WIDTH="13" VPOS="2169" HPOS="477"/>
                  <String HEIGHT="59" WIDTH="93" VPOS="2169" HPOS="438" CONTENT="eim"/>
                  <SP HEIGHT="59" WIDTH="13" VPOS="2169" HPOS="531"/>
                  <String HEIGHT="59"
                          WIDTH="120"
                          VPOS="2169"
                          HPOS="491"
                          CONTENT="prius"/>
                  <SP HEIGHT="59" WIDTH="13" VPOS="2169" HPOS="610"/>
                  <String HEIGHT="59"
                          WIDTH="213"
                          VPOS="2169"
                          HPOS="570"
                          CONTENT="distinguitur"/>
                  <SP HEIGHT="59" WIDTH="13" VPOS="2169" HPOS="783"/>
                  <String HEIGHT="59" WIDTH="93" VPOS="2169" HPOS="743" CONTENT="per"/>
                  <SP HEIGHT="59" WIDTH="13" VPOS="2169" HPOS="836"/>
                  <String HEIGHT="59"
                          WIDTH="106"
                          VPOS="2169"
                          HPOS="796"
                          CONTENT="suum"/>
                  <SP HEIGHT="59" WIDTH="13" VPOS="2169" HPOS="903"/>
                  <String HEIGHT="59"
                          WIDTH="159"
                          VPOS="2169"
                          HPOS="850"
                          CONTENT="posterius."/>
               </TextLine>
               <TextLine ID="r2l88"
                         BASELINE="2260"
                         HEIGHT="46"
                         WIDTH="762"
                         VPOS="2214"
                         HPOS="241">
                  <String HEIGHT="46"
                          WIDTH="102"
                          VPOS="2214"
                          HPOS="230"
                          CONTENT="sicut"/>
                  <SP HEIGHT="46" WIDTH="11" VPOS="2214" HPOS="332"/>
                  <String HEIGHT="46" WIDTH="80" VPOS="2214" HPOS="298" CONTENT="nec"/>
                  <SP HEIGHT="46" WIDTH="11" VPOS="2214" HPOS="377"/>
                  <String HEIGHT="46"
                          WIDTH="102"
                          VPOS="2214"
                          HPOS="343"
                          CONTENT="prius"/>
                  <SP HEIGHT="46" WIDTH="11" VPOS="2214" HPOS="446"/>
                  <String HEIGHT="46"
                          WIDTH="102"
                          VPOS="2214"
                          HPOS="412"
                          CONTENT="habet"/>
                  <SP HEIGHT="46" WIDTH="11" VPOS="2214" HPOS="514"/>
                  <String HEIGHT="46"
                          WIDTH="91"
                          VPOS="2214"
                          HPOS="480"
                          CONTENT="esse"/>
                  <SP HEIGHT="46" WIDTH="11" VPOS="2214" HPOS="571"/>
                  <String HEIGHT="46" WIDTH="80" VPOS="2214" HPOS="537" CONTENT="per"/>
                  <SP HEIGHT="46" WIDTH="11" VPOS="2214" HPOS="616"/>
                  <String HEIGHT="46"
                          WIDTH="159"
                          VPOS="2214"
                          HPOS="582"
                          CONTENT="posterius."/>
                  <SP HEIGHT="46" WIDTH="11" VPOS="2214" HPOS="741"/>
                  <String HEIGHT="46" WIDTH="80" VPOS="2214" HPOS="707" CONTENT="cum"/>
                  <SP HEIGHT="46" WIDTH="11" VPOS="2214" HPOS="787"/>
                  <String HEIGHT="46"
                          WIDTH="102"
                          VPOS="2214"
                          HPOS="753"
                          CONTENT="sicut"/>
                  <SP HEIGHT="46" WIDTH="11" VPOS="2214" HPOS="855"/>
                  <String HEIGHT="46" WIDTH="80" VPOS="2214" HPOS="821" CONTENT="res"/>
                  <SP HEIGHT="46" WIDTH="11" VPOS="2214" HPOS="901"/>
                  <String HEIGHT="46" WIDTH="68" VPOS="2214" HPOS="867" CONTENT="se"/>
                  <SP HEIGHT="46" WIDTH="11" VPOS="2214" HPOS="935"/>
                  <String HEIGHT="46"
                          WIDTH="102"
                          VPOS="2214"
                          HPOS="901"
                          CONTENT="habet"/>
                  <SP HEIGHT="46" WIDTH="11" VPOS="2214" HPOS="1003"/>
                  <String HEIGHT="46" WIDTH="45" VPOS="2214" HPOS="958" CONTENT="ad"/>
               </TextLine>
               <TextLine ID="r2l90"
                         BASELINE="2305"
                         HEIGHT="46"
                         WIDTH="775"
                         VPOS="2259"
                         HPOS="240">
                  <String HEIGHT="46"
                          WIDTH="103"
                          VPOS="2259"
                          HPOS="227"
                          CONTENT="sse:"/>
                  <SP HEIGHT="46" WIDTH="13" VPOS="2259" HPOS="330"/>
                  <String HEIGHT="46" WIDTH="90" VPOS="2259" HPOS="292" CONTENT="ita"/>
                  <SP HEIGHT="46" WIDTH="13" VPOS="2259" HPOS="382"/>
                  <String HEIGHT="46" WIDTH="78" VPOS="2259" HPOS="343" CONTENT="ad"/>
                  <SP HEIGHT="46" WIDTH="13" VPOS="2259" HPOS="421"/>
                  <String HEIGHT="46"
                          WIDTH="181"
                          VPOS="2259"
                          HPOS="382"
                          CONTENT="distingui."/>
                  <SP HEIGHT="46" WIDTH="13" VPOS="2259" HPOS="563"/>
                  <String HEIGHT="46" WIDTH="78" VPOS="2259" HPOS="524" CONTENT="eo"/>
                  <SP HEIGHT="46" WIDTH="13" VPOS="2259" HPOS="602"/>
                  <String HEIGHT="46"
                          WIDTH="103"
                          VPOS="2259"
                          HPOS="563"
                          CONTENT="quod"/>
                  <SP HEIGHT="46" WIDTH="13" VPOS="2259" HPOS="666"/>
                  <String HEIGHT="46"
                          WIDTH="181"
                          VPOS="2259"
                          HPOS="628"
                          CONTENT="distinctio"/>
                  <SP HEIGHT="46" WIDTH="13" VPOS="2259" HPOS="808"/>
                  <String HEIGHT="46"
                          WIDTH="116"
                          VPOS="2259"
                          HPOS="770"
                          CONTENT="venit"/>
                  <SP HEIGHT="46" WIDTH="13" VPOS="2259" HPOS="886"/>
                  <String HEIGHT="46" WIDTH="78" VPOS="2259" HPOS="847" CONTENT="ex"/>
                  <SP HEIGHT="46" WIDTH="13" VPOS="2259" HPOS="925"/>
                  <String HEIGHT="46"
                          WIDTH="103"
                          VPOS="2259"
                          HPOS="886"
                          CONTENT="esse"/>
                  <SP HEIGHT="46" WIDTH="13" VPOS="2259" HPOS="989"/>
                  <String HEIGHT="46"
                          WIDTH="78"
                          VPOS="2259"
                          HPOS="938"
                          CONTENT="rei."/>
               </TextLine>
               <TextLine ID="r2l92"
                         BASELINE="2351"
                         HEIGHT="53"
                         WIDTH="778"
                         VPOS="2298"
                         HPOS="237">
                  <String HEIGHT="53" WIDTH="94" VPOS="2298" HPOS="224" CONTENT="sed"/>
                  <SP HEIGHT="53" WIDTH="13" VPOS="2298" HPOS="317"/>
                  <String HEIGHT="53"
                          WIDTH="107"
                          VPOS="2298"
                          HPOS="277"
                          CONTENT="quia"/>
                  <SP HEIGHT="53" WIDTH="13" VPOS="2298" HPOS="385"/>
                  <String HEIGHT="53"
                          WIDTH="174"
                          VPOS="2298"
                          HPOS="344"
                          CONTENT="generatio"/>
                  <SP HEIGHT="53" WIDTH="13" VPOS="2298" HPOS="519"/>
                  <String HEIGHT="53"
                          WIDTH="134"
                          VPOS="2298"
                          HPOS="478"
                          CONTENT="actiua"/>
                  <SP HEIGHT="53" WIDTH="13" VPOS="2298" HPOS="613"/>
                  <String HEIGHT="53"
                          WIDTH="174"
                          VPOS="2298"
                          HPOS="572"
                          CONTENT="praecedit"/>
                  <SP HEIGHT="53" WIDTH="13" VPOS="2298" HPOS="747"/>
                  <String HEIGHT="53"
                          WIDTH="148"
                          VPOS="2298"
                          HPOS="706"
                          CONTENT="origine"/>
                  <SP HEIGHT="53" WIDTH="13" VPOS="2298" HPOS="854"/>
                  <String HEIGHT="53"
                          WIDTH="148"
                          VPOS="2298"
                          HPOS="814"
                          CONTENT="filium."/>
                  <SP HEIGHT="53" WIDTH="13" VPOS="2298" HPOS="961"/>
                  <String HEIGHT="53" WIDTH="80" VPOS="2298" HPOS="921" CONTENT="et"/>
                  <SP HEIGHT="53" WIDTH="13" VPOS="2298" HPOS="1002"/>
                  <String HEIGHT="53" WIDTH="67" VPOS="2298" HPOS="948" CONTENT="spi"/>
               </TextLine>
               <TextLine ID="r2l94"
                         BASELINE="2390"
                         HEIGHT="44"
                         WIDTH="764"
                         VPOS="2346"
                         HPOS="240">
                  <String HEIGHT="44"
                          WIDTH="106"
                          VPOS="2346"
                          HPOS="228"
                          CONTENT="ratio"/>
                  <SP HEIGHT="44" WIDTH="12" VPOS="2346" HPOS="334"/>
                  <String HEIGHT="44"
                          WIDTH="118"
                          VPOS="2346"
                          HPOS="299"
                          CONTENT="actiua"/>
                  <SP HEIGHT="44" WIDTH="12" VPOS="2346" HPOS="416"/>
                  <String HEIGHT="44"
                          WIDTH="153"
                          VPOS="2346"
                          HPOS="381"
                          CONTENT="praecedit"/>
                  <SP HEIGHT="44" WIDTH="12" VPOS="2346" HPOS="534"/>
                  <String HEIGHT="44"
                          WIDTH="141"
                          VPOS="2346"
                          HPOS="499"
                          CONTENT="spiritum"/>
                  <SP HEIGHT="44" WIDTH="12" VPOS="2346" HPOS="640"/>
                  <String HEIGHT="44"
                          WIDTH="141"
                          VPOS="2346"
                          HPOS="604"
                          CONTENT="scantum."/>
                  <SP HEIGHT="44" WIDTH="12" VPOS="2346" HPOS="745"/>
                  <String HEIGHT="44" WIDTH="82" VPOS="2346" HPOS="710" CONTENT="Nam"/>
                  <SP HEIGHT="44" WIDTH="12" VPOS="2346" HPOS="792"/>
                  <String HEIGHT="44"
                          WIDTH="129"
                          VPOS="2346"
                          HPOS="757"
                          CONTENT="constat"/>
                  <SP HEIGHT="44" WIDTH="12" VPOS="2346" HPOS="886"/>
                  <String HEIGHT="44"
                          WIDTH="94"
                          VPOS="2346"
                          HPOS="851"
                          CONTENT="quod"/>
                  <SP HEIGHT="44" WIDTH="12" VPOS="2346" HPOS="945"/>
                  <String HEIGHT="44"
                          WIDTH="106"
                          VPOS="2346"
                          HPOS="898"
                          CONTENT="genera"
                          SUBS_TYPE="HypPart1"
                          SUBS_CONTENT="generatio"/>
                  <HYP CONTENT="-"/>
               </TextLine>
               <TextLine ID="r2l96"
                         BASELINE="2429"
                         HEIGHT="42"
                         WIDTH="745"
                         VPOS="2387"
                         HPOS="244">
                  <String HEIGHT="42"
                          WIDTH="95"
                          VPOS="2387"
                          HPOS="230"
                          CONTENT="tio"
                          SUBS_TYPE="HypPart2"
                          SUBS_CONTENT="generatio"/>
                  <SP HEIGHT="42" WIDTH="14" VPOS="2387" HPOS="325"/>
                  <String HEIGHT="42"
                          WIDTH="135"
                          VPOS="2387"
                          HPOS="285"
                          CONTENT="actiua"/>
                  <SP HEIGHT="42" WIDTH="14" VPOS="2387" HPOS="420"/>
                  <String HEIGHT="42" WIDTH="95" VPOS="2387" HPOS="379" CONTENT="cum"/>
                  <SP HEIGHT="42" WIDTH="14" VPOS="2387" HPOS="474"/>
                  <String HEIGHT="42" WIDTH="95" VPOS="2387" HPOS="434" CONTENT="sit"/>
                  <SP HEIGHT="42" WIDTH="14" VPOS="2387" HPOS="528"/>
                  <String HEIGHT="42" WIDTH="68" VPOS="2387" HPOS="488" CONTENT="a"/>
                  <SP HEIGHT="42" WIDTH="14" VPOS="2387" HPOS="556"/>
                  <String HEIGHT="42" WIDTH="95" VPOS="2387" HPOS="515" CONTENT="se:"/>
                  <SP HEIGHT="42" WIDTH="14" VPOS="2387" HPOS="610"/>
                  <String HEIGHT="42" WIDTH="95" VPOS="2387" HPOS="569" CONTENT="est"/>
                  <SP HEIGHT="42" WIDTH="14" VPOS="2387" HPOS="664"/>
                  <String HEIGHT="42"
                          WIDTH="135"
                          VPOS="2387"
                          HPOS="623"
                          CONTENT="praeor"/>
                  <SP HEIGHT="42" WIDTH="14" VPOS="2387" HPOS="759"/>
                  <String HEIGHT="42"
                          WIDTH="203"
                          VPOS="2387"
                          HPOS="718"
                          CONTENT="generatione"/>
                  <SP HEIGHT="42" WIDTH="14" VPOS="2387" HPOS="921"/>
                  <String HEIGHT="42"
                          WIDTH="122"
                          VPOS="2387"
                          HPOS="867"
                          CONTENT="passiua"/>
               </TextLine>
               <TextLine ID="r2l98"
                         BASELINE="2475"
                         HEIGHT="49"
                         WIDTH="770"
                         VPOS="2426"
                         HPOS="240">
                  <String HEIGHT="49" WIDTH="86" VPOS="2426" HPOS="228" CONTENT="est"/>
                  <SP HEIGHT="49" WIDTH="12" VPOS="2426" HPOS="313"/>
                  <String HEIGHT="49" WIDTH="73" VPOS="2426" HPOS="277" CONTENT="ab"/>
                  <SP HEIGHT="49" WIDTH="12" VPOS="2426" HPOS="350"/>
                  <String HEIGHT="49"
                          WIDTH="110"
                          VPOS="2426"
                          HPOS="313"
                          CONTENT="alio."/>
                  <SP HEIGHT="49" WIDTH="12" VPOS="2426" HPOS="423"/>
                  <String HEIGHT="49" WIDTH="73" VPOS="2426" HPOS="387" CONTENT="et"/>
                  <SP HEIGHT="49" WIDTH="12" VPOS="2426" HPOS="460"/>
                  <String HEIGHT="49"
                          WIDTH="159"
                          VPOS="2426"
                          HPOS="423"
                          CONTENT="generatio"/>
                  <SP HEIGHT="49" WIDTH="12" VPOS="2426" HPOS="582"/>
                  <String HEIGHT="49"
                          WIDTH="134"
                          VPOS="2426"
                          HPOS="546"
                          CONTENT="passiua"/>
                  <SP HEIGHT="49" WIDTH="12" VPOS="2426" HPOS="680"/>
                  <String HEIGHT="49"
                          WIDTH="110"
                          VPOS="2426"
                          HPOS="643"
                          CONTENT="praor"/>
                  <SP HEIGHT="49" WIDTH="12" VPOS="2426" HPOS="753"/>
                  <String HEIGHT="49" WIDTH="86" VPOS="2426" HPOS="717" CONTENT="est"/>
                  <SP HEIGHT="49" WIDTH="12" VPOS="2426" HPOS="802"/>
                  <String HEIGHT="49"
                          WIDTH="122"
                          VPOS="2426"
                          HPOS="766"
                          CONTENT="filio."/>
                  <SP HEIGHT="49" WIDTH="12" VPOS="2426" HPOS="888"/>
                  <String HEIGHT="49"
                          WIDTH="110"
                          VPOS="2426"
                          HPOS="851"
                          CONTENT="sicut"/>
                  <SP HEIGHT="49" WIDTH="12" VPOS="2426" HPOS="961"/>
                  <String HEIGHT="49"
                          WIDTH="98"
                          VPOS="2426"
                          HPOS="912"
                          CONTENT="consti"/>
               </TextLine>
               <TextLine ID="r2l100"
                         BASELINE="2518"
                         HEIGHT="52"
                         WIDTH="769"
                         VPOS="2466"
                         HPOS="241">
                  <String HEIGHT="52"
                          WIDTH="119"
                          VPOS="2466"
                          HPOS="228"
                          CONTENT="tuens"/>
                  <SP HEIGHT="52" WIDTH="13" VPOS="2466" HPOS="347"/>
                  <String HEIGHT="52"
                          WIDTH="199"
                          VPOS="2466"
                          HPOS="307"
                          CONTENT="constituto."/>
                  <SP HEIGHT="52" WIDTH="13" VPOS="2466" HPOS="506"/>
                  <String HEIGHT="52"
                          WIDTH="106"
                          VPOS="2466"
                          HPOS="466"
                          CONTENT="Idem"/>
                  <SP HEIGHT="52" WIDTH="13" VPOS="2466" HPOS="572"/>
                  <String HEIGHT="52" WIDTH="93" VPOS="2466" HPOS="533" CONTENT="est"/>
                  <SP HEIGHT="52" WIDTH="13" VPOS="2466" HPOS="626"/>
                  <String HEIGHT="52" WIDTH="80" VPOS="2466" HPOS="586" CONTENT="de"/>
                  <SP HEIGHT="52" WIDTH="13" VPOS="2466" HPOS="665"/>
                  <String HEIGHT="52"
                          WIDTH="186"
                          VPOS="2466"
                          HPOS="626"
                          CONTENT="spiratione"/>
                  <SP HEIGHT="52" WIDTH="13" VPOS="2466" HPOS="811"/>
                  <String HEIGHT="52"
                          WIDTH="133"
                          VPOS="2466"
                          HPOS="771"
                          CONTENT="actiua"/>
                  <SP HEIGHT="52" WIDTH="13" VPOS="2466" HPOS="904"/>
                  <String HEIGHT="52" WIDTH="80" VPOS="2466" HPOS="864" CONTENT="et"/>
                  <SP HEIGHT="52" WIDTH="13" VPOS="2466" HPOS="944"/>
                  <String HEIGHT="52"
                          WIDTH="119"
                          VPOS="2466"
                          HPOS="891"
                          CONTENT="passiua"/>
               </TextLine>
               <TextLine ID="r2l102"
                         BASELINE="2563"
                         HEIGHT="48"
                         WIDTH="755"
                         VPOS="2515"
                         HPOS="246">
                  <String HEIGHT="48"
                          WIDTH="131"
                          VPOS="2515"
                          HPOS="235"
                          CONTENT="respectu"/>
                  <SP HEIGHT="48" WIDTH="11" VPOS="2515" HPOS="366"/>
                  <String HEIGHT="48"
                          WIDTH="131"
                          VPOS="2515"
                          HPOS="334"
                          CONTENT="spiritus"/>
                  <SP HEIGHT="48" WIDTH="11" VPOS="2515" HPOS="465"/>
                  <String HEIGHT="48"
                          WIDTH="98"
                          VPOS="2515"
                          HPOS="432"
                          CONTENT="scti."/>
                  <SP HEIGHT="48" WIDTH="11" VPOS="2515" HPOS="530"/>
                  <String HEIGHT="48"
                          WIDTH="131"
                          VPOS="2515"
                          HPOS="498"
                          CONTENT="Sequitur"/>
                  <SP HEIGHT="48" WIDTH="11" VPOS="2515" HPOS="629"/>
                  <String HEIGHT="48" WIDTH="77" VPOS="2515" HPOS="596" CONTENT="est"/>
                  <SP HEIGHT="48" WIDTH="11" VPOS="2515" HPOS="673"/>
                  <String HEIGHT="48"
                          WIDTH="88"
                          VPOS="2515"
                          HPOS="640"
                          CONTENT="quod"/>
                  <SP HEIGHT="48" WIDTH="11" VPOS="2515" HPOS="727"/>
                  <String HEIGHT="48"
                          WIDTH="98"
                          VPOS="2515"
                          HPOS="695"
                          CONTENT="sicut"/>
                  <SP HEIGHT="48" WIDTH="11" VPOS="2515" HPOS="793"/>
                  <String HEIGHT="48"
                          WIDTH="88"
                          VPOS="2515"
                          HPOS="760"
                          CONTENT="iste"/>
                  <SP HEIGHT="48" WIDTH="11" VPOS="2515" HPOS="848"/>
                  <String HEIGHT="48"
                          WIDTH="175"
                          VPOS="2515"
                          HPOS="815"
                          CONTENT="productiones"/>
                  <SP HEIGHT="48" WIDTH="11" VPOS="2515" HPOS="990"/>
                  <String HEIGHT="48" WIDTH="55" VPOS="2515" HPOS="946" CONTENT="non"/>
               </TextLine>
               <TextLine ID="r2l104"
                         BASELINE="2605"
                         HEIGHT="54"
                         WIDTH="768"
                         VPOS="2551"
                         HPOS="241">
                  <String HEIGHT="54"
                          WIDTH="128"
                          VPOS="2551"
                          HPOS="228"
                          CONTENT="habent"/>
                  <SP HEIGHT="54" WIDTH="13" VPOS="2551" HPOS="356"/>
                  <String HEIGHT="54"
                          WIDTH="102"
                          VPOS="2551"
                          HPOS="318"
                          CONTENT="esse"/>
                  <SP HEIGHT="54" WIDTH="13" VPOS="2551" HPOS="420"/>
                  <String HEIGHT="54" WIDTH="90" VPOS="2551" HPOS="382" CONTENT="per"/>
                  <SP HEIGHT="54" WIDTH="13" VPOS="2551" HPOS="471"/>
                  <String HEIGHT="54"
                          WIDTH="166"
                          VPOS="2551"
                          HPOS="433"
                          CONTENT="terminos."/>
                  <SP HEIGHT="54" WIDTH="13" VPOS="2551" HPOS="599"/>
                  <String HEIGHT="54" WIDTH="90" VPOS="2551" HPOS="561" CONTENT="ita"/>
                  <SP HEIGHT="54" WIDTH="13" VPOS="2551" HPOS="651"/>
                  <String HEIGHT="54" WIDTH="90" VPOS="2551" HPOS="612" CONTENT="nec"/>
                  <SP HEIGHT="54" WIDTH="13" VPOS="2551" HPOS="702"/>
                  <String HEIGHT="54"
                          WIDTH="128"
                          VPOS="2551"
                          HPOS="663"
                          CONTENT="habent"/>
                  <SP HEIGHT="54" WIDTH="13" VPOS="2551" HPOS="791"/>
                  <String HEIGHT="54"
                          WIDTH="166"
                          VPOS="2551"
                          HPOS="753"
                          CONTENT="distingui"/>
                  <SP HEIGHT="54" WIDTH="13" VPOS="2551" HPOS="919"/>
                  <String HEIGHT="54" WIDTH="90" VPOS="2551" HPOS="881" CONTENT="per"/>
                  <SP HEIGHT="54" WIDTH="13" VPOS="2551" HPOS="971"/>
                  <String HEIGHT="54"
                          WIDTH="90"
                          VPOS="2551"
                          HPOS="919"
                          CONTENT="termi"/>
               </TextLine>
               <TextLine ID="r2l106"
                         BASELINE="2654"
                         HEIGHT="54"
                         WIDTH="767"
                         VPOS="2600"
                         HPOS="241">
                  <String HEIGHT="54"
                          WIDTH="103"
                          VPOS="2600"
                          HPOS="226"
                          CONTENT="nos"/>
                  <SP HEIGHT="54" WIDTH="15" VPOS="2600" HPOS="330"/>
                  <String HEIGHT="54"
                          WIDTH="103"
                          VPOS="2600"
                          HPOS="285"
                          CONTENT="vel"/>
                  <SP HEIGHT="54" WIDTH="15" VPOS="2600" HPOS="389"/>
                  <String HEIGHT="54"
                          WIDTH="133"
                          VPOS="2600"
                          HPOS="344"
                          CONTENT="penes"/>
                  <SP HEIGHT="54" WIDTH="15" VPOS="2600" HPOS="477"/>
                  <String HEIGHT="54"
                          WIDTH="192"
                          VPOS="2600"
                          HPOS="433"
                          CONTENT="terminos."/>
                  <SP HEIGHT="54" WIDTH="15" VPOS="2600" HPOS="625"/>
                  <String HEIGHT="54"
                          WIDTH="103"
                          VPOS="2600"
                          HPOS="580"
                          CONTENT="cum"/>
                  <SP HEIGHT="54" WIDTH="15" VPOS="2600" HPOS="684"/>
                  <String HEIGHT="54"
                          WIDTH="177"
                          VPOS="2600"
                          HPOS="639"
                          CONTENT="dicatur."/>
                  <SP HEIGHT="54" WIDTH="15" VPOS="2600" HPOS="816"/>
                  <String HEIGHT="54"
                          WIDTH="133"
                          VPOS="2600"
                          HPOS="772"
                          CONTENT="iiii."/>
                  <SP HEIGHT="54" WIDTH="15" VPOS="2600" HPOS="905"/>
                  <String HEIGHT="54"
                          WIDTH="148"
                          VPOS="2600"
                          HPOS="861"
                          CONTENT="metap."/>
                  <SP HEIGHT="54" WIDTH="15" VPOS="2600" HPOS="1008"/>
                  <String HEIGHT="54" WIDTH="59" VPOS="2600" HPOS="949" CONTENT="Eo"/>
               </TextLine>
               <TextLine ID="r2l108"
                         BASELINE="2708"
                         HEIGHT="73"
                         WIDTH="757"
                         VPOS="2635"
                         HPOS="247">
                  <String HEIGHT="73" WIDTH="73" VPOS="2635" HPOS="237" CONTENT="dem"/>
                  <SP HEIGHT="73" WIDTH="10" VPOS="2635" HPOS="309"/>
                  <String HEIGHT="73"
                          WIDTH="83"
                          VPOS="2635"
                          HPOS="278"
                          CONTENT="modo"/>
                  <SP HEIGHT="73" WIDTH="10" VPOS="2635" HPOS="361"/>
                  <String HEIGHT="73" WIDTH="73" VPOS="2635" HPOS="330" CONTENT="est"/>
                  <SP HEIGHT="73" WIDTH="10" VPOS="2635" HPOS="403"/>
                  <String HEIGHT="73"
                          WIDTH="114"
                          VPOS="2635"
                          HPOS="371"
                          CONTENT="aliquod"/>
                  <SP HEIGHT="73" WIDTH="10" VPOS="2635" HPOS="486"/>
                  <String HEIGHT="73" WIDTH="73" VPOS="2635" HPOS="454" CONTENT="ens"/>
                  <SP HEIGHT="73" WIDTH="10" VPOS="2635" HPOS="527"/>
                  <String HEIGHT="73" WIDTH="62" VPOS="2635" HPOS="496" CONTENT="et"/>
                  <SP HEIGHT="73" WIDTH="10" VPOS="2635" HPOS="558"/>
                  <String HEIGHT="73"
                          WIDTH="83"
                          VPOS="2635"
                          HPOS="527"
                          CONTENT="vnum"/>
                  <SP HEIGHT="73" WIDTH="10" VPOS="2635" HPOS="610"/>
                  <String HEIGHT="73" WIDTH="62" VPOS="2635" HPOS="579" CONTENT="id"/>
                  <SP HEIGHT="73" WIDTH="10" VPOS="2635" HPOS="641"/>
                  <String HEIGHT="73" WIDTH="73" VPOS="2635" HPOS="610" CONTENT="est"/>
                  <SP HEIGHT="73" WIDTH="10" VPOS="2635" HPOS="683"/>
                  <String HEIGHT="73"
                          WIDTH="145"
                          VPOS="2635"
                          HPOS="651"
                          CONTENT="distinctum"/>
                  <SP HEIGHT="73" WIDTH="10" VPOS="2635" HPOS="797"/>
                  <String HEIGHT="73"
                          WIDTH="83"
                          VPOS="2635"
                          HPOS="765"
                          CONTENT="ens."/>
                  <SP HEIGHT="73" WIDTH="10" VPOS="2635" HPOS="848"/>
                  <String HEIGHT="73" WIDTH="62" VPOS="2635" HPOS="817" CONTENT="et"/>
                  <SP HEIGHT="73" WIDTH="10" VPOS="2635" HPOS="880"/>
                  <String HEIGHT="73" WIDTH="73" VPOS="2635" HPOS="848" CONTENT="per"/>
                  <SP HEIGHT="73" WIDTH="10" VPOS="2635" HPOS="921"/>
                  <String HEIGHT="73"
                          WIDTH="124"
                          VPOS="2635"
                          HPOS="880"
                          CONTENT="consequens"/>
               </TextLine>
               <TextLine ID="r2l110"
                         BASELINE="2738"
                         HEIGHT="66"
                         WIDTH="590"
                         VPOS="2672"
                         HPOS="246">
                  <String HEIGHT="66"
                          WIDTH="137"
                          VPOS="2672"
                          HPOS="232"
                          CONTENT="habent"/>
                  <SP HEIGHT="66" WIDTH="14" VPOS="2672" HPOS="369"/>
                  <String HEIGHT="66"
                          WIDTH="110"
                          VPOS="2672"
                          HPOS="328"
                          CONTENT="esse"/>
                  <SP HEIGHT="66" WIDTH="14" VPOS="2672" HPOS="438"/>
                  <String HEIGHT="66" WIDTH="82" VPOS="2672" HPOS="397" CONTENT="et"/>
                  <SP HEIGHT="66" WIDTH="14" VPOS="2672" HPOS="479"/>
                  <String HEIGHT="66"
                          WIDTH="178"
                          VPOS="2672"
                          HPOS="438"
                          CONTENT="distingui"/>
                  <SP HEIGHT="66" WIDTH="14" VPOS="2672" HPOS="616"/>
                  <String HEIGHT="66"
                          WIDTH="151"
                          VPOS="2672"
                          HPOS="575"
                          CONTENT="seipsis"/>
                  <SP HEIGHT="66" WIDTH="14" VPOS="2672" HPOS="726"/>
                  <String HEIGHT="66"
                          WIDTH="165"
                          VPOS="2672"
                          HPOS="671"
                          CONTENT="formaliter"/>
               </TextLine>
               <TextLine ID="line_1611428622361_1452"
                         BASELINE="2813"
                         HEIGHT="113"
                         WIDTH="799"
                         VPOS="2700"
                         HPOS="208">
                  <String HEIGHT="113" WIDTH="97" VPOS="2700" HPOS="189" CONTENT="¶"/>
                  <SP HEIGHT="113" WIDTH="19" VPOS="2700" HPOS="286"/>
                  <String HEIGHT="113"
                          WIDTH="117"
                          VPOS="2700"
                          HPOS="227"
                          CONTENT="An"/>
                  <SP HEIGHT="113" WIDTH="19" VPOS="2700" HPOS="344"/>
                  <String HEIGHT="113"
                          WIDTH="195"
                          VPOS="2700"
                          HPOS="286"
                          CONTENT="valeat"/>
                  <SP HEIGHT="113" WIDTH="19" VPOS="2700" HPOS="481"/>
                  <String HEIGHT="113"
                          WIDTH="156"
                          VPOS="2700"
                          HPOS="422"
                          CONTENT="dici"/>
                  <SP HEIGHT="113" WIDTH="19" VPOS="2700" HPOS="578"/>
                  <String HEIGHT="113"
                          WIDTH="156"
                          VPOS="2700"
                          HPOS="520"
                          CONTENT="quod"/>
                  <SP HEIGHT="113" WIDTH="19" VPOS="2700" HPOS="676"/>
                  <String HEIGHT="113"
                          WIDTH="253"
                          VPOS="2700"
                          HPOS="617"
                          CONTENT="huiusmodi"/>
                  <SP HEIGHT="113" WIDTH="19" VPOS="2700" HPOS="871"/>
                  <String HEIGHT="113"
                          WIDTH="214"
                          VPOS="2700"
                          HPOS="793"
                          CONTENT="productio"/>
               </TextLine>
            </TextBlock>
            <TextBlock ID="TextRegion_1611428631483_1458"
                       HEIGHT="2600"
                       WIDTH="791"
                       VPOS="199"
                       HPOS="1066">
               <Shape>
                  <Polygon POINTS="1066,199 1857,199 1857,2799 1066,2799"/>
               </Shape>
               <TextLine ID="r2l3"
                         BASELINE="379"
                         HEIGHT="68"
                         WIDTH="770"
                         VPOS="311"
                         HPOS="1089">
                  <String HEIGHT="68" WIDTH="88" VPOS="311" HPOS="1076" CONTENT="nes"/>
                  <SP HEIGHT="68" WIDTH="13" VPOS="311" HPOS="1165"/>
                  <String HEIGHT="68"
                          WIDTH="215"
                          VPOS="311"
                          HPOS="1127"
                          CONTENT="distinguuntur"/>
                  <SP HEIGHT="68" WIDTH="13" VPOS="311" HPOS="1341"/>
                  <String HEIGHT="68" WIDTH="88" VPOS="311" HPOS="1304" CONTENT="per"/>
                  <SP HEIGHT="68" WIDTH="13" VPOS="311" HPOS="1392"/>
                  <String HEIGHT="68"
                          WIDTH="101"
                          VPOS="311"
                          HPOS="1354"
                          CONTENT="hoc:"/>
                  <SP HEIGHT="68" WIDTH="13" VPOS="311" HPOS="1455"/>
                  <String HEIGHT="68"
                          WIDTH="101"
                          VPOS="311"
                          HPOS="1417"
                          CONTENT="quod"/>
                  <SP HEIGHT="68" WIDTH="13" VPOS="311" HPOS="1518"/>
                  <String HEIGHT="68"
                          WIDTH="164"
                          VPOS="311"
                          HPOS="1480"
                          CONTENT="productio"/>
                  <SP HEIGHT="68" WIDTH="13" VPOS="311" HPOS="1644"/>
                  <String HEIGHT="68"
                          WIDTH="114"
                          VPOS="311"
                          HPOS="1607"
                          CONTENT="silii"/>
                  <SP HEIGHT="68" WIDTH="13" VPOS="311" HPOS="1720"/>
                  <String HEIGHT="68"
                          WIDTH="114"
                          VPOS="311"
                          HPOS="1682"
                          CONTENT="nihil"/>
                  <SP HEIGHT="68" WIDTH="13" VPOS="311" HPOS="1796"/>
                  <String HEIGHT="68"
                          WIDTH="114"
                          VPOS="311"
                          HPOS="1745"
                          CONTENT="praesup"/>
               </TextLine>
               <TextLine ID="r2l5"
                         BASELINE="416"
                         HEIGHT="46"
                         WIDTH="766"
                         VPOS="370"
                         HPOS="1087">
                  <String HEIGHT="46"
                          WIDTH="109"
                          VPOS="370"
                          HPOS="1076"
                          CONTENT="ponit."/>
                  <SP HEIGHT="46" WIDTH="11" VPOS="370" HPOS="1185"/>
                  <String HEIGHT="46"
                          WIDTH="88"
                          VPOS="370"
                          HPOS="1153"
                          CONTENT="ideo"/>
                  <SP HEIGHT="46" WIDTH="11" VPOS="370" HPOS="1240"/>
                  <String HEIGHT="46"
                          WIDTH="120"
                          VPOS="370"
                          HPOS="1207"
                          CONTENT="dicitur"/>
                  <SP HEIGHT="46" WIDTH="11" VPOS="370" HPOS="1328"/>
                  <String HEIGHT="46"
                          WIDTH="153"
                          VPOS="370"
                          HPOS="1295"
                          CONTENT="naturalis."/>
                  <SP HEIGHT="46" WIDTH="11" VPOS="370" HPOS="1448"/>
                  <String HEIGHT="46" WIDTH="77" VPOS="370" HPOS="1415" CONTENT="sed"/>
                  <SP HEIGHT="46" WIDTH="11" VPOS="370" HPOS="1492"/>
                  <String HEIGHT="46"
                          WIDTH="88"
                          VPOS="370"
                          HPOS="1459"
                          CONTENT="quia"/>
                  <SP HEIGHT="46" WIDTH="11" VPOS="370" HPOS="1547"/>
                  <String HEIGHT="46"
                          WIDTH="142"
                          VPOS="370"
                          HPOS="1514"
                          CONTENT="productio"/>
                  <SP HEIGHT="46" WIDTH="11" VPOS="370" HPOS="1656"/>
                  <String HEIGHT="46"
                          WIDTH="131"
                          VPOS="370"
                          HPOS="1623"
                          CONTENT="spiritus"/>
                  <SP HEIGHT="46" WIDTH="11" VPOS="370" HPOS="1755"/>
                  <String HEIGHT="46"
                          WIDTH="109"
                          VPOS="370"
                          HPOS="1722"
                          CONTENT="sancti"/>
                  <SP HEIGHT="46" WIDTH="11" VPOS="370" HPOS="1831"/>
                  <String HEIGHT="46"
                          WIDTH="66"
                          VPOS="370"
                          HPOS="1787"
                          CONTENT="prae"/>
               </TextLine>
               <TextLine ID="r2l7"
                         BASELINE="462"
                         HEIGHT="46"
                         WIDTH="772"
                         VPOS="416"
                         HPOS="1084">
                  <String HEIGHT="46"
                          WIDTH="129"
                          VPOS="416"
                          HPOS="1073"
                          CONTENT="supponit"/>
                  <SP HEIGHT="46" WIDTH="11" VPOS="416" HPOS="1202"/>
                  <String HEIGHT="46"
                          WIDTH="107"
                          VPOS="416"
                          HPOS="1170"
                          CONTENT="aliam."/>
                  <SP HEIGHT="46" WIDTH="11" VPOS="416" HPOS="1277"/>
                  <String HEIGHT="46"
                          WIDTH="86"
                          VPOS="416"
                          HPOS="1245"
                          CONTENT="ideo"/>
                  <SP HEIGHT="46" WIDTH="11" VPOS="416" HPOS="1331"/>
                  <String HEIGHT="46"
                          WIDTH="118"
                          VPOS="416"
                          HPOS="1298"
                          CONTENT="dicitur"/>
                  <SP HEIGHT="46" WIDTH="11" VPOS="416" HPOS="1416"/>
                  <String HEIGHT="46"
                          WIDTH="118"
                          VPOS="416"
                          HPOS="1384"
                          CONTENT="libera."/>
                  <SP HEIGHT="46" WIDTH="11" VPOS="416" HPOS="1502"/>
                  <String HEIGHT="46"
                          WIDTH="161"
                          VPOS="416"
                          HPOS="1470"
                          CONTENT="Respondetur"/>
                  <SP HEIGHT="46" WIDTH="11" VPOS="416" HPOS="1631"/>
                  <String HEIGHT="46"
                          WIDTH="139"
                          VPOS="416"
                          HPOS="1599"
                          CONTENT="secundum."/>
                  <SP HEIGHT="46" WIDTH="11" VPOS="416" HPOS="1738"/>
                  <String HEIGHT="46" WIDTH="64" VPOS="416" HPOS="1706" CONTENT="e."/>
                  <SP HEIGHT="46" WIDTH="11" VPOS="416" HPOS="1770"/>
                  <String HEIGHT="46"
                          WIDTH="97"
                          VPOS="416"
                          HPOS="1738"
                          CONTENT="Guil."/>
                  <SP HEIGHT="46" WIDTH="11" VPOS="416" HPOS="1835"/>
                  <String HEIGHT="46"
                          WIDTH="64"
                          VPOS="416"
                          HPOS="1792"
                          CONTENT="ibi"
                          SUBS_TYPE="HypPart1"
                          SUBS_CONTENT="ibidem."/>
                  <HYP CONTENT="-"/>
               </TextLine>
               <TextLine ID="r2l9"
                         BASELINE="498"
                         HEIGHT="46"
                         WIDTH="762"
                         VPOS="452"
                         HPOS="1099">
                  <String HEIGHT="46"
                          WIDTH="95"
                          VPOS="452"
                          HPOS="1087"
                          CONTENT="dem."
                          SUBS_TYPE="HypPart2"
                          SUBS_CONTENT="ibidem."/>
                  <SP HEIGHT="46" WIDTH="12" VPOS="452" HPOS="1182"/>
                  <String HEIGHT="46"
                          WIDTH="95"
                          VPOS="452"
                          HPOS="1147"
                          CONTENT="quod"/>
                  <SP HEIGHT="46" WIDTH="12" VPOS="452" HPOS="1242"/>
                  <String HEIGHT="46"
                          WIDTH="107"
                          VPOS="452"
                          HPOS="1206"
                          CONTENT="licet"/>
                  <SP HEIGHT="46" WIDTH="12" VPOS="452" HPOS="1313"/>
                  <String HEIGHT="46"
                          WIDTH="131"
                          VPOS="452"
                          HPOS="1278"
                          CONTENT="sanctus"/>
                  <SP HEIGHT="46" WIDTH="12" VPOS="452" HPOS="1409"/>
                  <String HEIGHT="46"
                          WIDTH="95"
                          VPOS="452"
                          HPOS="1373"
                          CONTENT="Tho."/>
                  <SP HEIGHT="46" WIDTH="12" VPOS="452" HPOS="1468"/>
                  <String HEIGHT="46" WIDTH="83" VPOS="452" HPOS="1432" CONTENT="sic"/>
                  <SP HEIGHT="46" WIDTH="12" VPOS="452" HPOS="1516"/>
                  <String HEIGHT="46"
                          WIDTH="155"
                          VPOS="452"
                          HPOS="1480"
                          CONTENT="posuerit:"/>
                  <SP HEIGHT="46" WIDTH="12" VPOS="452" HPOS="1635"/>
                  <String HEIGHT="46"
                          WIDTH="107"
                          VPOS="452"
                          HPOS="1599"
                          CONTENT="tamen"/>
                  <SP HEIGHT="46" WIDTH="12" VPOS="452" HPOS="1706"/>
                  <String HEIGHT="46" WIDTH="83" VPOS="452" HPOS="1671" CONTENT="non"/>
                  <SP HEIGHT="46" WIDTH="12" VPOS="452" HPOS="1754"/>
                  <String HEIGHT="46"
                          WIDTH="119"
                          VPOS="452"
                          HPOS="1718"
                          CONTENT="valet:"/>
                  <SP HEIGHT="46" WIDTH="12" VPOS="452" HPOS="1837"/>
                  <String HEIGHT="46"
                          WIDTH="71"
                          VPOS="452"
                          HPOS="1790"
                          CONTENT="quia"/>
               </TextLine>
               <TextLine ID="r2l11"
                         BASELINE="548"
                         HEIGHT="51"
                         WIDTH="768"
                         VPOS="497"
                         HPOS="1093">
                  <String HEIGHT="51" WIDTH="90" VPOS="497" HPOS="1080" CONTENT="non"/>
                  <SP HEIGHT="51" WIDTH="13" VPOS="497" HPOS="1170"/>
                  <String HEIGHT="51"
                          WIDTH="115"
                          VPOS="497"
                          HPOS="1131"
                          CONTENT="satis"/>
                  <SP HEIGHT="51" WIDTH="13" VPOS="497" HPOS="1247"/>
                  <String HEIGHT="51"
                          WIDTH="179"
                          VPOS="497"
                          HPOS="1208"
                          CONTENT="enucleauit"/>
                  <SP HEIGHT="51" WIDTH="13" VPOS="497" HPOS="1387"/>
                  <String HEIGHT="51"
                          WIDTH="179"
                          VPOS="497"
                          HPOS="1349"
                          CONTENT="veritatem."/>
                  <SP HEIGHT="51" WIDTH="13" VPOS="497" HPOS="1528"/>
                  <String HEIGHT="51"
                          WIDTH="102"
                          VPOS="497"
                          HPOS="1490"
                          CONTENT="quia"/>
                  <SP HEIGHT="51" WIDTH="13" VPOS="497" HPOS="1592"/>
                  <String HEIGHT="51" WIDTH="90" VPOS="497" HPOS="1554" CONTENT="sic"/>
                  <SP HEIGHT="51" WIDTH="13" VPOS="497" HPOS="1643"/>
                  <String HEIGHT="51"
                          WIDTH="154"
                          VPOS="497"
                          HPOS="1605"
                          CONTENT="ponendo:"/>
                  <SP HEIGHT="51" WIDTH="13" VPOS="497" HPOS="1759"/>
                  <String HEIGHT="51"
                          WIDTH="102"
                          VPOS="497"
                          HPOS="1720"
                          CONTENT="tunc"/>
                  <SP HEIGHT="51" WIDTH="13" VPOS="497" HPOS="1823"/>
                  <String HEIGHT="51"
                          WIDTH="90"
                          VPOS="497"
                          HPOS="1771"
                          CONTENT="posse"/>
               </TextLine>
               <TextLine ID="r2l13"
                         BASELINE="593"
                         HEIGHT="57"
                         WIDTH="776"
                         VPOS="536"
                         HPOS="1084">
                  <String HEIGHT="57"
                          WIDTH="104"
                          VPOS="536"
                          HPOS="1072"
                          CONTENT="sequi"/>
                  <SP HEIGHT="57" WIDTH="12" VPOS="536" HPOS="1177"/>
                  <String HEIGHT="57"
                          WIDTH="93"
                          VPOS="536"
                          HPOS="1142"
                          CONTENT="quod"/>
                  <SP HEIGHT="57" WIDTH="12" VPOS="536" HPOS="1235"/>
                  <String HEIGHT="57"
                          WIDTH="139"
                          VPOS="536"
                          HPOS="1200"
                          CONTENT="spiritus"/>
                  <SP HEIGHT="57" WIDTH="12" VPOS="536" HPOS="1339"/>
                  <String HEIGHT="57"
                          WIDTH="127"
                          VPOS="536"
                          HPOS="1304"
                          CONTENT="sanctus"/>
                  <SP HEIGHT="57" WIDTH="12" VPOS="536" HPOS="1431"/>
                  <String HEIGHT="57"
                          WIDTH="162"
                          VPOS="536"
                          HPOS="1397"
                          CONTENT="procederet"/>
                  <SP HEIGHT="57" WIDTH="12" VPOS="536" HPOS="1559"/>
                  <String HEIGHT="57" WIDTH="81" VPOS="536" HPOS="1524" CONTENT="per"/>
                  <SP HEIGHT="57" WIDTH="12" VPOS="536" HPOS="1605"/>
                  <String HEIGHT="57"
                          WIDTH="104"
                          VPOS="536"
                          HPOS="1570"
                          CONTENT="modum"/>
                  <SP HEIGHT="57" WIDTH="12" VPOS="536" HPOS="1675"/>
                  <String HEIGHT="57"
                          WIDTH="116"
                          VPOS="536"
                          HPOS="1640"
                          CONTENT="artis."/>
                  <SP HEIGHT="57" WIDTH="12" VPOS="536" HPOS="1756"/>
                  <String HEIGHT="57" WIDTH="69" VPOS="536" HPOS="1721" CONTENT="eo"/>
                  <SP HEIGHT="57" WIDTH="12" VPOS="536" HPOS="1791"/>
                  <String HEIGHT="57"
                          WIDTH="93"
                          VPOS="536"
                          HPOS="1756"
                          CONTENT="quod"/>
                  <SP HEIGHT="57" WIDTH="12" VPOS="536" HPOS="1848"/>
                  <String HEIGHT="57" WIDTH="58" VPOS="536" HPOS="1802" CONTENT="pro"/>
               </TextLine>
               <TextLine ID="r2l15"
                         BASELINE="636"
                         HEIGHT="57"
                         WIDTH="756"
                         VPOS="579"
                         HPOS="1101">
                  <String HEIGHT="57"
                          WIDTH="110"
                          VPOS="579"
                          HPOS="1090"
                          CONTENT="ductio"/>
                  <SP HEIGHT="57" WIDTH="11" VPOS="579" HPOS="1200"/>
                  <String HEIGHT="57"
                          WIDTH="88"
                          VPOS="579"
                          HPOS="1167"
                          CONTENT="ista"/>
                  <SP HEIGHT="57" WIDTH="11" VPOS="579" HPOS="1254"/>
                  <String HEIGHT="57"
                          WIDTH="131"
                          VPOS="579"
                          HPOS="1222"
                          CONTENT="spiritus"/>
                  <SP HEIGHT="57" WIDTH="11" VPOS="579" HPOS="1353"/>
                  <String HEIGHT="57"
                          WIDTH="110"
                          VPOS="579"
                          HPOS="1320"
                          CONTENT="sancti"/>
                  <SP HEIGHT="57" WIDTH="11" VPOS="579" HPOS="1430"/>
                  <String HEIGHT="57"
                          WIDTH="164"
                          VPOS="579"
                          HPOS="1397"
                          CONTENT="praesuponit"/>
                  <SP HEIGHT="57" WIDTH="11" VPOS="579" HPOS="1561"/>
                  <String HEIGHT="57"
                          WIDTH="99"
                          VPOS="579"
                          HPOS="1528"
                          CONTENT="aliam"/>
                  <SP HEIGHT="57" WIDTH="11" VPOS="579" HPOS="1627"/>
                  <String HEIGHT="57"
                          WIDTH="131"
                          VPOS="579"
                          HPOS="1594"
                          CONTENT="scilicet"/>
                  <SP HEIGHT="57" WIDTH="11" VPOS="579" HPOS="1726"/>
                  <String HEIGHT="57"
                          WIDTH="131"
                          VPOS="579"
                          HPOS="1693"
                          CONTENT="noticiam"/>
                  <SP HEIGHT="57" WIDTH="11" VPOS="579" HPOS="1824"/>
                  <String HEIGHT="57"
                          WIDTH="77"
                          VPOS="579"
                          HPOS="1780"
                          CONTENT="inte"
                          SUBS_TYPE="HypPart1"
                          SUBS_CONTENT="interiorem"/>
                  <HYP CONTENT="-"/>
               </TextLine>
               <TextLine ID="r2l17"
                         BASELINE="665"
                         HEIGHT="49"
                         WIDTH="496"
                         VPOS="616"
                         HPOS="1096">
                  <String HEIGHT="49"
                          WIDTH="113"
                          VPOS="616"
                          HPOS="1085"
                          CONTENT="riorem"
                          SUBS_TYPE="HypPart2"
                          SUBS_CONTENT="interiorem"/>
                  <SP HEIGHT="49" WIDTH="11" VPOS="616" HPOS="1197"/>
                  <String HEIGHT="49"
                          WIDTH="147"
                          VPOS="616"
                          HPOS="1164"
                          CONTENT="producta."/>
                  <SP HEIGHT="49" WIDTH="11" VPOS="616" HPOS="1310"/>
                  <String HEIGHT="49"
                          WIDTH="90"
                          VPOS="616"
                          HPOS="1276"
                          CONTENT="quod"/>
                  <SP HEIGHT="49" WIDTH="11" VPOS="616" HPOS="1367"/>
                  <String HEIGHT="49"
                          WIDTH="113"
                          VPOS="616"
                          HPOS="1333"
                          CONTENT="tantum"/>
                  <SP HEIGHT="49" WIDTH="11" VPOS="616" HPOS="1445"/>
                  <String HEIGHT="49" WIDTH="79" VPOS="616" HPOS="1412" CONTENT="non"/>
                  <SP HEIGHT="49" WIDTH="11" VPOS="616" HPOS="1491"/>
                  <String HEIGHT="49"
                          WIDTH="147"
                          VPOS="616"
                          HPOS="1445"
                          CONTENT="conceditur."/>
               </TextLine>
               <TextLine ID="r2l19"
                         BASELINE="729"
                         HEIGHT="71"
                         WIDTH="752"
                         VPOS="658"
                         HPOS="1101">
                  <String HEIGHT="71"
                          WIDTH="167"
                          VPOS="658"
                          HPOS="1080"
                          CONTENT="Qumo"/>
                  <SP HEIGHT="71" WIDTH="21" VPOS="658" HPOS="1247"/>
                  <String HEIGHT="71"
                          WIDTH="167"
                          VPOS="658"
                          HPOS="1185"
                          CONTENT="iste"/>
                  <SP HEIGHT="71" WIDTH="21" VPOS="658" HPOS="1352"/>
                  <String HEIGHT="71"
                          WIDTH="334"
                          VPOS="658"
                          HPOS="1289"
                          CONTENT="productiones"/>
                  <SP HEIGHT="71" WIDTH="21" VPOS="658" HPOS="1623"/>
                  <String HEIGHT="71"
                          WIDTH="313"
                          VPOS="658"
                          HPOS="1540"
                          CONTENT="distinguuntur"/>
               </TextLine>
               <TextLine ID="r2l21"
                         BASELINE="772"
                         HEIGHT="56"
                         WIDTH="754"
                         VPOS="716"
                         HPOS="1093">
                  <String HEIGHT="56"
                          WIDTH="137"
                          VPOS="716"
                          HPOS="1082"
                          CONTENT="seipsis."/>
                  <SP HEIGHT="56" WIDTH="11" VPOS="716" HPOS="1219"/>
                  <String HEIGHT="56" WIDTH="80" VPOS="716" HPOS="1184" CONTENT="cum"/>
                  <SP HEIGHT="56" WIDTH="11" VPOS="716" HPOS="1264"/>
                  <String HEIGHT="56" WIDTH="80" VPOS="716" HPOS="1230" CONTENT="non"/>
                  <SP HEIGHT="56" WIDTH="11" VPOS="716" HPOS="1310"/>
                  <String HEIGHT="56"
                          WIDTH="91"
                          VPOS="716"
                          HPOS="1276"
                          CONTENT="sint"/>
                  <SP HEIGHT="56" WIDTH="11" VPOS="716" HPOS="1367"/>
                  <String HEIGHT="56" WIDTH="57" VPOS="716" HPOS="1333" CONTENT="a"/>
                  <SP HEIGHT="56" WIDTH="11" VPOS="716" HPOS="1390"/>
                  <String HEIGHT="56"
                          WIDTH="126"
                          VPOS="716"
                          HPOS="1356"
                          CONTENT="seipsis"/>
                  <SP HEIGHT="56" WIDTH="11" VPOS="716" HPOS="1481"/>
                  <String HEIGHT="56"
                          WIDTH="171"
                          VPOS="716"
                          HPOS="1447"
                          CONTENT="formaliter."/>
                  <SP HEIGHT="56" WIDTH="11" VPOS="716" HPOS="1619"/>
                  <String HEIGHT="56" WIDTH="69" VPOS="716" HPOS="1584" CONTENT="et"/>
                  <SP HEIGHT="56" WIDTH="11" VPOS="716" HPOS="1653"/>
                  <String HEIGHT="56"
                          WIDTH="114"
                          VPOS="716"
                          HPOS="1619"
                          CONTENT="etiam:"/>
                  <SP HEIGHT="56" WIDTH="11" VPOS="716" HPOS="1733"/>
                  <String HEIGHT="56"
                          WIDTH="91"
                          VPOS="716"
                          HPOS="1698"
                          CONTENT="quia"/>
                  <SP HEIGHT="56" WIDTH="11" VPOS="716" HPOS="1790"/>
                  <String HEIGHT="56"
                          WIDTH="91"
                          VPOS="716"
                          HPOS="1756"
                          CONTENT="quae"/>
                  <SP HEIGHT="56" WIDTH="11" VPOS="716" HPOS="1847"/>
                  <String HEIGHT="56" WIDTH="46" VPOS="716" HPOS="1801" CONTENT="di"/>
               </TextLine>
               <TextLine ID="r2l23"
                         BASELINE="821"
                         HEIGHT="56"
                         WIDTH="759"
                         VPOS="765"
                         HPOS="1092">
                  <String HEIGHT="56"
                          WIDTH="187"
                          VPOS="765"
                          HPOS="1080"
                          CONTENT="stinguuntur"/>
                  <SP HEIGHT="56" WIDTH="12" VPOS="765" HPOS="1266"/>
                  <String HEIGHT="56"
                          WIDTH="137"
                          VPOS="765"
                          HPOS="1229"
                          CONTENT="seipsis"/>
                  <SP HEIGHT="56" WIDTH="12" VPOS="765" HPOS="1366"/>
                  <String HEIGHT="56"
                          WIDTH="187"
                          VPOS="765"
                          HPOS="1328"
                          CONTENT="formaliter:"/>
                  <SP HEIGHT="56" WIDTH="12" VPOS="765" HPOS="1515"/>
                  <String HEIGHT="56" WIDTH="87" VPOS="765" HPOS="1478" CONTENT="non"/>
                  <SP HEIGHT="56" WIDTH="12" VPOS="765" HPOS="1565"/>
                  <String HEIGHT="56"
                          WIDTH="174"
                          VPOS="765"
                          HPOS="1527"
                          CONTENT="conueniunt"/>
                  <SP HEIGHT="56" WIDTH="12" VPOS="765" HPOS="1702"/>
                  <String HEIGHT="56" WIDTH="75" VPOS="765" HPOS="1664" CONTENT="in"/>
                  <SP HEIGHT="56" WIDTH="12" VPOS="765" HPOS="1739"/>
                  <String HEIGHT="56"
                          WIDTH="137"
                          VPOS="765"
                          HPOS="1702"
                          CONTENT="aliquo."/>
                  <SP HEIGHT="56" WIDTH="12" VPOS="765" HPOS="1839"/>
                  <String HEIGHT="56" WIDTH="62" VPOS="765" HPOS="1789" CONTENT="sed"/>
               </TextLine>
               <TextLine ID="r2l25"
                         BASELINE="865"
                         HEIGHT="46"
                         WIDTH="768"
                         VPOS="819"
                         HPOS="1080">
                  <String HEIGHT="46"
                          WIDTH="169"
                          VPOS="819"
                          HPOS="1067"
                          CONTENT="generatio"/>
                  <SP HEIGHT="46" WIDTH="13" VPOS="819" HPOS="1236"/>
                  <String HEIGHT="46" WIDTH="78" VPOS="819" HPOS="1197" CONTENT="et"/>
                  <SP HEIGHT="46" WIDTH="13" VPOS="819" HPOS="1275"/>
                  <String HEIGHT="46"
                          WIDTH="156"
                          VPOS="819"
                          HPOS="1236"
                          CONTENT="spiratio"/>
                  <SP HEIGHT="46" WIDTH="13" VPOS="819" HPOS="1392"/>
                  <String HEIGHT="46"
                          WIDTH="195"
                          VPOS="819"
                          HPOS="1353"
                          CONTENT="conueniunt:"/>
                  <SP HEIGHT="46" WIDTH="13" VPOS="819" HPOS="1549"/>
                  <String HEIGHT="46"
                          WIDTH="104"
                          VPOS="819"
                          HPOS="1510"
                          CONTENT="quia"/>
                  <SP HEIGHT="46" WIDTH="13" VPOS="819" HPOS="1614"/>
                  <String HEIGHT="46" WIDTH="78" VPOS="819" HPOS="1575" CONTENT="de"/>
                  <SP HEIGHT="46" WIDTH="13" VPOS="819" HPOS="1653"/>
                  <String HEIGHT="46"
                          WIDTH="143"
                          VPOS="819"
                          HPOS="1614"
                          CONTENT="ambobus"/>
                  <SP HEIGHT="46" WIDTH="13" VPOS="819" HPOS="1757"/>
                  <String HEIGHT="46"
                          WIDTH="143"
                          VPOS="819"
                          HPOS="1705"
                          CONTENT="diciturpr"/>
               </TextLine>
               <TextLine ID="r2l27"
                         BASELINE="907"
                         HEIGHT="50"
                         WIDTH="772"
                         VPOS="857"
                         HPOS="1088">
                  <String HEIGHT="50"
                          WIDTH="144"
                          VPOS="857"
                          HPOS="1075"
                          CONTENT="ductio."/>
                  <SP HEIGHT="50" WIDTH="13" VPOS="857" HPOS="1219"/>
                  <String HEIGHT="50"
                          WIDTH="105"
                          VPOS="857"
                          HPOS="1180"
                          CONTENT="ergo"/>
                  <SP HEIGHT="50" WIDTH="13" VPOS="857" HPOS="1284"/>
                  <String HEIGHT="50" WIDTH="92" VPOS="857" HPOS="1245" CONTENT="non"/>
                  <SP HEIGHT="50" WIDTH="13" VPOS="857" HPOS="1337"/>
                  <String HEIGHT="50"
                          WIDTH="144"
                          VPOS="857"
                          HPOS="1297"
                          CONTENT="videtur"/>
                  <SP HEIGHT="50" WIDTH="13" VPOS="857" HPOS="1441"/>
                  <String HEIGHT="50"
                          WIDTH="105"
                          VPOS="857"
                          HPOS="1402"
                          CONTENT="quod"/>
                  <SP HEIGHT="50" WIDTH="13" VPOS="857" HPOS="1507"/>
                  <String HEIGHT="50"
                          WIDTH="222"
                          VPOS="857"
                          HPOS="1467"
                          CONTENT="distinguantur"/>
                  <SP HEIGHT="50" WIDTH="13" VPOS="857" HPOS="1690"/>
                  <String HEIGHT="50" WIDTH="79" VPOS="857" HPOS="1651" CONTENT="se"/>
                  <SP HEIGHT="50" WIDTH="13" VPOS="857" HPOS="1729"/>
                  <String HEIGHT="50"
                          WIDTH="118"
                          VPOS="857"
                          HPOS="1690"
                          CONTENT="ipsis"/>
                  <SP HEIGHT="50" WIDTH="13" VPOS="857" HPOS="1808"/>
                  <String HEIGHT="50"
                          WIDTH="105"
                          VPOS="857"
                          HPOS="1755"
                          CONTENT="forma"
                          SUBS_TYPE="HypPart1"
                          SUBS_CONTENT="formaliter:"/>
                  <HYP CONTENT="-"/>
               </TextLine>
               <TextLine ID="r2l29"
                         BASELINE="945"
                         HEIGHT="57"
                         WIDTH="772"
                         VPOS="888"
                         HPOS="1078">
                  <String HEIGHT="57"
                          WIDTH="102"
                          VPOS="888"
                          HPOS="1068"
                          CONTENT="liter:"
                          SUBS_TYPE="HypPart2"
                          SUBS_CONTENT="formaliter:"/>
                  <SP HEIGHT="57" WIDTH="10" VPOS="888" HPOS="1169"/>
                  <String HEIGHT="57" WIDTH="61" VPOS="888" HPOS="1139" CONTENT="vt"/>
                  <SP HEIGHT="57" WIDTH="10" VPOS="888" HPOS="1200"/>
                  <String HEIGHT="57"
                          WIDTH="102"
                          VPOS="888"
                          HPOS="1169"
                          CONTENT="ponit."/>
                  <SP HEIGHT="57" WIDTH="10" VPOS="888" HPOS="1271"/>
                  <String HEIGHT="57"
                          WIDTH="102"
                          VPOS="888"
                          HPOS="1241"
                          CONTENT="supra."/>
                  <SP HEIGHT="57" WIDTH="10" VPOS="888" HPOS="1342"/>
                  <String HEIGHT="57"
                          WIDTH="91"
                          VPOS="888"
                          HPOS="1312"
                          CONTENT="prima"/>
                  <SP HEIGHT="57" WIDTH="10" VPOS="888" HPOS="1403"/>
                  <String HEIGHT="57"
                          WIDTH="142"
                          VPOS="888"
                          HPOS="1373"
                          CONTENT="conclusio."/>
                  <SP HEIGHT="57" WIDTH="10" VPOS="888" HPOS="1515"/>
                  <String HEIGHT="57" WIDTH="51" VPOS="888" HPOS="1484" CONTENT="¶"/>
                  <SP HEIGHT="57" WIDTH="10" VPOS="888" HPOS="1535"/>
                  <String HEIGHT="57"
                          WIDTH="152"
                          VPOS="888"
                          HPOS="1505"
                          CONTENT="Respondetur"/>
                  <SP HEIGHT="57" WIDTH="10" VPOS="888" HPOS="1657"/>
                  <String HEIGHT="57"
                          WIDTH="122"
                          VPOS="888"
                          HPOS="1627"
                          CONTENT="secundum"/>
                  <SP HEIGHT="57" WIDTH="10" VPOS="888" HPOS="1748"/>
                  <String HEIGHT="57"
                          WIDTH="91"
                          VPOS="888"
                          HPOS="1718"
                          CONTENT="Guil."/>
                  <SP HEIGHT="57" WIDTH="10" VPOS="888" HPOS="1809"/>
                  <String HEIGHT="57" WIDTH="61" VPOS="888" HPOS="1779" CONTENT="et"/>
                  <SP HEIGHT="57" WIDTH="10" VPOS="888" HPOS="1840"/>
                  <String HEIGHT="57" WIDTH="51" VPOS="888" HPOS="1799" CONTENT="Sco"/>
               </TextLine>
               <TextLine ID="r2l31"
                         BASELINE="988"
                         HEIGHT="55"
                         WIDTH="757"
                         VPOS="933"
                         HPOS="1096">
                  <String HEIGHT="55"
                          WIDTH="90"
                          VPOS="933"
                          HPOS="1085"
                          CONTENT="tor."/>
                  <SP HEIGHT="55" WIDTH="11" VPOS="933" HPOS="1175"/>
                  <String HEIGHT="55" WIDTH="68" VPOS="933" HPOS="1141" CONTENT="e."/>
                  <SP HEIGHT="55" WIDTH="11" VPOS="933" HPOS="1209"/>
                  <String HEIGHT="55" WIDTH="79" VPOS="933" HPOS="1175" CONTENT="di."/>
                  <SP HEIGHT="55" WIDTH="11" VPOS="933" HPOS="1254"/>
                  <String HEIGHT="55"
                          WIDTH="102"
                          VPOS="933"
                          HPOS="1220"
                          CONTENT="xiii."/>
                  <SP HEIGHT="55" WIDTH="11" VPOS="933" HPOS="1322"/>
                  <String HEIGHT="55"
                          WIDTH="90"
                          VPOS="933"
                          HPOS="1288"
                          CONTENT="quod"/>
                  <SP HEIGHT="55" WIDTH="11" VPOS="933" HPOS="1378"/>
                  <String HEIGHT="55"
                          WIDTH="147"
                          VPOS="933"
                          HPOS="1345"
                          CONTENT="huiusmodi"/>
                  <SP HEIGHT="55" WIDTH="11" VPOS="933" HPOS="1491"/>
                  <String HEIGHT="55"
                          WIDTH="169"
                          VPOS="933"
                          HPOS="1458"
                          CONTENT="obiectiones"/>
                  <SP HEIGHT="55" WIDTH="11" VPOS="933" HPOS="1627"/>
                  <String HEIGHT="55" WIDTH="79" VPOS="933" HPOS="1593" CONTENT="non"/>
                  <SP HEIGHT="55" WIDTH="11" VPOS="933" HPOS="1672"/>
                  <String HEIGHT="55"
                          WIDTH="124"
                          VPOS="933"
                          HPOS="1638"
                          CONTENT="valent:"/>
                  <SP HEIGHT="55" WIDTH="11" VPOS="933" HPOS="1763"/>
                  <String HEIGHT="55"
                          WIDTH="90"
                          VPOS="933"
                          HPOS="1729"
                          CONTENT="quia"/>
                  <SP HEIGHT="55" WIDTH="11" VPOS="933" HPOS="1819"/>
                  <String HEIGHT="55"
                          WIDTH="79"
                          VPOS="933"
                          HPOS="1774"
                          CONTENT="diffi"/>
               </TextLine>
               <TextLine ID="r2l33"
                         BASELINE="1030"
                         HEIGHT="49"
                         WIDTH="776"
                         VPOS="981"
                         HPOS="1086">
                  <String HEIGHT="49"
                          WIDTH="136"
                          VPOS="981"
                          HPOS="1072"
                          CONTENT="rentie"/>
                  <SP HEIGHT="49" WIDTH="14" VPOS="981" HPOS="1209"/>
                  <String HEIGHT="49"
                          WIDTH="191"
                          VPOS="981"
                          HPOS="1168"
                          CONTENT="specifice."/>
                  <SP HEIGHT="49" WIDTH="14" VPOS="981" HPOS="1358"/>
                  <String HEIGHT="49"
                          WIDTH="109"
                          VPOS="981"
                          HPOS="1317"
                          CONTENT="puta"/>
                  <SP HEIGHT="49" WIDTH="14" VPOS="981" HPOS="1426"/>
                  <String HEIGHT="49"
                          WIDTH="177"
                          VPOS="981"
                          HPOS="1386"
                          CONTENT="rationale"/>
                  <SP HEIGHT="49" WIDTH="14" VPOS="981" HPOS="1562"/>
                  <String HEIGHT="49" WIDTH="82" VPOS="981" HPOS="1522" CONTENT="et"/>
                  <SP HEIGHT="49" WIDTH="14" VPOS="981" HPOS="1603"/>
                  <String HEIGHT="49"
                          WIDTH="191"
                          VPOS="981"
                          HPOS="1562"
                          CONTENT="huiusmodi."/>
                  <SP HEIGHT="49" WIDTH="14" VPOS="981" HPOS="1753"/>
                  <String HEIGHT="49" WIDTH="95" VPOS="981" HPOS="1712" CONTENT="non"/>
                  <SP HEIGHT="49" WIDTH="14" VPOS="981" HPOS="1808"/>
                  <String HEIGHT="49"
                          WIDTH="109"
                          VPOS="981"
                          HPOS="1767"
                          CONTENT="sunt"/>
                  <SP HEIGHT="49" WIDTH="14" VPOS="981" HPOS="1876"/>
                  <String HEIGHT="49" WIDTH="41" VPOS="981" HPOS="1821" CONTENT="a"/>
               </TextLine>
               <TextLine ID="r2l35"
                         BASELINE="1065"
                         HEIGHT="45"
                         WIDTH="777"
                         VPOS="1020"
                         HPOS="1081">
                  <String HEIGHT="45"
                          WIDTH="140"
                          VPOS="1020"
                          HPOS="1068"
                          CONTENT="seipsis"/>
                  <SP HEIGHT="45" WIDTH="13" VPOS="1020" HPOS="1208"/>
                  <String HEIGHT="45"
                          WIDTH="178"
                          VPOS="1020"
                          HPOS="1170"
                          CONTENT="effectiue."/>
                  <SP HEIGHT="45" WIDTH="13" VPOS="1020" HPOS="1348"/>
                  <String HEIGHT="45" WIDTH="76" VPOS="1020" HPOS="1310" CONTENT="et"/>
                  <SP HEIGHT="45" WIDTH="13" VPOS="1020" HPOS="1387"/>
                  <String HEIGHT="45"
                          WIDTH="115"
                          VPOS="1020"
                          HPOS="1348"
                          CONTENT="tamen"/>
                  <SP HEIGHT="45" WIDTH="13" VPOS="1020" HPOS="1463"/>
                  <String HEIGHT="45"
                          WIDTH="102"
                          VPOS="1020"
                          HPOS="1425"
                          CONTENT="sunt"/>
                  <SP HEIGHT="45" WIDTH="13" VPOS="1020" HPOS="1527"/>
                  <String HEIGHT="45"
                          WIDTH="140"
                          VPOS="1020"
                          HPOS="1489"
                          CONTENT="seipsis"/>
                  <SP HEIGHT="45" WIDTH="13" VPOS="1020" HPOS="1629"/>
                  <String HEIGHT="45"
                          WIDTH="178"
                          VPOS="1020"
                          HPOS="1591"
                          CONTENT="formaliter"/>
                  <SP HEIGHT="45" WIDTH="13" VPOS="1020" HPOS="1769"/>
                  <String HEIGHT="45"
                          WIDTH="140"
                          VPOS="1020"
                          HPOS="1718"
                          CONTENT="distincte"/>
               </TextLine>
               <TextLine ID="r2l37"
                         BASELINE="1108"
                         HEIGHT="48"
                         WIDTH="744"
                         VPOS="1060"
                         HPOS="1102">
                  <String HEIGHT="48"
                          WIDTH="90"
                          VPOS="1060"
                          HPOS="1091"
                          CONTENT="Item"/>
                  <SP HEIGHT="48" WIDTH="11" VPOS="1060" HPOS="1181"/>
                  <String HEIGHT="48"
                          WIDTH="79"
                          VPOS="1060"
                          HPOS="1147"
                          CONTENT="eis"/>
                  <SP HEIGHT="48" WIDTH="11" VPOS="1060" HPOS="1226"/>
                  <String HEIGHT="48"
                          WIDTH="90"
                          VPOS="1060"
                          HPOS="1192"
                          CONTENT="quae"/>
                  <SP HEIGHT="48" WIDTH="11" VPOS="1060" HPOS="1282"/>
                  <String HEIGHT="48" WIDTH="68" VPOS="1060" HPOS="1249" CONTENT="se"/>
                  <SP HEIGHT="48" WIDTH="11" VPOS="1060" HPOS="1316"/>
                  <String HEIGHT="48"
                          WIDTH="147"
                          VPOS="1060"
                          HPOS="1282"
                          CONTENT="distincta"/>
                  <SP HEIGHT="48" WIDTH="11" VPOS="1060" HPOS="1429"/>
                  <String HEIGHT="48"
                          WIDTH="124"
                          VPOS="1060"
                          HPOS="1395"
                          CONTENT="seipsis"/>
                  <SP HEIGHT="48" WIDTH="11" VPOS="1060" HPOS="1519"/>
                  <String HEIGHT="48"
                          WIDTH="169"
                          VPOS="1060"
                          HPOS="1485"
                          CONTENT="formaliter:"/>
                  <SP HEIGHT="48" WIDTH="11" VPOS="1060" HPOS="1654"/>
                  <String HEIGHT="48"
                          WIDTH="113"
                          VPOS="1060"
                          HPOS="1621"
                          CONTENT="potest"/>
                  <SP HEIGHT="48" WIDTH="11" VPOS="1060" HPOS="1733"/>
                  <String HEIGHT="48"
                          WIDTH="90"
                          VPOS="1060"
                          HPOS="1699"
                          CONTENT="esse"/>
                  <SP HEIGHT="48" WIDTH="11" VPOS="1060" HPOS="1790"/>
                  <String HEIGHT="48"
                          WIDTH="101"
                          VPOS="1060"
                          HPOS="1745"
                          CONTENT="aliquie"/>
               </TextLine>
               <TextLine ID="r2l39"
                         BASELINE="1154"
                         HEIGHT="47"
                         WIDTH="765"
                         VPOS="1107"
                         HPOS="1087">
                  <String HEIGHT="47"
                          WIDTH="122"
                          VPOS="1107"
                          HPOS="1076"
                          CONTENT="tiomune"/>
                  <SP HEIGHT="47" WIDTH="11" VPOS="1107" HPOS="1198"/>
                  <String HEIGHT="47"
                          WIDTH="166"
                          VPOS="1107"
                          HPOS="1165"
                          CONTENT="communitate"/>
                  <SP HEIGHT="47" WIDTH="11" VPOS="1107" HPOS="1331"/>
                  <String HEIGHT="47"
                          WIDTH="200"
                          VPOS="1107"
                          HPOS="1298"
                          CONTENT="praedicationis"/>
                  <SP HEIGHT="47" WIDTH="11" VPOS="1107" HPOS="1497"/>
                  <String HEIGHT="47"
                          WIDTH="122"
                          VPOS="1107"
                          HPOS="1464"
                          CONTENT="tantum:"/>
                  <SP HEIGHT="47" WIDTH="11" VPOS="1107" HPOS="1586"/>
                  <String HEIGHT="47"
                          WIDTH="100"
                          VPOS="1107"
                          HPOS="1553"
                          CONTENT="licet"/>
                  <SP HEIGHT="47" WIDTH="11" VPOS="1107" HPOS="1652"/>
                  <String HEIGHT="47"
                          WIDTH="78"
                          VPOS="1107"
                          HPOS="1619"
                          CONTENT="non"/>
                  <SP HEIGHT="47" WIDTH="11" VPOS="1107" HPOS="1697"/>
                  <String HEIGHT="47"
                          WIDTH="133"
                          VPOS="1107"
                          HPOS="1664"
                          CONTENT="formalis"/>
                  <SP HEIGHT="47" WIDTH="11" VPOS="1107" HPOS="1797"/>
                  <String HEIGHT="47"
                          WIDTH="100"
                          VPOS="1107"
                          HPOS="1752"
                          CONTENT="proprie"/>
               </TextLine>
               <TextLine ID="r2l41"
                         BASELINE="1207"
                         HEIGHT="57"
                         WIDTH="772"
                         VPOS="1150"
                         HPOS="1081">
                  <String HEIGHT="57"
                          WIDTH="170"
                          VPOS="1150"
                          HPOS="1068"
                          CONTENT="rationis."/>
                  <SP HEIGHT="57" WIDTH="13" VPOS="1150" HPOS="1238"/>
                  <String HEIGHT="57"
                          WIDTH="105"
                          VPOS="1150"
                          HPOS="1199"
                          CONTENT="Unde"/>
                  <SP HEIGHT="57" WIDTH="13" VPOS="1150" HPOS="1303"/>
                  <String HEIGHT="57"
                          WIDTH="170"
                          VPOS="1150"
                          HPOS="1264"
                          CONTENT="generatio"/>
                  <SP HEIGHT="57" WIDTH="13" VPOS="1150" HPOS="1434"/>
                  <String HEIGHT="57" WIDTH="79" VPOS="1150" HPOS="1395" CONTENT="et"/>
                  <SP HEIGHT="57" WIDTH="13" VPOS="1150" HPOS="1474"/>
                  <String HEIGHT="57"
                          WIDTH="157"
                          VPOS="1150"
                          HPOS="1434"
                          CONTENT="spiratio"/>
                  <SP HEIGHT="57" WIDTH="13" VPOS="1150" HPOS="1591"/>
                  <String HEIGHT="57"
                          WIDTH="183"
                          VPOS="1150"
                          HPOS="1552"
                          CONTENT="conueniunt"/>
                  <SP HEIGHT="57" WIDTH="13" VPOS="1150" HPOS="1735"/>
                  <String HEIGHT="57" WIDTH="79" VPOS="1150" HPOS="1696" CONTENT="in"/>
                  <SP HEIGHT="57" WIDTH="13" VPOS="1150" HPOS="1774"/>
                  <String HEIGHT="57"
                          WIDTH="131"
                          VPOS="1150"
                          HPOS="1722"
                          CONTENT="producti"/>
               </TextLine>
               <TextLine ID="r2l43"
                         BASELINE="1236"
                         HEIGHT="47"
                         WIDTH="775"
                         VPOS="1189"
                         HPOS="1078">
                  <String HEIGHT="47"
                          WIDTH="86"
                          VPOS="1189"
                          HPOS="1067"
                          CONTENT="one:"/>
                  <SP HEIGHT="47" WIDTH="11" VPOS="1189" HPOS="1153"/>
                  <String HEIGHT="47"
                          WIDTH="86"
                          VPOS="1189"
                          HPOS="1121"
                          CONTENT="quia"/>
                  <SP HEIGHT="47" WIDTH="11" VPOS="1189" HPOS="1207"/>
                  <String HEIGHT="47" WIDTH="65" VPOS="1189" HPOS="1175" CONTENT="de"/>
                  <SP HEIGHT="47" WIDTH="11" VPOS="1189" HPOS="1239"/>
                  <String HEIGHT="47"
                          WIDTH="75"
                          VPOS="1189"
                          HPOS="1207"
                          CONTENT="eis"/>
                  <SP HEIGHT="47" WIDTH="11" VPOS="1189" HPOS="1283"/>
                  <String HEIGHT="47"
                          WIDTH="118"
                          VPOS="1189"
                          HPOS="1250"
                          CONTENT="dicitur"/>
                  <SP HEIGHT="47" WIDTH="11" VPOS="1189" HPOS="1369"/>
                  <String HEIGHT="47"
                          WIDTH="183"
                          VPOS="1189"
                          HPOS="1336"
                          CONTENT="praedicatione"/>
                  <SP HEIGHT="47" WIDTH="11" VPOS="1189" HPOS="1519"/>
                  <String HEIGHT="47"
                          WIDTH="118"
                          VPOS="1189"
                          HPOS="1487"
                          CONTENT="tantum."/>
                  <SP HEIGHT="47" WIDTH="11" VPOS="1189" HPOS="1605"/>
                  <String HEIGHT="47" WIDTH="54" VPOS="1189" HPOS="1573" CONTENT="¶"/>
                  <SP HEIGHT="47" WIDTH="11" VPOS="1189" HPOS="1627"/>
                  <String HEIGHT="47"
                          WIDTH="86"
                          VPOS="1189"
                          HPOS="1595"
                          CONTENT="Nota"/>
                  <SP HEIGHT="47" WIDTH="11" VPOS="1189" HPOS="1681"/>
                  <String HEIGHT="47"
                          WIDTH="86"
                          VPOS="1189"
                          HPOS="1648"
                          CONTENT="ergo"/>
                  <SP HEIGHT="47" WIDTH="11" VPOS="1189" HPOS="1735"/>
                  <String HEIGHT="47"
                          WIDTH="129"
                          VPOS="1189"
                          HPOS="1702"
                          CONTENT="secundum"/>
                  <SP HEIGHT="47" WIDTH="11" VPOS="1189" HPOS="1831"/>
                  <String HEIGHT="47"
                          WIDTH="65"
                          VPOS="1189"
                          HPOS="1788"
                          CONTENT="eum."/>
               </TextLine>
               <TextLine ID="r2l45"
                         BASELINE="1282"
                         HEIGHT="55"
                         WIDTH="766"
                         VPOS="1227"
                         HPOS="1087">
                  <String HEIGHT="55"
                          WIDTH="119"
                          VPOS="1227"
                          HPOS="1074"
                          CONTENT="Guil."/>
                  <SP HEIGHT="55" WIDTH="13" VPOS="1227" HPOS="1193"/>
                  <String HEIGHT="55"
                          WIDTH="106"
                          VPOS="1227"
                          HPOS="1153"
                          CONTENT="quod"/>
                  <SP HEIGHT="55" WIDTH="13" VPOS="1227" HPOS="1259"/>
                  <String HEIGHT="55"
                          WIDTH="119"
                          VPOS="1227"
                          HPOS="1219"
                          CONTENT="istas"/>
                  <SP HEIGHT="55" WIDTH="13" VPOS="1227" HPOS="1338"/>
                  <String HEIGHT="55"
                          WIDTH="211"
                          VPOS="1227"
                          HPOS="1298"
                          CONTENT="productiones"/>
                  <SP HEIGHT="55" WIDTH="13" VPOS="1227" HPOS="1510"/>
                  <String HEIGHT="55" WIDTH="79" VPOS="1227" HPOS="1470" CONTENT="in"/>
                  <SP HEIGHT="55" WIDTH="13" VPOS="1227" HPOS="1549"/>
                  <String HEIGHT="55"
                          WIDTH="145"
                          VPOS="1227"
                          HPOS="1510"
                          CONTENT="divinis"/>
                  <SP HEIGHT="55" WIDTH="13" VPOS="1227" HPOS="1655"/>
                  <String HEIGHT="55"
                          WIDTH="185"
                          VPOS="1227"
                          HPOS="1615"
                          CONTENT="distingui:"/>
                  <SP HEIGHT="55" WIDTH="13" VPOS="1227" HPOS="1800"/>
                  <String HEIGHT="55"
                          WIDTH="106"
                          VPOS="1227"
                          HPOS="1747"
                          CONTENT="potens"/>
               </TextLine>
               <TextLine ID="r2l47"
                         BASELINE="1329"
                         HEIGHT="57"
                         WIDTH="776"
                         VPOS="1272"
                         HPOS="1081">
                  <String HEIGHT="57"
                          WIDTH="102"
                          VPOS="1272"
                          HPOS="1068"
                          CONTENT="capi"/>
                  <SP HEIGHT="57" WIDTH="13" VPOS="1272" HPOS="1170"/>
                  <String HEIGHT="57"
                          WIDTH="204"
                          VPOS="1272"
                          HPOS="1132"
                          CONTENT="tripliciter."/>
                  <SP HEIGHT="57" WIDTH="13" VPOS="1272" HPOS="1335"/>
                  <String HEIGHT="57"
                          WIDTH="89"
                          VPOS="1272"
                          HPOS="1297"
                          CONTENT="Uno"/>
                  <SP HEIGHT="57" WIDTH="13" VPOS="1272" HPOS="1386"/>
                  <String HEIGHT="57"
                          WIDTH="102"
                          VPOS="1272"
                          HPOS="1348"
                          CONTENT="modo"/>
                  <SP HEIGHT="57" WIDTH="13" VPOS="1272" HPOS="1450"/>
                  <String HEIGHT="57"
                          WIDTH="191"
                          VPOS="1272"
                          HPOS="1412"
                          CONTENT="formaliter."/>
                  <SP HEIGHT="57" WIDTH="13" VPOS="1272" HPOS="1603"/>
                  <String HEIGHT="57" WIDTH="76" VPOS="1272" HPOS="1564" CONTENT="et"/>
                  <SP HEIGHT="57" WIDTH="13" VPOS="1272" HPOS="1641"/>
                  <String HEIGHT="57"
                          WIDTH="89"
                          VPOS="1272"
                          HPOS="1603"
                          CONTENT="sic"/>
                  <SP HEIGHT="57" WIDTH="13" VPOS="1272" HPOS="1692"/>
                  <String HEIGHT="57"
                          WIDTH="140"
                          VPOS="1272"
                          HPOS="1653"
                          CONTENT="seipsis"/>
                  <SP HEIGHT="57" WIDTH="13" VPOS="1272" HPOS="1793"/>
                  <String HEIGHT="57"
                          WIDTH="114"
                          VPOS="1272"
                          HPOS="1743"
                          CONTENT="distin"
                          SUBS_TYPE="HypPart1"
                          SUBS_CONTENT="distinguuntur."/>
                  <HYP CONTENT="-"/>
               </TextLine>
               <TextLine ID="r2l49"
                         BASELINE="1363"
                         HEIGHT="45"
                         WIDTH="782"
                         VPOS="1318"
                         HPOS="1077">
                  <String HEIGHT="45"
                          WIDTH="144"
                          VPOS="1318"
                          HPOS="1065"
                          CONTENT="guuntur."
                          SUBS_TYPE="HypPart2"
                          SUBS_CONTENT="distinguuntur."/>
                  <SP HEIGHT="45" WIDTH="12" VPOS="1318" HPOS="1209"/>
                  <String HEIGHT="45"
                          WIDTH="108"
                          VPOS="1318"
                          HPOS="1173"
                          CONTENT="sicut"/>
                  <SP HEIGHT="45" WIDTH="12" VPOS="1318" HPOS="1282"/>
                  <String HEIGHT="45"
                          WIDTH="156"
                          VPOS="1318"
                          HPOS="1245"
                          CONTENT="rationale"/>
                  <SP HEIGHT="45" WIDTH="12" VPOS="1318" HPOS="1402"/>
                  <String HEIGHT="45"
                          WIDTH="205"
                          VPOS="1318"
                          HPOS="1366"
                          CONTENT="rationalitate"/>
                  <SP HEIGHT="45" WIDTH="12" VPOS="1318" HPOS="1570"/>
                  <String HEIGHT="45"
                          WIDTH="84"
                          VPOS="1318"
                          HPOS="1534"
                          CONTENT="est"/>
                  <SP HEIGHT="45" WIDTH="12" VPOS="1318" HPOS="1618"/>
                  <String HEIGHT="45"
                          WIDTH="168"
                          VPOS="1318"
                          HPOS="1582"
                          CONTENT="rationale."/>
                  <SP HEIGHT="45" WIDTH="12" VPOS="1318" HPOS="1751"/>
                  <String HEIGHT="45" WIDTH="72" VPOS="1318" HPOS="1715" CONTENT="et"/>
                  <SP HEIGHT="45" WIDTH="12" VPOS="1318" HPOS="1787"/>
                  <String HEIGHT="45"
                          WIDTH="120"
                          VPOS="1318"
                          HPOS="1739"
                          CONTENT="quiliber"/>
               </TextLine>
               <TextLine ID="r2l51"
                         BASELINE="1402"
                         HEIGHT="47"
                         WIDTH="782"
                         VPOS="1355"
                         HPOS="1077">
                  <String HEIGHT="47"
                          WIDTH="94"
                          VPOS="1355"
                          HPOS="1064"
                          CONTENT="res"/>
                  <SP HEIGHT="47" WIDTH="13" VPOS="1355" HPOS="1158"/>
                  <String HEIGHT="47"
                          WIDTH="121"
                          VPOS="1355"
                          HPOS="1117"
                          CONTENT="seipa"/>
                  <SP HEIGHT="47" WIDTH="13" VPOS="1355" HPOS="1239"/>
                  <String HEIGHT="47"
                          WIDTH="189"
                          VPOS="1355"
                          HPOS="1198"
                          CONTENT="formaliter"/>
                  <SP HEIGHT="47" WIDTH="13" VPOS="1355" HPOS="1387"/>
                  <String HEIGHT="47"
                          WIDTH="94"
                          VPOS="1355"
                          HPOS="1347"
                          CONTENT="est"/>
                  <SP HEIGHT="47" WIDTH="13" VPOS="1355" HPOS="1441"/>
                  <String HEIGHT="47"
                          WIDTH="135"
                          VPOS="1355"
                          HPOS="1401"
                          CONTENT="talis."/>
                  <SP HEIGHT="47" WIDTH="13" VPOS="1355" HPOS="1535"/>
                  <String HEIGHT="47" WIDTH="81" VPOS="1355" HPOS="1495" CONTENT="et"/>
                  <SP HEIGHT="47" WIDTH="13" VPOS="1355" HPOS="1576"/>
                  <String HEIGHT="47"
                          WIDTH="121"
                          VPOS="1355"
                          HPOS="1535"
                          CONTENT="eadem"/>
                  <SP HEIGHT="47" WIDTH="13" VPOS="1355" HPOS="1657"/>
                  <String HEIGHT="47"
                          WIDTH="189"
                          VPOS="1355"
                          HPOS="1616"
                          CONTENT="formaliter"/>
                  <SP HEIGHT="47" WIDTH="13" VPOS="1355" HPOS="1805"/>
                  <String HEIGHT="47"
                          WIDTH="108"
                          VPOS="1355"
                          HPOS="1751"
                          CONTENT="distin"/>
               </TextLine>
               <TextLine ID="r2l53"
                         BASELINE="1447"
                         HEIGHT="46"
                         WIDTH="753"
                         VPOS="1401"
                         HPOS="1093">
                  <String HEIGHT="46"
                          WIDTH="130"
                          VPOS="1401"
                          HPOS="1080"
                          CONTENT="guitur"/>
                  <SP HEIGHT="46" WIDTH="13" VPOS="1401" HPOS="1210"/>
                  <String HEIGHT="46"
                          WIDTH="104"
                          VPOS="1401"
                          HPOS="1171"
                          CONTENT="etc."/>
                  <SP HEIGHT="46" WIDTH="13" VPOS="1401" HPOS="1275"/>
                  <String HEIGHT="46"
                          WIDTH="143"
                          VPOS="1401"
                          HPOS="1236"
                          CONTENT="Secundo"/>
                  <SP HEIGHT="46" WIDTH="13" VPOS="1401" HPOS="1379"/>
                  <String HEIGHT="46"
                          WIDTH="104"
                          VPOS="1401"
                          HPOS="1340"
                          CONTENT="modo"/>
                  <SP HEIGHT="46" WIDTH="13" VPOS="1401" HPOS="1444"/>
                  <String HEIGHT="46"
                          WIDTH="234"
                          VPOS="1401"
                          HPOS="1405"
                          CONTENT="principiatiue."/>
                  <SP HEIGHT="46" WIDTH="13" VPOS="1401" HPOS="1638"/>
                  <String HEIGHT="46" WIDTH="78" VPOS="1401" HPOS="1599" CONTENT="et"/>
                  <SP HEIGHT="46" WIDTH="13" VPOS="1401" HPOS="1677"/>
                  <String HEIGHT="46"
                          WIDTH="91"
                          VPOS="1401"
                          HPOS="1638"
                          CONTENT="sic"/>
                  <SP HEIGHT="46" WIDTH="13" VPOS="1401" HPOS="1729"/>
                  <String HEIGHT="46"
                          WIDTH="169"
                          VPOS="1401"
                          HPOS="1677"
                          CONTENT="distinguuml"/>
               </TextLine>
               <TextLine ID="r2l55"
                         BASELINE="1488"
                         HEIGHT="42"
                         WIDTH="767"
                         VPOS="1446"
                         HPOS="1080">
                  <String HEIGHT="42"
                          WIDTH="102"
                          VPOS="1446"
                          HPOS="1067"
                          CONTENT="iste"/>
                  <SP HEIGHT="42" WIDTH="13" VPOS="1446" HPOS="1169"/>
                  <String HEIGHT="42"
                          WIDTH="217"
                          VPOS="1446"
                          HPOS="1131"
                          CONTENT="productiones:"/>
                  <SP HEIGHT="42" WIDTH="13" VPOS="1446" HPOS="1348"/>
                  <String HEIGHT="42"
                          WIDTH="102"
                          VPOS="1446"
                          HPOS="1310"
                          CONTENT="quia"/>
                  <SP HEIGHT="42" WIDTH="13" VPOS="1446" HPOS="1412"/>
                  <String HEIGHT="42"
                          WIDTH="192"
                          VPOS="1446"
                          HPOS="1374"
                          CONTENT="intellectus"/>
                  <SP HEIGHT="42" WIDTH="13" VPOS="1446" HPOS="1566"/>
                  <String HEIGHT="42"
                          WIDTH="89"
                          VPOS="1446"
                          HPOS="1527"
                          CONTENT="qui"/>
                  <SP HEIGHT="42" WIDTH="13" VPOS="1446" HPOS="1617"/>
                  <String HEIGHT="42"
                          WIDTH="89"
                          VPOS="1446"
                          HPOS="1579"
                          CONTENT="est"/>
                  <SP HEIGHT="42" WIDTH="13" VPOS="1446" HPOS="1668"/>
                  <String HEIGHT="42"
                          WIDTH="179"
                          VPOS="1446"
                          HPOS="1630"
                          CONTENT="principium"/>
                  <SP HEIGHT="42" WIDTH="13" VPOS="1446" HPOS="1809"/>
                  <String HEIGHT="42"
                          WIDTH="89"
                          VPOS="1446"
                          HPOS="1758"
                          CONTENT="gigni"/>
               </TextLine>
               <TextLine ID="r2l57"
                         BASELINE="1531"
                         HEIGHT="50"
                         WIDTH="776"
                         VPOS="1481"
                         HPOS="1077">
                  <String HEIGHT="50"
                          WIDTH="140"
                          VPOS="1481"
                          HPOS="1064"
                          CONTENT="tionis."/>
                  <SP HEIGHT="50" WIDTH="13" VPOS="1481" HPOS="1204"/>
                  <String HEIGHT="50" WIDTH="76" VPOS="1481" HPOS="1166" CONTENT="et"/>
                  <SP HEIGHT="50" WIDTH="13" VPOS="1481" HPOS="1242"/>
                  <String HEIGHT="50"
                          WIDTH="153"
                          VPOS="1481"
                          HPOS="1204"
                          CONTENT="voluntas"/>
                  <SP HEIGHT="50" WIDTH="13" VPOS="1481" HPOS="1357"/>
                  <String HEIGHT="50"
                          WIDTH="102"
                          VPOS="1481"
                          HPOS="1319"
                          CONTENT="quae"/>
                  <SP HEIGHT="50" WIDTH="13" VPOS="1481" HPOS="1420"/>
                  <String HEIGHT="50"
                          WIDTH="89"
                          VPOS="1481"
                          HPOS="1382"
                          CONTENT="est"/>
                  <SP HEIGHT="50" WIDTH="13" VPOS="1481" HPOS="1471"/>
                  <String HEIGHT="50"
                          WIDTH="178"
                          VPOS="1481"
                          HPOS="1433"
                          CONTENT="principium"/>
                  <SP HEIGHT="50" WIDTH="13" VPOS="1481" HPOS="1611"/>
                  <String HEIGHT="50"
                          WIDTH="204"
                          VPOS="1481"
                          HPOS="1573"
                          CONTENT="spirationis:"/>
                  <SP HEIGHT="50" WIDTH="13" VPOS="1481" HPOS="1777"/>
                  <String HEIGHT="50"
                          WIDTH="102"
                          VPOS="1481"
                          HPOS="1739"
                          CONTENT="sunt"/>
                  <SP HEIGHT="50" WIDTH="13" VPOS="1481" HPOS="1840"/>
                  <String HEIGHT="50"
                          WIDTH="64"
                          VPOS="1481"
                          HPOS="1789"
                          CONTENT="di"
                          SUBS_TYPE="HypPart1"
                          SUBS_CONTENT="distincta."/>
                  <HYP CONTENT="-"/>
               </TextLine>
               <TextLine ID="r2l59"
                         BASELINE="1582"
                         HEIGHT="54"
                         WIDTH="778"
                         VPOS="1528"
                         HPOS="1080">
                  <String HEIGHT="54"
                          WIDTH="158"
                          VPOS="1528"
                          HPOS="1067"
                          CONTENT="stincta."
                          SUBS_TYPE="HypPart2"
                          SUBS_CONTENT="distincta."/>
                  <SP HEIGHT="54" WIDTH="13" VPOS="1528" HPOS="1225"/>
                  <String HEIGHT="54" WIDTH="79" VPOS="1528" HPOS="1185" CONTENT="vt"/>
                  <SP HEIGHT="54" WIDTH="13" VPOS="1528" HPOS="1265"/>
                  <String HEIGHT="54"
                          WIDTH="145"
                          VPOS="1528"
                          HPOS="1225"
                          CONTENT="patuit."/>
                  <SP HEIGHT="54" WIDTH="13" VPOS="1528" HPOS="1370"/>
                  <String HEIGHT="54"
                          WIDTH="105"
                          VPOS="1528"
                          HPOS="1331"
                          CONTENT="iii."/>
                  <SP HEIGHT="54" WIDTH="13" VPOS="1528" HPOS="1436"/>
                  <String HEIGHT="54"
                          WIDTH="198"
                          VPOS="1528"
                          HPOS="1396"
                          CONTENT="conclusioe."/>
                  <SP HEIGHT="54" WIDTH="13" VPOS="1528" HPOS="1594"/>
                  <String HEIGHT="54"
                          WIDTH="132"
                          VPOS="1528"
                          HPOS="1555"
                          CONTENT="Tertio"/>
                  <SP HEIGHT="54" WIDTH="13" VPOS="1528" HPOS="1687"/>
                  <String HEIGHT="54"
                          WIDTH="105"
                          VPOS="1528"
                          HPOS="1647"
                          CONTENT="modo"/>
                  <SP HEIGHT="54" WIDTH="13" VPOS="1528" HPOS="1753"/>
                  <String HEIGHT="54"
                          WIDTH="158"
                          VPOS="1528"
                          HPOS="1700"
                          CONTENT="distinguum"/>
               </TextLine>
               <TextLine ID="r2l61"
                         BASELINE="1613"
                         HEIGHT="45"
                         WIDTH="762"
                         VPOS="1568"
                         HPOS="1084">
                  <String HEIGHT="45"
                          WIDTH="92"
                          VPOS="1568"
                          HPOS="1071"
                          CONTENT="tur"/>
                  <SP HEIGHT="45" WIDTH="13" VPOS="1568" HPOS="1163"/>
                  <String HEIGHT="45"
                          WIDTH="118"
                          VPOS="1568"
                          HPOS="1123"
                          CONTENT="quasi"/>
                  <SP HEIGHT="45" WIDTH="13" VPOS="1568" HPOS="1242"/>
                  <String HEIGHT="45" WIDTH="79" VPOS="1568" HPOS="1202" CONTENT="ex"/>
                  <SP HEIGHT="45" WIDTH="13" VPOS="1568" HPOS="1281"/>
                  <String HEIGHT="45"
                          WIDTH="131"
                          VPOS="1568"
                          HPOS="1242"
                          CONTENT="signo."/>
                  <SP HEIGHT="45" WIDTH="13" VPOS="1568" HPOS="1373"/>
                  <String HEIGHT="45" WIDTH="79" VPOS="1568" HPOS="1334" CONTENT="et"/>
                  <SP HEIGHT="45" WIDTH="13" VPOS="1568" HPOS="1412"/>
                  <String HEIGHT="45"
                          WIDTH="92"
                          VPOS="1568"
                          HPOS="1373"
                          CONTENT="sic"/>
                  <SP HEIGHT="45" WIDTH="13" VPOS="1568" HPOS="1465"/>
                  <String HEIGHT="45"
                          WIDTH="223"
                          VPOS="1568"
                          HPOS="1426"
                          CONTENT="distinguuntur"/>
                  <SP HEIGHT="45" WIDTH="13" VPOS="1568" HPOS="1649"/>
                  <String HEIGHT="45" WIDTH="79" VPOS="1568" HPOS="1610" CONTENT="ex"/>
                  <SP HEIGHT="45" WIDTH="13" VPOS="1568" HPOS="1688"/>
                  <String HEIGHT="45"
                          WIDTH="210"
                          VPOS="1568"
                          HPOS="1636"
                          CONTENT="productionibus"/>
               </TextLine>
               <TextLine ID="r2l63"
                         BASELINE="1656"
                         HEIGHT="45"
                         WIDTH="769"
                         VPOS="1611"
                         HPOS="1090">
                  <String HEIGHT="45"
                          WIDTH="95"
                          VPOS="1611"
                          HPOS="1078"
                          CONTENT="quia"/>
                  <SP HEIGHT="45" WIDTH="12" VPOS="1611" HPOS="1173"/>
                  <String HEIGHT="45" WIDTH="71" VPOS="1611" HPOS="1137" CONTENT="ex"/>
                  <SP HEIGHT="45" WIDTH="12" VPOS="1611" HPOS="1208"/>
                  <String HEIGHT="45"
                          WIDTH="83"
                          VPOS="1611"
                          HPOS="1173"
                          CONTENT="quo"/>
                  <SP HEIGHT="45" WIDTH="12" VPOS="1611" HPOS="1256"/>
                  <String HEIGHT="45"
                          WIDTH="106"
                          VPOS="1611"
                          HPOS="1220"
                          CONTENT="solus"/>
                  <SP HEIGHT="45" WIDTH="12" VPOS="1611" HPOS="1327"/>
                  <String HEIGHT="45"
                          WIDTH="106"
                          VPOS="1611"
                          HPOS="1291"
                          CONTENT="pater"/>
                  <SP HEIGHT="45" WIDTH="12" VPOS="1611" HPOS="1398"/>
                  <String HEIGHT="45"
                          WIDTH="142"
                          VPOS="1611"
                          HPOS="1362"
                          CONTENT="producit"/>
                  <SP HEIGHT="45" WIDTH="12" VPOS="1611" HPOS="1504"/>
                  <String HEIGHT="45"
                          WIDTH="130"
                          VPOS="1611"
                          HPOS="1469"
                          CONTENT="filium:"/>
                  <SP HEIGHT="45" WIDTH="12" VPOS="1611" HPOS="1599"/>
                  <String HEIGHT="45"
                          WIDTH="118"
                          VPOS="1611"
                          HPOS="1563"
                          CONTENT="agendo"/>
                  <SP HEIGHT="45" WIDTH="12" VPOS="1611" HPOS="1682"/>
                  <String HEIGHT="45"
                          WIDTH="83"
                          VPOS="1611"
                          HPOS="1646"
                          CONTENT="per"/>
                  <SP HEIGHT="45" WIDTH="12" VPOS="1611" HPOS="1729"/>
                  <String HEIGHT="45"
                          WIDTH="106"
                          VPOS="1611"
                          HPOS="1693"
                          CONTENT="modum"/>
                  <SP HEIGHT="45" WIDTH="12" VPOS="1611" HPOS="1800"/>
                  <String HEIGHT="45"
                          WIDTH="106"
                          VPOS="1611"
                          HPOS="1753"
                          CONTENT="intelle"/>
               </TextLine>
               <TextLine ID="r2l64"
                         BASELINE="1706"
                         HEIGHT="56"
                         WIDTH="775"
                         VPOS="1650"
                         HPOS="1084">
                  <String HEIGHT="56"
                          WIDTH="92"
                          VPOS="1650"
                          HPOS="1074"
                          CONTENT="ctus."/>
                  <SP HEIGHT="56" WIDTH="10" VPOS="1650" HPOS="1166"/>
                  <String HEIGHT="56"
                          WIDTH="71"
                          VPOS="1650"
                          HPOS="1135"
                          CONTENT="sed"/>
                  <SP HEIGHT="56" WIDTH="10" VPOS="1650" HPOS="1206"/>
                  <String HEIGHT="56"
                          WIDTH="92"
                          VPOS="1650"
                          HPOS="1176"
                          CONTENT="pater"/>
                  <SP HEIGHT="56" WIDTH="10" VPOS="1650" HPOS="1268"/>
                  <String HEIGHT="56" WIDTH="61" VPOS="1650" HPOS="1237" CONTENT="et"/>
                  <SP HEIGHT="56" WIDTH="10" VPOS="1650" HPOS="1298"/>
                  <String HEIGHT="56"
                          WIDTH="102"
                          VPOS="1650"
                          HPOS="1268"
                          CONTENT="filius"/>
                  <SP HEIGHT="56" WIDTH="10" VPOS="1650" HPOS="1370"/>
                  <String HEIGHT="56"
                          WIDTH="112"
                          VPOS="1650"
                          HPOS="1339"
                          CONTENT="similis"/>
                  <SP HEIGHT="56" WIDTH="10" VPOS="1650" HPOS="1451"/>
                  <String HEIGHT="56"
                          WIDTH="133"
                          VPOS="1650"
                          HPOS="1421"
                          CONTENT="producunt"/>
                  <SP HEIGHT="56" WIDTH="10" VPOS="1650" HPOS="1553"/>
                  <String HEIGHT="56"
                          WIDTH="122"
                          VPOS="1650"
                          HPOS="1522"
                          CONTENT="spiritum"/>
                  <SP HEIGHT="56" WIDTH="10" VPOS="1650" HPOS="1645"/>
                  <String HEIGHT="56"
                          WIDTH="122"
                          VPOS="1650"
                          HPOS="1614"
                          CONTENT="scantum:"/>
                  <SP HEIGHT="56" WIDTH="10" VPOS="1650" HPOS="1737"/>
                  <String HEIGHT="56"
                          WIDTH="102"
                          VPOS="1650"
                          HPOS="1706"
                          CONTENT="agendo"/>
                  <SP HEIGHT="56" WIDTH="10" VPOS="1650" HPOS="1808"/>
                  <String HEIGHT="56"
                          WIDTH="71"
                          VPOS="1650"
                          HPOS="1777"
                          CONTENT="per"/>
                  <SP HEIGHT="56" WIDTH="10" VPOS="1650" HPOS="1849"/>
                  <String HEIGHT="56"
                          WIDTH="51"
                          VPOS="1650"
                          HPOS="1808"
                          CONTENT="mo"
                          SUBS_TYPE="HypPart1"
                          SUBS_CONTENT="modum"/>
                  <HYP CONTENT="-"/>
               </TextLine>
               <TextLine ID="r2l66"
                         BASELINE="1757"
                         HEIGHT="60"
                         WIDTH="785"
                         VPOS="1697"
                         HPOS="1077">
                  <String HEIGHT="60"
                          WIDTH="89"
                          VPOS="1697"
                          HPOS="1064"
                          CONTENT="dum"
                          SUBS_TYPE="HypPart2"
                          SUBS_CONTENT="modum"/>
                  <SP HEIGHT="60" WIDTH="13" VPOS="1697" HPOS="1153"/>
                  <String HEIGHT="60"
                          WIDTH="190"
                          VPOS="1697"
                          HPOS="1115"
                          CONTENT="voluntatis."/>
                  <SP HEIGHT="60" WIDTH="13" VPOS="1697" HPOS="1305"/>
                  <String HEIGHT="60"
                          WIDTH="152"
                          VPOS="1697"
                          HPOS="1267"
                          CONTENT="sequitur"/>
                  <SP HEIGHT="60" WIDTH="13" VPOS="1697" HPOS="1419"/>
                  <String HEIGHT="60"
                          WIDTH="101"
                          VPOS="1697"
                          HPOS="1381"
                          CONTENT="quod"/>
                  <SP HEIGHT="60" WIDTH="13" VPOS="1697" HPOS="1482"/>
                  <String HEIGHT="60"
                          WIDTH="101"
                          VPOS="1697"
                          HPOS="1444"
                          CONTENT="iste"/>
                  <SP HEIGHT="60" WIDTH="13" VPOS="1697" HPOS="1545"/>
                  <String HEIGHT="60"
                          WIDTH="203"
                          VPOS="1697"
                          HPOS="1507"
                          CONTENT="productiones"/>
                  <SP HEIGHT="60" WIDTH="13" VPOS="1697" HPOS="1710"/>
                  <String HEIGHT="60"
                          WIDTH="203"
                          VPOS="1697"
                          HPOS="1659"
                          CONTENT="distinguuntur."/>
               </TextLine>
               <TextLine ID="line_1611428631611_1461"
                         BASELINE="1854"
                         HEIGHT="94"
                         WIDTH="795"
                         VPOS="1760"
                         HPOS="1061">
                  <String HEIGHT="94" WIDTH="102" VPOS="1760" HPOS="1041" CONTENT="¶"/>
                  <SP HEIGHT="94" WIDTH="20" VPOS="1760" HPOS="1143"/>
                  <String HEIGHT="94"
                          WIDTH="122"
                          VPOS="1760"
                          HPOS="1081"
                          CONTENT="De"/>
                  <SP HEIGHT="94" WIDTH="20" VPOS="1760" HPOS="1204"/>
                  <String HEIGHT="94"
                          WIDTH="306"
                          VPOS="1760"
                          HPOS="1143"
                          CONTENT="processione"/>
                  <SP HEIGHT="94" WIDTH="20" VPOS="1760" HPOS="1448"/>
                  <String HEIGHT="94"
                          WIDTH="245"
                          VPOS="1760"
                          HPOS="1387"
                          CONTENT="spiritus"/>
                  <SP HEIGHT="94" WIDTH="20" VPOS="1760" HPOS="1632"/>
                  <String HEIGHT="94"
                          WIDTH="224"
                          VPOS="1760"
                          HPOS="1571"
                          CONTENT="sancti."/>
                  <SP HEIGHT="94" WIDTH="20" VPOS="1760" HPOS="1795"/>
                  <String HEIGHT="94"
                          WIDTH="143"
                          VPOS="1760"
                          HPOS="1713"
                          CONTENT="vide"
                          SUBS_TYPE="HypPart1"
                          SUBS_CONTENT="videplurima"/>
                  <HYP CONTENT="-"/>
               </TextLine>
               <TextLine ID="r2l72"
                         BASELINE="1909"
                         HEIGHT="70"
                         WIDTH="658"
                         VPOS="1839"
                         HPOS="1084">
                  <String HEIGHT="70"
                          WIDTH="177"
                          VPOS="1839"
                          HPOS="1068"
                          CONTENT="plurima"
                          SUBS_TYPE="HypPart2"
                          SUBS_CONTENT="videplurima"/>
                  <SP HEIGHT="70" WIDTH="16" VPOS="1839" HPOS="1244"/>
                  <String HEIGHT="70"
                          WIDTH="112"
                          VPOS="1839"
                          HPOS="1196"
                          CONTENT="vbi"/>
                  <SP HEIGHT="70" WIDTH="16" VPOS="1839" HPOS="1309"/>
                  <String HEIGHT="70"
                          WIDTH="193"
                          VPOS="1839"
                          HPOS="1261"
                          CONTENT="Spiratio"/>
                  <SP HEIGHT="70" WIDTH="16" VPOS="1839" HPOS="1453"/>
                  <String HEIGHT="70" WIDTH="96" VPOS="1839" HPOS="1405" CONTENT="et"/>
                  <SP HEIGHT="70" WIDTH="16" VPOS="1839" HPOS="1501"/>
                  <String HEIGHT="70"
                          WIDTH="193"
                          VPOS="1839"
                          HPOS="1453"
                          CONTENT="Spiritus"/>
                  <SP HEIGHT="70" WIDTH="16" VPOS="1839" HPOS="1646"/>
                  <String HEIGHT="70"
                          WIDTH="160"
                          VPOS="1839"
                          HPOS="1582"
                          CONTENT="sanctus."/>
               </TextLine>
               <TextLine ID="r2l76"
                         BASELINE="2018"
                         HEIGHT="100"
                         WIDTH="595"
                         VPOS="1918"
                         HPOS="1245">
                  <String HEIGHT="100"
                          WIDTH="555"
                          VPOS="1918"
                          HPOS="1205"
                          CONTENT="INoductio."/>
                  <SP HEIGHT="100" WIDTH="40" VPOS="1918" HPOS="1761"/>
                  <String HEIGHT="100"
                          WIDTH="238"
                          VPOS="1918"
                          HPOS="1602"
                          CONTENT="Nota"/>
               </TextLine>
               <TextLine ID="r2l78"
                         BASELINE="2071"
                         HEIGHT="67"
                         WIDTH="644"
                         VPOS="2004"
                         HPOS="1203">
                  <String HEIGHT="67" WIDTH="50" VPOS="2004" HPOS="1193" CONTENT="o"/>
                  <SP HEIGHT="67" WIDTH="10" VPOS="2004" HPOS="1243"/>
                  <String HEIGHT="67"
                          WIDTH="119"
                          VPOS="2004"
                          HPOS="1213"
                          CONTENT="secundum"/>
                  <SP HEIGHT="67" WIDTH="10" VPOS="2004" HPOS="1332"/>
                  <String HEIGHT="67"
                          WIDTH="89"
                          VPOS="2004"
                          HPOS="1302"
                          CONTENT="Guil."/>
                  <SP HEIGHT="67" WIDTH="10" VPOS="2004" HPOS="1391"/>
                  <String HEIGHT="67" WIDTH="59" VPOS="2004" HPOS="1362" CONTENT="in"/>
                  <SP HEIGHT="67" WIDTH="10" VPOS="2004" HPOS="1421"/>
                  <String HEIGHT="67" WIDTH="59" VPOS="2004" HPOS="1391" CONTENT="i."/>
                  <SP HEIGHT="67" WIDTH="10" VPOS="2004" HPOS="1451"/>
                  <String HEIGHT="67"
                          WIDTH="109"
                          VPOS="2004"
                          HPOS="1421"
                          CONTENT="distin."/>
                  <SP HEIGHT="67" WIDTH="10" VPOS="2004" HPOS="1530"/>
                  <String HEIGHT="67"
                          WIDTH="89"
                          VPOS="2004"
                          HPOS="1500"
                          CONTENT="xiii."/>
                  <SP HEIGHT="67" WIDTH="10" VPOS="2004" HPOS="1589"/>
                  <String HEIGHT="67"
                          WIDTH="79"
                          VPOS="2004"
                          HPOS="1560"
                          CONTENT="quod"/>
                  <SP HEIGHT="67" WIDTH="10" VPOS="2004" HPOS="1639"/>
                  <String HEIGHT="67"
                          WIDTH="149"
                          VPOS="2004"
                          HPOS="1609"
                          CONTENT="tripliciter"/>
                  <SP HEIGHT="67" WIDTH="10" VPOS="2004" HPOS="1758"/>
                  <String HEIGHT="67"
                          WIDTH="109"
                          VPOS="2004"
                          HPOS="1728"
                          CONTENT="dicitur"/>
                  <SP HEIGHT="67" WIDTH="10" VPOS="2004" HPOS="1837"/>
                  <String HEIGHT="67"
                          WIDTH="50"
                          VPOS="2004"
                          HPOS="1797"
                          CONTENT="pro"/>
               </TextLine>
               <TextLine ID="r2l81"
                         BASELINE="2102"
                         HEIGHT="50"
                         WIDTH="619"
                         VPOS="2052"
                         HPOS="1233">
                  <String HEIGHT="50"
                          WIDTH="155"
                          VPOS="2052"
                          HPOS="1219"
                          CONTENT="ductio."/>
                  <SP HEIGHT="50" WIDTH="14" VPOS="2052" HPOS="1374"/>
                  <String HEIGHT="50"
                          WIDTH="98"
                          VPOS="2052"
                          HPOS="1331"
                          CONTENT="Uno"/>
                  <SP HEIGHT="50" WIDTH="14" VPOS="2052" HPOS="1430"/>
                  <String HEIGHT="50"
                          WIDTH="113"
                          VPOS="2052"
                          HPOS="1388"
                          CONTENT="modo"/>
                  <SP HEIGHT="50" WIDTH="14" VPOS="2052" HPOS="1500"/>
                  <String HEIGHT="50"
                          WIDTH="127"
                          VPOS="2052"
                          HPOS="1458"
                          CONTENT="quasi"/>
                  <SP HEIGHT="50" WIDTH="14" VPOS="2052" HPOS="1585"/>
                  <String HEIGHT="50"
                          WIDTH="141"
                          VPOS="2052"
                          HPOS="1543"
                          CONTENT="procul"/>
                  <SP HEIGHT="50" WIDTH="14" VPOS="2052" HPOS="1683"/>
                  <String HEIGHT="50"
                          WIDTH="155"
                          VPOS="2052"
                          HPOS="1641"
                          CONTENT="ductio."/>
                  <SP HEIGHT="50" WIDTH="14" VPOS="2052" HPOS="1796"/>
                  <String HEIGHT="50" WIDTH="84" VPOS="2052" HPOS="1754" CONTENT="et"/>
                  <SP HEIGHT="50" WIDTH="14" VPOS="2052" HPOS="1838"/>
                  <String HEIGHT="50"
                          WIDTH="70"
                          VPOS="2052"
                          HPOS="1782"
                          CONTENT="sic"/>
               </TextLine>
               <TextLine ID="r2l83"
                         BASELINE="2143"
                         HEIGHT="60"
                         WIDTH="766"
                         VPOS="2083"
                         HPOS="1081">
                  <String HEIGHT="60"
                          WIDTH="119"
                          VPOS="2083"
                          HPOS="1070"
                          CONTENT="dicitur"/>
                  <SP HEIGHT="60" WIDTH="11" VPOS="2083" HPOS="1189"/>
                  <String HEIGHT="60"
                          WIDTH="86"
                          VPOS="2083"
                          HPOS="1157"
                          CONTENT="quod"/>
                  <SP HEIGHT="60" WIDTH="11" VPOS="2083" HPOS="1243"/>
                  <String HEIGHT="60"
                          WIDTH="76"
                          VPOS="2083"
                          HPOS="1210"
                          CONTENT="sol"/>
                  <SP HEIGHT="60" WIDTH="11" VPOS="2083" HPOS="1286"/>
                  <String HEIGHT="60"
                          WIDTH="129"
                          VPOS="2083"
                          HPOS="1254"
                          CONTENT="producit"/>
                  <SP HEIGHT="60" WIDTH="11" VPOS="2083" HPOS="1383"/>
                  <String HEIGHT="60"
                          WIDTH="108"
                          VPOS="2083"
                          HPOS="1351"
                          CONTENT="radios"/>
                  <SP HEIGHT="60" WIDTH="11" VPOS="2083" HPOS="1459"/>
                  <String HEIGHT="60"
                          WIDTH="129"
                          VPOS="2083"
                          HPOS="1426"
                          CONTENT="scilicet"/>
                  <SP HEIGHT="60" WIDTH="11" VPOS="2083" HPOS="1556"/>
                  <String HEIGHT="60"
                          WIDTH="119"
                          VPOS="2083"
                          HPOS="1523"
                          CONTENT="procul:"/>
                  <SP HEIGHT="60" WIDTH="11" VPOS="2083" HPOS="1642"/>
                  <String HEIGHT="60"
                          WIDTH="97"
                          VPOS="2083"
                          HPOS="1610"
                          CONTENT="vsque"/>
                  <SP HEIGHT="60" WIDTH="11" VPOS="2083" HPOS="1707"/>
                  <String HEIGHT="60"
                          WIDTH="119"
                          VPOS="2083"
                          HPOS="1674"
                          CONTENT="terram."/>
                  <SP HEIGHT="60" WIDTH="11" VPOS="2083" HPOS="1793"/>
                  <String HEIGHT="60"
                          WIDTH="97"
                          VPOS="2083"
                          HPOS="1750"
                          CONTENT="Secundo"/>
               </TextLine>
               <TextLine ID="r2l85"
                         BASELINE="2194"
                         HEIGHT="57"
                         WIDTH="787"
                         VPOS="2137"
                         HPOS="1072">
                  <String HEIGHT="57"
                          WIDTH="93"
                          VPOS="2137"
                          HPOS="1060"
                          CONTENT="modo"/>
                  <SP HEIGHT="57" WIDTH="12" VPOS="2137" HPOS="1153"/>
                  <String HEIGHT="57"
                          WIDTH="127"
                          VPOS="2137"
                          HPOS="1118"
                          CONTENT="dicitur"/>
                  <SP HEIGHT="57" WIDTH="12" VPOS="2137" HPOS="1246"/>
                  <String HEIGHT="57"
                          WIDTH="150"
                          VPOS="2137"
                          HPOS="1211"
                          CONTENT="productio"/>
                  <SP HEIGHT="57" WIDTH="12" VPOS="2137" HPOS="1361"/>
                  <String HEIGHT="57"
                          WIDTH="104"
                          VPOS="2137"
                          HPOS="1327"
                          CONTENT="quasi"/>
                  <SP HEIGHT="57" WIDTH="12" VPOS="2137" HPOS="1431"/>
                  <String HEIGHT="57"
                          WIDTH="127"
                          VPOS="2137"
                          HPOS="1396"
                          CONTENT="propter"/>
                  <SP HEIGHT="57" WIDTH="12" VPOS="2137" HPOS="1523"/>
                  <String HEIGHT="57"
                          WIDTH="127"
                          VPOS="2137"
                          HPOS="1489"
                          CONTENT="ductio."/>
                  <SP HEIGHT="57" WIDTH="12" VPOS="2137" HPOS="1616"/>
                  <String HEIGHT="57" WIDTH="69" VPOS="2137" HPOS="1581" CONTENT="et"/>
                  <SP HEIGHT="57" WIDTH="12" VPOS="2137" HPOS="1651"/>
                  <String HEIGHT="57"
                          WIDTH="81"
                          VPOS="2137"
                          HPOS="1616"
                          CONTENT="sic"/>
                  <SP HEIGHT="57" WIDTH="12" VPOS="2137" HPOS="1697"/>
                  <String HEIGHT="57"
                          WIDTH="174"
                          VPOS="2137"
                          HPOS="1662"
                          CONTENT="producuntur"/>
                  <SP HEIGHT="57" WIDTH="12" VPOS="2137" HPOS="1836"/>
                  <String HEIGHT="57"
                          WIDTH="69"
                          VPOS="2137"
                          HPOS="1790"
                          CONTENT="cre"
                          SUBS_TYPE="HypPart1"
                          SUBS_CONTENT="creature"/>
                  <HYP CONTENT="-"/>
               </TextLine>
               <TextLine ID="r2l87"
                         BASELINE="2237"
                         HEIGHT="54"
                         WIDTH="765"
                         VPOS="2183"
                         HPOS="1087">
                  <String HEIGHT="54"
                          WIDTH="106"
                          VPOS="2183"
                          HPOS="1075"
                          CONTENT="ature"
                          SUBS_TYPE="HypPart2"
                          SUBS_CONTENT="creature"/>
                  <SP HEIGHT="54" WIDTH="12" VPOS="2183" HPOS="1181"/>
                  <String HEIGHT="54" WIDTH="59" VPOS="2183" HPOS="1146" CONTENT="a"/>
                  <SP HEIGHT="54" WIDTH="12" VPOS="2183" HPOS="1205"/>
                  <String HEIGHT="54"
                          WIDTH="94"
                          VPOS="2183"
                          HPOS="1169"
                          CONTENT="deo."/>
                  <SP HEIGHT="54" WIDTH="12" VPOS="2183" HPOS="1264"/>
                  <String HEIGHT="54"
                          WIDTH="94"
                          VPOS="2183"
                          HPOS="1228"
                          CONTENT="Sap."/>
                  <SP HEIGHT="54" WIDTH="12" VPOS="2183" HPOS="1322"/>
                  <String HEIGHT="54"
                          WIDTH="94"
                          VPOS="2183"
                          HPOS="1287"
                          CONTENT="vii."/>
                  <SP HEIGHT="54" WIDTH="12" VPOS="2183" HPOS="1381"/>
                  <String HEIGHT="54"
                          WIDTH="106"
                          VPOS="2183"
                          HPOS="1346"
                          CONTENT="Omnia"/>
                  <SP HEIGHT="54" WIDTH="12" VPOS="2183" HPOS="1452"/>
                  <String HEIGHT="54"
                          WIDTH="129"
                          VPOS="2183"
                          HPOS="1417"
                          CONTENT="propter"/>
                  <SP HEIGHT="54" WIDTH="12" VPOS="2183" HPOS="1546"/>
                  <String HEIGHT="54"
                          WIDTH="118"
                          VPOS="2183"
                          HPOS="1511"
                          CONTENT="seipsm"/>
                  <SP HEIGHT="54" WIDTH="12" VPOS="2183" HPOS="1628"/>
                  <String HEIGHT="54"
                          WIDTH="141"
                          VPOS="2183"
                          HPOS="1593"
                          CONTENT="operatus"/>
                  <SP HEIGHT="54" WIDTH="12" VPOS="2183" HPOS="1734"/>
                  <String HEIGHT="54"
                          WIDTH="82"
                          VPOS="2183"
                          HPOS="1699"
                          CONTENT="est"/>
                  <SP HEIGHT="54" WIDTH="12" VPOS="2183" HPOS="1781"/>
                  <String HEIGHT="54"
                          WIDTH="118"
                          VPOS="2183"
                          HPOS="1734"
                          CONTENT="dominus."/>
               </TextLine>
               <TextLine ID="r2l89"
                         BASELINE="2269"
                         HEIGHT="50"
                         WIDTH="759"
                         VPOS="2219"
                         HPOS="1087">
                  <String HEIGHT="50"
                          WIDTH="128"
                          VPOS="2219"
                          HPOS="1075"
                          CONTENT="¶Tertio"/>
                  <SP HEIGHT="50" WIDTH="12" VPOS="2219" HPOS="1204"/>
                  <String HEIGHT="50"
                          WIDTH="93"
                          VPOS="2219"
                          HPOS="1169"
                          CONTENT="modo"/>
                  <SP HEIGHT="50" WIDTH="12" VPOS="2219" HPOS="1262"/>
                  <String HEIGHT="50"
                          WIDTH="128"
                          VPOS="2219"
                          HPOS="1227"
                          CONTENT="dicitur"/>
                  <SP HEIGHT="50" WIDTH="12" VPOS="2219" HPOS="1356"/>
                  <String HEIGHT="50"
                          WIDTH="105"
                          VPOS="2219"
                          HPOS="1321"
                          CONTENT="quasi"/>
                  <SP HEIGHT="50" WIDTH="12" VPOS="2219" HPOS="1426"/>
                  <String HEIGHT="50"
                          WIDTH="105"
                          VPOS="2219"
                          HPOS="1391"
                          CONTENT="prope"/>
                  <SP HEIGHT="50" WIDTH="12" VPOS="2219" HPOS="1496"/>
                  <String HEIGHT="50"
                          WIDTH="93"
                          VPOS="2219"
                          HPOS="1461"
                          CONTENT="idem"/>
                  <SP HEIGHT="50" WIDTH="12" VPOS="2219" HPOS="1554"/>
                  <String HEIGHT="50"
                          WIDTH="128"
                          VPOS="2219"
                          HPOS="1519"
                          CONTENT="ductio."/>
                  <SP HEIGHT="50" WIDTH="12" VPOS="2219" HPOS="1647"/>
                  <String HEIGHT="50"
                          WIDTH="93"
                          VPOS="2219"
                          HPOS="1612"
                          CONTENT="Isto"/>
                  <SP HEIGHT="50" WIDTH="12" VPOS="2219" HPOS="1706"/>
                  <String HEIGHT="50"
                          WIDTH="93"
                          VPOS="2219"
                          HPOS="1671"
                          CONTENT="modo"/>
                  <SP HEIGHT="50" WIDTH="12" VPOS="2219" HPOS="1764"/>
                  <String HEIGHT="50"
                          WIDTH="82"
                          VPOS="2219"
                          HPOS="1729"
                          CONTENT="est"/>
                  <SP HEIGHT="50" WIDTH="12" VPOS="2219" HPOS="1811"/>
                  <String HEIGHT="50"
                          WIDTH="82"
                          VPOS="2219"
                          HPOS="1764"
                          CONTENT="propi"/>
               </TextLine>
               <TextLine ID="r2l91"
                         BASELINE="2314"
                         HEIGHT="48"
                         WIDTH="776"
                         VPOS="2266"
                         HPOS="1084">
                  <String HEIGHT="48" WIDTH="80" VPOS="2266" HPOS="1071" CONTENT="in"/>
                  <SP HEIGHT="48" WIDTH="13" VPOS="2266" HPOS="1151"/>
                  <String HEIGHT="48"
                          WIDTH="161"
                          VPOS="2266"
                          HPOS="1111"
                          CONTENT="divinis:"/>
                  <SP HEIGHT="48" WIDTH="13" VPOS="2266" HPOS="1271"/>
                  <String HEIGHT="48"
                          WIDTH="94"
                          VPOS="2266"
                          HPOS="1231"
                          CONTENT="vbi"/>
                  <SP HEIGHT="48" WIDTH="13" VPOS="2266" HPOS="1325"/>
                  <String HEIGHT="48"
                          WIDTH="161"
                          VPOS="2266"
                          HPOS="1285"
                          CONTENT="produces"/>
                  <SP HEIGHT="48" WIDTH="13" VPOS="2266" HPOS="1445"/>
                  <String HEIGHT="48" WIDTH="80" VPOS="2266" HPOS="1405" CONTENT="et"/>
                  <SP HEIGHT="48" WIDTH="13" VPOS="2266" HPOS="1485"/>
                  <String HEIGHT="48"
                          WIDTH="174"
                          VPOS="2266"
                          HPOS="1445"
                          CONTENT="productum"/>
                  <SP HEIGHT="48" WIDTH="13" VPOS="2266" HPOS="1619"/>
                  <String HEIGHT="48" WIDTH="80" VPOS="2266" HPOS="1579" CONTENT="st"/>
                  <SP HEIGHT="48" WIDTH="13" VPOS="2266" HPOS="1659"/>
                  <String HEIGHT="48"
                          WIDTH="147"
                          VPOS="2266"
                          HPOS="1619"
                          CONTENT="eiusdem"/>
                  <SP HEIGHT="48" WIDTH="13" VPOS="2266" HPOS="1766"/>
                  <String HEIGHT="48"
                          WIDTH="147"
                          VPOS="2266"
                          HPOS="1713"
                          CONTENT="essentie:"/>
               </TextLine>
               <TextLine ID="r2l93"
                         BASELINE="2363"
                         HEIGHT="56"
                         WIDTH="765"
                         VPOS="2307"
                         HPOS="1083">
                  <String HEIGHT="56"
                          WIDTH="115"
                          VPOS="2307"
                          HPOS="1070"
                          CONTENT="licet"/>
                  <SP HEIGHT="56" WIDTH="13" VPOS="2307" HPOS="1185"/>
                  <String HEIGHT="56"
                          WIDTH="166"
                          VPOS="2307"
                          HPOS="1147"
                          CONTENT="differant"/>
                  <SP HEIGHT="56" WIDTH="13" VPOS="2307" HPOS="1313"/>
                  <String HEIGHT="56"
                          WIDTH="166"
                          VPOS="2307"
                          HPOS="1274"
                          CONTENT="realiter."/>
                  <SP HEIGHT="56" WIDTH="13" VPOS="2307" HPOS="1440"/>
                  <String HEIGHT="56" WIDTH="64" VPOS="2307" HPOS="1402" CONTENT="¶"/>
                  <SP HEIGHT="56" WIDTH="13" VPOS="2307" HPOS="1466"/>
                  <String HEIGHT="56" WIDTH="77" VPOS="2307" HPOS="1427" CONTENT="Et"/>
                  <SP HEIGHT="56" WIDTH="13" VPOS="2307" HPOS="1504"/>
                  <String HEIGHT="56"
                          WIDTH="102"
                          VPOS="2307"
                          HPOS="1466"
                          CONTENT="nota"/>
                  <SP HEIGHT="56" WIDTH="13" VPOS="2307" HPOS="1568"/>
                  <String HEIGHT="56"
                          WIDTH="102"
                          VPOS="2307"
                          HPOS="1529"
                          CONTENT="quod"/>
                  <SP HEIGHT="56" WIDTH="13" VPOS="2307" HPOS="1631"/>
                  <String HEIGHT="56" WIDTH="77" VPOS="2307" HPOS="1593" CONTENT="in"/>
                  <SP HEIGHT="56" WIDTH="13" VPOS="2307" HPOS="1670"/>
                  <String HEIGHT="56"
                          WIDTH="89"
                          VPOS="2307"
                          HPOS="1631"
                          CONTENT="deo"/>
                  <SP HEIGHT="56" WIDTH="13" VPOS="2307" HPOS="1721"/>
                  <String HEIGHT="56"
                          WIDTH="102"
                          VPOS="2307"
                          HPOS="1682"
                          CONTENT="ista"/>
                  <SP HEIGHT="56" WIDTH="13" VPOS="2307" HPOS="1784"/>
                  <String HEIGHT="56"
                          WIDTH="102"
                          VPOS="2307"
                          HPOS="1746"
                          CONTENT="tria"/>
                  <SP HEIGHT="56" WIDTH="13" VPOS="2307" HPOS="1848"/>
                  <String HEIGHT="56" WIDTH="51" VPOS="2307" HPOS="1797" CONTENT="se"/>
               </TextLine>
               <TextLine ID="r2l95"
                         BASELINE="2402"
                         HEIGHT="52"
                         WIDTH="769"
                         VPOS="2350"
                         HPOS="1083">
                  <String HEIGHT="52"
                          WIDTH="130"
                          VPOS="2350"
                          HPOS="1070"
                          CONTENT="habent"/>
                  <SP HEIGHT="52" WIDTH="13" VPOS="2350" HPOS="1200"/>
                  <String HEIGHT="52"
                          WIDTH="91"
                          VPOS="2350"
                          HPOS="1161"
                          CONTENT="per"/>
                  <SP HEIGHT="52" WIDTH="13" VPOS="2350" HPOS="1252"/>
                  <String HEIGHT="52"
                          WIDTH="156"
                          VPOS="2350"
                          HPOS="1213"
                          CONTENT="ordinem."/>
                  <SP HEIGHT="52" WIDTH="13" VPOS="2350" HPOS="1370"/>
                  <String HEIGHT="52"
                          WIDTH="156"
                          VPOS="2350"
                          HPOS="1331"
                          CONTENT="creatio."/>
                  <SP HEIGHT="52" WIDTH="13" VPOS="2350" HPOS="1487"/>
                  <String HEIGHT="52"
                          WIDTH="182"
                          VPOS="2350"
                          HPOS="1448"
                          CONTENT="productio."/>
                  <SP HEIGHT="52" WIDTH="13" VPOS="2350" HPOS="1630"/>
                  <String HEIGHT="52"
                          WIDTH="169"
                          VPOS="2350"
                          HPOS="1591"
                          CONTENT="operatio."/>
                  <SP HEIGHT="52" WIDTH="13" VPOS="2350" HPOS="1761"/>
                  <String HEIGHT="52"
                          WIDTH="104"
                          VPOS="2350"
                          HPOS="1722"
                          CONTENT="Omne"/>
                  <SP HEIGHT="52" WIDTH="13" VPOS="2350" HPOS="1826"/>
                  <String HEIGHT="52"
                          WIDTH="78"
                          VPOS="2350"
                          HPOS="1774"
                          CONTENT="enim"/>
               </TextLine>
               <TextLine ID="r2l97"
                         BASELINE="2441"
                         HEIGHT="49"
                         WIDTH="772"
                         VPOS="2392"
                         HPOS="1084">
                  <String HEIGHT="49"
                          WIDTH="82"
                          VPOS="2392"
                          HPOS="1074"
                          CONTENT="quod"/>
                  <SP HEIGHT="49" WIDTH="10" VPOS="2392" HPOS="1156"/>
                  <String HEIGHT="49"
                          WIDTH="113"
                          VPOS="2392"
                          HPOS="1125"
                          CONTENT="creatur"/>
                  <SP HEIGHT="49" WIDTH="10" VPOS="2392" HPOS="1238"/>
                  <String HEIGHT="49"
                          WIDTH="154"
                          VPOS="2392"
                          HPOS="1208"
                          CONTENT="producitur."/>
                  <SP HEIGHT="49" WIDTH="10" VPOS="2392" HPOS="1362"/>
                  <String HEIGHT="49" WIDTH="62" VPOS="2392" HPOS="1331" CONTENT="vt"/>
                  <SP HEIGHT="49" WIDTH="10" VPOS="2392" HPOS="1393"/>
                  <String HEIGHT="49"
                          WIDTH="103"
                          VPOS="2392"
                          HPOS="1362"
                          CONTENT="patet."/>
                  <SP HEIGHT="49" WIDTH="10" VPOS="2392" HPOS="1465"/>
                  <String HEIGHT="49"
                          WIDTH="72"
                          VPOS="2392"
                          HPOS="1434"
                          CONTENT="sed"/>
                  <SP HEIGHT="49" WIDTH="10" VPOS="2392" HPOS="1506"/>
                  <String HEIGHT="49"
                          WIDTH="72"
                          VPOS="2392"
                          HPOS="1475"
                          CONTENT="non"/>
                  <SP HEIGHT="49" WIDTH="10" VPOS="2392" HPOS="1547"/>
                  <String HEIGHT="49"
                          WIDTH="144"
                          VPOS="2392"
                          HPOS="1516"
                          CONTENT="econuerso."/>
                  <SP HEIGHT="49" WIDTH="10" VPOS="2392" HPOS="1660"/>
                  <String HEIGHT="49"
                          WIDTH="82"
                          VPOS="2392"
                          HPOS="1630"
                          CONTENT="quia"/>
                  <SP HEIGHT="49" WIDTH="10" VPOS="2392" HPOS="1712"/>
                  <String HEIGHT="49"
                          WIDTH="124"
                          VPOS="2392"
                          HPOS="1681"
                          CONTENT="spiritus"/>
                  <SP HEIGHT="49" WIDTH="10" VPOS="2392" HPOS="1805"/>
                  <String HEIGHT="49"
                          WIDTH="93"
                          VPOS="2392"
                          HPOS="1763"
                          CONTENT="sanctus"/>
               </TextLine>
               <TextLine ID="r2l99"
                         BASELINE="2494"
                         HEIGHT="54"
                         WIDTH="775"
                         VPOS="2440"
                         HPOS="1078">
                  <String HEIGHT="54"
                          WIDTH="153"
                          VPOS="2440"
                          HPOS="1067"
                          CONTENT="producitur"/>
                  <SP HEIGHT="54" WIDTH="11" VPOS="2440" HPOS="1220"/>
                  <String HEIGHT="54"
                          WIDTH="76"
                          VPOS="2440"
                          HPOS="1187"
                          CONTENT="sed"/>
                  <SP HEIGHT="54" WIDTH="11" VPOS="2440" HPOS="1264"/>
                  <String HEIGHT="54"
                          WIDTH="76"
                          VPOS="2440"
                          HPOS="1231"
                          CONTENT="non"/>
                  <SP HEIGHT="54" WIDTH="11" VPOS="2440" HPOS="1307"/>
                  <String HEIGHT="54"
                          WIDTH="131"
                          VPOS="2440"
                          HPOS="1274"
                          CONTENT="creatur."/>
                  <SP HEIGHT="54" WIDTH="11" VPOS="2440" HPOS="1405"/>
                  <String HEIGHT="54"
                          WIDTH="87"
                          VPOS="2440"
                          HPOS="1373"
                          CONTENT="Item"/>
                  <SP HEIGHT="54" WIDTH="11" VPOS="2440" HPOS="1460"/>
                  <String HEIGHT="54"
                          WIDTH="87"
                          VPOS="2440"
                          HPOS="1427"
                          CONTENT="omne"/>
                  <SP HEIGHT="54" WIDTH="11" VPOS="2440" HPOS="1515"/>
                  <String HEIGHT="54"
                          WIDTH="87"
                          VPOS="2440"
                          HPOS="1482"
                          CONTENT="quod"/>
                  <SP HEIGHT="54" WIDTH="11" VPOS="2440" HPOS="1569"/>
                  <String HEIGHT="54"
                          WIDTH="153"
                          VPOS="2440"
                          HPOS="1536"
                          CONTENT="producitur"/>
                  <SP HEIGHT="54" WIDTH="11" VPOS="2440" HPOS="1689"/>
                  <String HEIGHT="54"
                          WIDTH="142"
                          VPOS="2440"
                          HPOS="1657"
                          CONTENT="operatur:"/>
                  <SP HEIGHT="54" WIDTH="11" VPOS="2440" HPOS="1798"/>
                  <String HEIGHT="54"
                          WIDTH="76"
                          VPOS="2440"
                          HPOS="1766"
                          CONTENT="sed"/>
                  <SP HEIGHT="54" WIDTH="11" VPOS="2440" HPOS="1842"/>
                  <String HEIGHT="54"
                          WIDTH="55"
                          VPOS="2440"
                          HPOS="1798"
                          CONTENT="non"/>
               </TextLine>
               <TextLine ID="r2l101"
                         BASELINE="2524"
                         HEIGHT="44"
                         WIDTH="770"
                         VPOS="2480"
                         HPOS="1086">
                  <String HEIGHT="44"
                          WIDTH="177"
                          VPOS="2480"
                          HPOS="1073"
                          CONTENT="econuerso."/>
                  <SP HEIGHT="44" WIDTH="13" VPOS="2480" HPOS="1250"/>
                  <String HEIGHT="44"
                          WIDTH="101"
                          VPOS="2480"
                          HPOS="1212"
                          CONTENT="quia"/>
                  <SP HEIGHT="44" WIDTH="13" VPOS="2480" HPOS="1313"/>
                  <String HEIGHT="44"
                          WIDTH="139"
                          VPOS="2480"
                          HPOS="1275"
                          CONTENT="volitio"/>
                  <SP HEIGHT="44" WIDTH="13" VPOS="2480" HPOS="1414"/>
                  <String HEIGHT="44" WIDTH="76" VPOS="2480" HPOS="1376" CONTENT="et"/>
                  <SP HEIGHT="44" WIDTH="13" VPOS="2480" HPOS="1452"/>
                  <String HEIGHT="44"
                          WIDTH="189"
                          VPOS="2480"
                          HPOS="1414"
                          CONTENT="intellectio"/>
                  <SP HEIGHT="44" WIDTH="13" VPOS="2480" HPOS="1604"/>
                  <String HEIGHT="44"
                          WIDTH="101"
                          VPOS="2480"
                          HPOS="1566"
                          CONTENT="dici"/>
                  <SP HEIGHT="44" WIDTH="13" VPOS="2480" HPOS="1667"/>
                  <String HEIGHT="44"
                          WIDTH="101"
                          VPOS="2480"
                          HPOS="1629"
                          CONTENT="sunt"/>
                  <SP HEIGHT="44" WIDTH="13" VPOS="2480" HPOS="1730"/>
                  <String HEIGHT="44"
                          WIDTH="177"
                          VPOS="2480"
                          HPOS="1679"
                          CONTENT="operationes:"/>
               </TextLine>
               <TextLine ID="r2l103"
                         BASELINE="2569"
                         HEIGHT="48"
                         WIDTH="763"
                         VPOS="2521"
                         HPOS="1081">
                  <String HEIGHT="48"
                          WIDTH="89"
                          VPOS="2521"
                          HPOS="1068"
                          CONTENT="non"/>
                  <SP HEIGHT="48" WIDTH="13" VPOS="2521" HPOS="1157"/>
                  <String HEIGHT="48"
                          WIDTH="114"
                          VPOS="2521"
                          HPOS="1119"
                          CONTENT="tamen"/>
                  <SP HEIGHT="48" WIDTH="13" VPOS="2521" HPOS="1234"/>
                  <String HEIGHT="48"
                          WIDTH="203"
                          VPOS="2521"
                          HPOS="1195"
                          CONTENT="producuntur."/>
                  <SP HEIGHT="48" WIDTH="13" VPOS="2521" HPOS="1399"/>
                  <String HEIGHT="48"
                          WIDTH="102"
                          VPOS="2521"
                          HPOS="1361"
                          CONTENT="quia"/>
                  <SP HEIGHT="48" WIDTH="13" VPOS="2521" HPOS="1463"/>
                  <String HEIGHT="48"
                          WIDTH="140"
                          VPOS="2521"
                          HPOS="1424"
                          CONTENT="proprie"/>
                  <SP HEIGHT="48" WIDTH="13" VPOS="2521" HPOS="1564"/>
                  <String HEIGHT="48"
                          WIDTH="114"
                          VPOS="2521"
                          HPOS="1526"
                          CONTENT="magis"/>
                  <SP HEIGHT="48" WIDTH="13" VPOS="2521" HPOS="1641"/>
                  <String HEIGHT="48"
                          WIDTH="153"
                          VPOS="2521"
                          HPOS="1602"
                          CONTENT="dicuntur"/>
                  <SP HEIGHT="48" WIDTH="13" VPOS="2521" HPOS="1755"/>
                  <String HEIGHT="48"
                          WIDTH="140"
                          VPOS="2521"
                          HPOS="1704"
                          CONTENT="productio"/>
               </TextLine>
               <TextLine ID="r2l105"
                         BASELINE="2613"
                         HEIGHT="48"
                         WIDTH="763"
                         VPOS="2565"
                         HPOS="1087">
                  <String HEIGHT="48"
                          WIDTH="94"
                          VPOS="2565"
                          HPOS="1074"
                          CONTENT="nis"/>
                  <SP HEIGHT="48" WIDTH="13" VPOS="2565" HPOS="1167"/>
                  <String HEIGHT="48"
                          WIDTH="214"
                          VPOS="2565"
                          HPOS="1127"
                          CONTENT="principiacid"/>
                  <SP HEIGHT="48" WIDTH="13" VPOS="2565" HPOS="1341"/>
                  <String HEIGHT="48"
                          WIDTH="94"
                          VPOS="2565"
                          HPOS="1301"
                          CONTENT="est"/>
                  <SP HEIGHT="48" WIDTH="13" VPOS="2565" HPOS="1395"/>
                  <String HEIGHT="48"
                          WIDTH="120"
                          VPOS="2565"
                          HPOS="1355"
                          CONTENT="vires"/>
                  <SP HEIGHT="48" WIDTH="13" VPOS="2565" HPOS="1475"/>
                  <String HEIGHT="48"
                          WIDTH="201"
                          VPOS="2565"
                          HPOS="1435"
                          CONTENT="productiue:"/>
                  <SP HEIGHT="48" WIDTH="13" VPOS="2565" HPOS="1636"/>
                  <String HEIGHT="48"
                          WIDTH="94"
                          VPOS="2565"
                          HPOS="1596"
                          CONTENT="qua"/>
                  <SP HEIGHT="48" WIDTH="13" VPOS="2565" HPOS="1689"/>
                  <String HEIGHT="48"
                          WIDTH="201"
                          VPOS="2565"
                          HPOS="1649"
                          CONTENT="principiant"/>
                  <SP HEIGHT="48" WIDTH="13" VPOS="2565" HPOS="1850"/>
                  <String HEIGHT="48" WIDTH="54" VPOS="2565" HPOS="1796" CONTENT="du"/>
               </TextLine>
               <TextLine ID="r2l107"
                         BASELINE="2659"
                         HEIGHT="52"
                         WIDTH="767"
                         VPOS="2607"
                         HPOS="1080">
                  <String HEIGHT="52" WIDTH="74" VPOS="2607" HPOS="1068" CONTENT="as"/>
                  <SP HEIGHT="52" WIDTH="12" VPOS="2607" HPOS="1142"/>
                  <String HEIGHT="52"
                          WIDTH="198"
                          VPOS="2607"
                          HPOS="1105"
                          CONTENT="productiones"/>
                  <SP HEIGHT="52" WIDTH="12" VPOS="2607" HPOS="1303"/>
                  <String HEIGHT="52"
                          WIDTH="148"
                          VPOS="2607"
                          HPOS="1266"
                          CONTENT="scilicet"/>
                  <SP HEIGHT="52" WIDTH="12" VPOS="2607" HPOS="1414"/>
                  <String HEIGHT="52"
                          WIDTH="186"
                          VPOS="2607"
                          HPOS="1377"
                          CONTENT="intellectus"/>
                  <SP HEIGHT="52" WIDTH="12" VPOS="2607" HPOS="1562"/>
                  <String HEIGHT="52"
                          WIDTH="210"
                          VPOS="2607"
                          HPOS="1525"
                          CONTENT="generationem."/>
                  <SP HEIGHT="52" WIDTH="12" VPOS="2607" HPOS="1736"/>
                  <String HEIGHT="52" WIDTH="74" VPOS="2607" HPOS="1699" CONTENT="et"/>
                  <SP HEIGHT="52" WIDTH="12" VPOS="2607" HPOS="1773"/>
                  <String HEIGHT="52"
                          WIDTH="124"
                          VPOS="2607"
                          HPOS="1723"
                          CONTENT="voluntas"/>
               </TextLine>
               <TextLine ID="r2l109"
                         BASELINE="2706"
                         HEIGHT="65"
                         WIDTH="539"
                         VPOS="2641"
                         HPOS="1089">
                  <String HEIGHT="65"
                          WIDTH="221"
                          VPOS="2641"
                          HPOS="1075"
                          CONTENT="spirationem."/>
                  <SP HEIGHT="65" WIDTH="14" VPOS="2641" HPOS="1296"/>
                  <String HEIGHT="65"
                          WIDTH="111"
                          VPOS="2641"
                          HPOS="1255"
                          CONTENT="Unde"/>
                  <SP HEIGHT="65" WIDTH="14" VPOS="2641" HPOS="1365"/>
                  <String HEIGHT="65"
                          WIDTH="97"
                          VPOS="2641"
                          HPOS="1324"
                          CONTENT="non"/>
                  <SP HEIGHT="65" WIDTH="14" VPOS="2641" HPOS="1421"/>
                  <String HEIGHT="65"
                          WIDTH="166"
                          VPOS="2641"
                          HPOS="1379"
                          CONTENT="dicuntur"/>
                  <SP HEIGHT="65" WIDTH="14" VPOS="2641" HPOS="1545"/>
                  <String HEIGHT="65"
                          WIDTH="138"
                          VPOS="2641"
                          HPOS="1490"
                          CONTENT="producta"/>
               </TextLine>
               <TextLine ID="r2l111"
                         BASELINE="2761"
                         HEIGHT="67"
                         WIDTH="767"
                         VPOS="2694"
                         HPOS="1074">
                  <String HEIGHT="67" WIDTH="104" VPOS="2694" HPOS="1053" CONTENT="¶"/>
                  <SP HEIGHT="67" WIDTH="21" VPOS="2694" HPOS="1157"/>
                  <String HEIGHT="67"
                          WIDTH="290"
                          VPOS="2694"
                          HPOS="1095"
                          CONTENT="Quottuplex"/>
                  <SP HEIGHT="67" WIDTH="21" VPOS="2694" HPOS="1385"/>
                  <String HEIGHT="67"
                          WIDTH="228"
                          VPOS="2694"
                          HPOS="1323"
                          CONTENT="ponitur"/>
                  <SP HEIGHT="67" WIDTH="21" VPOS="2694" HPOS="1551"/>
                  <String HEIGHT="67"
                          WIDTH="249"
                          VPOS="2694"
                          HPOS="1489"
                          CONTENT="terminus"/>
                  <SP HEIGHT="67" WIDTH="21" VPOS="2694" HPOS="1737"/>
                  <String HEIGHT="67"
                          WIDTH="124"
                          VPOS="2694"
                          HPOS="1675"
                          CONTENT="in"/>
                  <SP HEIGHT="67" WIDTH="21" VPOS="2694" HPOS="1800"/>
                  <String HEIGHT="67"
                          WIDTH="124"
                          VPOS="2694"
                          HPOS="1717"
                          CONTENT="qua"
                          SUBS_TYPE="HypPart1"
                          SUBS_CONTENT="qualibet"/>
                  <HYP CONTENT="-"/>
               </TextLine>
               <TextLine ID="r2l113"
                         BASELINE="2816"
                         HEIGHT="72"
                         WIDTH="776"
                         VPOS="2744"
                         HPOS="1071">
                  <String HEIGHT="72"
                          WIDTH="123"
                          VPOS="2744"
                          HPOS="1057"
                          CONTENT="libet"
                          SUBS_TYPE="HypPart2"
                          SUBS_CONTENT="qualibet"/>
                  <SP HEIGHT="72" WIDTH="14" VPOS="2744" HPOS="1180"/>
                  <String HEIGHT="72"
                          WIDTH="218"
                          VPOS="2744"
                          HPOS="1139"
                          CONTENT="productionum"/>
                  <SP HEIGHT="72" WIDTH="14" VPOS="2744" HPOS="1357"/>
                  <String HEIGHT="72"
                          WIDTH="163"
                          VPOS="2744"
                          HPOS="1316"
                          CONTENT="istarum."/>
                  <SP HEIGHT="72" WIDTH="14" VPOS="2744" HPOS="1479"/>
                  <String HEIGHT="72"
                          WIDTH="177"
                          VPOS="2744"
                          HPOS="1439"
                          CONTENT="videlicet"/>
                  <SP HEIGHT="72" WIDTH="14" VPOS="2744" HPOS="1616"/>
                  <String HEIGHT="72"
                          WIDTH="136"
                          VPOS="2744"
                          HPOS="1575"
                          CONTENT="divine"/>
                  <SP HEIGHT="72" WIDTH="14" VPOS="2744" HPOS="1711"/>
                  <String HEIGHT="72"
                          WIDTH="191"
                          VPOS="2744"
                          HPOS="1656"
                          CONTENT="generationis"/>
               </TextLine>
            </TextBlock>
         </PrintSpace>
      </Page>
   </Layout>
</alto>
