2239 3308
191 295 128 73 tium
271 295 192 73 scilicet
415 295 208 73 Quantitas
575 295 192 73 qualitas
718 295 128 73 etc.
798 295 112 73 Nam
862 295 96 73 in
894 295 80 73 deo

186 361 117 49 talia
264 361 156 49 scilicet
381 361 156 49 relatio.
498 361 169 49 Quantitas
628 361 156 49 qualitas
745 361 104 49 etc.
810 361 91 49 non
862 361 104 49 sunt
914 361 65 49 ac-

204 406 156 50 cidentia
321 406 104 50 quia
386 406 91 50 non
437 406 156 50 inherent
554 406 156 50 subiecto
671 406 104 50 quod
736 406 91 50 est
788 406 156 50 proprium
891 406 91 50 acci-

188 444 150 50 dentis
293 444 135 50 cuius
383 444 105 50 est
444 444 150 50 inesse
549 444 211 50 creaturis.
714 444 105 50 Nec
774 444 135 50 talia
865 444 90 50 in
895 444 75 50 deo

190 485 112 58 sunt
260 485 84 58 de
302 485 238 58 praedicamento
498 485 210 58 accidentis:
666 485 98 58 sed
722 485 112 58 sunt
792 485 112 58 idem
862 485 98 58 cum
904 485 70 58 sub

193 528 179 50 stantia.
327 528 104 50 Nam
387 528 209 50 paternitas
551 528 104 50 est
610 528 119 50 idem
685 528 104 50 cum
745 528 179 50 essentia
864 528 119 50 diuina

190 576 174 50 essentiali
326 576 186 50 identitate.
475 576 161 50 similiter
599 576 161 50 quantitas
723 576 74 50 et
760 576 149 50 qualitas
871 576 74 50 in
896 576 87 50 diui-

185 616 94 44 nis
238 616 174 44 transeunt
372 616 80 44 in
413 616 188 44 substantia
560 616 215 44 simpliciter:
734 616 107 44 quia
801 616 80 44 si
828 616 161 44 remanerent

180 658 89 46 in
225 658 163 46 diuinis
343 658 208 46 necessario
507 658 104 46 ibi
566 658 178 46 facerent
700 658 163 46 aliquam
804 658 178 46 compositis

188 701 108 50 nem.
255 701 175 50 Propterea
390 701 108 50 Aug.
457 701 81 50 v.
497 701 81 50 de
538 701 189 50 trinitate.
686 701 81 50 c.
726 701 81 50 i.
767 701 121 50 dicit
834 701 148 50 Intelliga

183 744 105 44 mus
243 744 105 44 deu
303 744 90 44 si
348 744 180 44 possumus
483 744 120 44 sine
558 744 195 44 qualitate
707 744 150 44 bonum:
812 744 120 44 sine
872 744 105 44 quan-

191 781 135 55 titate
285 781 135 55 magnum
379 781 108 55 etc.
447 781 95 55 Hec
501 781 108 55 ideo
569 781 122 55 dicit
650 781 108 55 quia
717 781 176 55 quantitas
852 781 81 55 et
879 781 108 55 quali-

196 823 96 57 tas
251 823 82 57 in
292 823 96 57 deo
346 823 177 57 transeunt
483 823 82 57 in
524 823 218 57 substantiam.
701 823 96 57 Sed
756 823 150 57 relatio
851 823 123 57 quantum

186 869 92 43 ad
232 869 230 43 conditiones
416 869 184 43 secundas
554 869 215 43 praetactas
722 869 215 43 quodammodo
876 869 107 43 manet

179 907 98 50 in
228 907 196 50 diuinis.
374 907 228 50 quodammodo
553 907 114 50 non
619 907 147 50 manet
716 907 130 50 Quia
798 907 179 50 quantum
912 907 65 50 ad

177 946 226 58 habitudinem
357 946 180 58 relatiue
493 946 256 58 distinctionis
703 946 90 58 et
748 946 196 58 respectus
884 946 90 58 nece

188 992 86 47 se
231 992 100 47 est
288 992 143 47 manere
388 992 157 47 propter
502 992 129 47 veram
588 992 172 47 originem
717 992 86 47 et
745 992 229 47 distinctionem.

187 1038 209 45 personarum:
354 1038 84 45 et
396 1038 153 45 necesse
508 1038 98 45 est
564 1038 181 45 quodamodo
703 1038 98 45 non
759 1038 139 45 manere
843 1038 139 45 scilicet

190 1079 161 46 quantum
307 1079 88 46 ad
351 1079 234 46 dependentiam
541 1079 88 46 et
585 1079 190 46 omnimodam
731 1079 234 46 absolutionem
907 1079 73 46 que

184 1121 99 52 est
240 1121 85 52 in
283 1121 155 52 diuinis
396 1121 85 52 et
438 1121 155 52 quantum
551 1121 85 52 ad
593 1121 113 52 omne
664 1121 113 52 quod
734 1121 127 52 dicit
805 1121 169 52 compositio

178 1165 109 51 nem.
247 1165 109 51 Unde
315 1165 178 51 huiusmodi
451 1165 150 51 relatio
561 1165 109 51 quae
629 1165 96 51 est
684 1165 82 51 in
725 1165 150 51 diuinis
834 1165 96 51 non
888 1165 96 51 est
929 1165 55 51 ge

178 1208 107 48 nus
239 1208 138 48 neque
331 1208 92 48 in
377 1208 153 48 genere
484 1208 107 48 vel
545 1208 92 48 in
591 1208 260 48 praedicamento
789 1208 184 48 accidentis

181 1249 84 52 nec
229 1249 96 52 ergo
289 1249 84 52 est
337 1249 168 52 substantia
469 1249 72 52 de
505 1249 120 52 genere
590 1249 168 52 substantie
722 1249 84 52 sed
770 1249 96 52 sunt
818 1249 168 52 transcenden-

185 1293 101 49 tia
242 1293 174 49 habentia
373 1293 188 49 entitatem
518 1293 145 49 summam
619 1293 174 49 diuinam.
749 1293 87 49 Ex
793 1293 145 49 dictis
880 1293 101 49 patet

179 1332 101 52 quod
242 1332 164 52 quantitas
369 1332 76 52 et
406 1332 151 52 qualitas
520 1332 76 52 in
558 1332 139 52 diuinis
659 1332 189 52 simpliciter
810 1332 164 52 transeunt
924 1332 50 52 in

192 1374 199 49 substantiam
351 1374 106 49 quia
417 1374 93 49 non
470 1374 106 49 sunt
536 1374 186 49 accidentia
682 1374 186 49 inherentia
828 1374 119 49 sicut
894 1374 80 49 sunt

179 1416 87 48 in
222 1416 203 48 creaturis.
382 1416 102 48 nec
440 1416 116 48 sunt
512 1416 87 48 in
556 1416 160 48 diuinis
672 1416 102 48 sub
730 1416 160 48 propria
831 1416 145 48 ratione.

189 1455 116 59 Uerbi
267 1455 129 59 gratia
357 1455 194 59 quantitatis
512 1455 168 59 inquantum
642 1455 168 59 quantitas
771 1455 91 59 est
823 1455 142 59 propria
913 1455 65 59 ra-

185 1498 95 53 tio
240 1498 108 53 quod
307 1498 95 53 sit
362 1498 149 53 mensura
470 1498 190 53 substantie
619 1498 81 53 et
660 1498 190 53 qualitatis
809 1498 95 53 est
863 1498 108 53 quod
917 1498 68 53 sit

181 1543 196 52 dispositio
335 1543 196 52 substantie
489 1543 84 52 et
531 1543 126 52 istis
616 1543 98 52 sub
672 1543 196 52 rationibus
826 1543 98 52 non
868 1543 112 52 manent

181 1583 82 46 in
222 1583 164 46 diuinis.
345 1583 123 46 alias
427 1583 164 46 facerent
550 1583 232 46 compositionem
741 1583 150 46 realem.
850 1583 96 46 Sed
891 1583 82 46 rela

189 1629 91 46 tio
241 1629 78 46 in
280 1629 143 46 diuinis
384 1629 143 46 quamuis
488 1629 143 46 quantum
591 1629 78 46 ad
630 1629 156 46 rationem
747 1629 156 46 tionunem
851 1629 117 46 accidem

192 1671 86 51 tis
241 1671 98 51 quae
302 1671 147 51 scilicet
412 1671 86 51 est
461 1671 147 51 inherere
572 1671 147 51 subiecto
682 1671 86 51 non
731 1671 123 51 maneat
817 1671 86 51 sed
853 1671 123 51 transeat

190 1709 70 52 in
225 1709 188 52 substantiam:
378 1709 106 52 manet
448 1709 106 52 tamen
519 1709 129 52 quantum
612 1709 70 52 ad
647 1709 141 52 rationem
753 1709 141 52 propriam
858 1709 94 52 quae
905 1709 59 52 sci

186 1754 108 45 est
247 1754 170 45 referri
371 1754 93 45 ad
417 1754 124 45 suum
495 1754 263 45 correlatiuum.
711 1754 108 45 Nam
773 1754 139 45 pater
850 1754 124 45 respe-

187 1793 102 62 ctu
246 1793 131 62 filii
333 1793 131 62 veram
420 1793 131 62 habet
507 1793 203 62 relationem
666 1793 87 62 in
710 1793 160 62 diuinis
826 1793 102 62 etc
898 1793 73 62 Sed

182 1840 96 43 d.
230 1840 175 43 Relatio
357 1840 143 43 inter
453 1840 143 43 omnia
549 1840 143 43 entia
644 1840 143 43 minus
740 1840 143 43 habet
836 1840 96 43 de
867 1840 112 43 enti-

188 1881 114 45 tate
259 1881 85 45 vt
301 1881 128 45 dicit
387 1881 227 45 Commentator.
571 1881 85 45 x.
614 1881 128 45 Meta.
699 1881 114 45 ergo
770 1881 99 45 non
827 1881 128 45 debet
898 1881 85 45 mane

183 1922 87 52 re
227 1922 87 52 in
271 1922 116 52 ente
343 1922 247 52 perfectissimo
546 1922 102 52 cum
605 1922 145 52 faciat
706 1922 160 52 minimam
808 1922 174 52 distincti-

190 1965 102 43 onem.
257 1965 169 43 Respondetur
393 1965 135 43 secundum
494 1965 102 43 Rich.
562 1965 113 43 supra.
641 1965 90 43 quod
697 1965 102 43 illud
765 1965 113 43 dictum
833 1965 135 43 commentato

187 2003 98 53 ris
243 2003 126 53 verum
327 2003 98 53 est
383 2003 84 53 in
424 2003 196 53 creaturis:
578 2003 98 53 sed
634 2003 84 53 in
676 2003 154 53 diuinis
788 2003 154 53 relatio
885 2003 98 53 sunm-

189 2051 89 50 mam
240 2051 115 50 habet
317 2051 153 50 entitate
431 2051 153 50 scilicet
546 2051 140 50 diuinam
647 2051 102 50 ergo
698 2051 102 50 manet.

219 2098 147 92 Sed
303 2098 168 92 quid
409 2098 168 92 sunt
514 2098 295 92 relationes
745 2098 126 92 in
788 2098 189 92 diuinis

189 2175 88 55 si
233 2175 103 55 non
292 2175 118 55 sunt
366 2175 206 55 accidentia
528 2175 103 55 nec
587 2175 118 55 sunt
661 2175 177 55 essentia
793 2175 103 55 vel
837 2175 133 55 substan

182 2224 100 48 tia
239 2224 157 48 diuina:
353 2224 100 48 cum
410 2224 114 48 ista
481 2224 100 48 sit
538 2224 128 48 vnica
623 2224 100 48 sed
680 2224 199 48 relationes
837 2224 114 48 sunt
894 2224 71 48 plu

183 2262 87 52 res
232 2262 75 52 et
270 2262 125 52 extram
357 2262 150 52 rationem
469 2262 175 52 substantie
606 2262 187 52 Respondetur
756 2262 150 52 secundum
856 2262 112 52 Scotor.

185 2304 82 46 e.
226 2304 123 46 dist.
308 2304 123 46 xxvi.
390 2304 109 46 quod
458 2304 150 46 relatio
568 2304 96 46 est
622 2304 150 46 duplex.
731 2304 96 46 Una
786 2304 150 46 dicitur
881 2304 96 46 inhe-

182 2346 100 43 rens
245 2346 113 43 sicut
320 2346 88 43 est
370 2346 138 43 relatio
470 2346 75 43 in
508 2346 163 43 creaturis
633 2346 88 43 que
683 2346 150 43 scilicet
796 2346 88 43 est
846 2346 100 43 vere
896 2346 75 43 acci

188 2387 125 47 dens.
272 2387 111 47 Alia
341 2387 153 47 dicitur
453 2387 153 47 relatio
564 2387 195 47 subsistens
717 2387 97 47 per
773 2387 97 47 se.
829 2387 125 47 sicut
898 2387 70 47 est

185 2428 83 46 in
227 2428 165 46 diuinis.
351 2428 97 46 Cum
406 2428 110 46 ergo
475 2428 179 46 queritur.
613 2428 110 46 Quid
682 2428 110 46 sunt
750 2428 110 46 iste
806 2428 165 46 relationes

188 2469 82 47 in
229 2469 164 47 diuinis.
352 2469 164 47 Dicendum
476 2469 96 47 est
530 2469 109 47 quod
599 2469 109 47 sunt
667 2469 192 47 relationes
818 2469 96 47 per
872 2469 82 47 se
900 2469 68 47 sub

185 2514 176 45 sistentes.
324 2514 88 45 Cum
374 2514 101 45 enim
437 2514 151 45 dicantur
550 2514 176 45 relationes
688 2514 151 45 sequitur
801 2514 101 45 quod
864 2514 88 45 non
902 2514 75 45 sunt

177 2557 175 53 essentia
309 2557 146 53 diuina
410 2557 102 53 vel
469 2557 204 53 substantia
629 2557 204 53 formaliter
789 2557 131 53 licet
862 2557 102 53 ident

176 2600 127 53 tate
256 2600 143 53 reali
351 2600 127 53 sint
431 2600 127 53 idem
510 2600 207 53 essentie.
670 2600 96 53 vt
717 2600 159 53 patuit
829 2600 111 53 vbi
876 2600 96 53 Pro-

185 2642 125 45 prie.
268 2642 83 45 .
310 2642 125 45 viii.
394 2642 111 45 Item
463 2642 97 45 cum
519 2642 167 45 dicantur
644 2642 97 45 per
699 2642 83 45 se
741 2642 222 45 subsistentes
908 2642 69 45 re-

183 2683 206 47 lationes:
342 2683 191 47 sequitur
485 2683 127 47 ergo
564 2683 127 47 quod
644 2683 111 47 non
707 2683 127 47 sunt
771 2683 206 47 accidentia:

185 2726 113 54 quia
256 2726 85 54 vt
298 2726 127 54 dicit
383 2726 226 54 philosophus.
567 2726 99 54 ix.
623 2726 127 54 Meta.
708 2726 198 54 Accidentis
864 2726 99 54 non
906 2726 71 54 est

1053 301 89 85 per
1104 301 77 85 se
1143 301 102 85 esse
1207 301 89 85 sed
1258 301 128 85 inesse
1334 301 77 85 etc.

1141 374 170 64 Sed
1239 374 146 64 an
1311 374 340 64 relationes
1579 374 146 64 in
1627 374 219 64 diuinis

1046 422 89 58 per
1097 422 153 58 accidens
1212 422 127 58 insint
1301 422 153 58 essetie:
1415 422 191 58 Respondetur
1568 422 153 58 secundum
1682 422 114 58 Fran.
1746 422 89 58 maro.

1049 473 79 49 in
1088 473 145 49 confla.
1194 473 119 49 primi
1273 473 119 49 dist.
1352 473 106 49 xxx.
1418 473 106 49 quod
1485 473 132 49 inesse
1577 473 92 49 per
1630 473 158 49 accidens
1735 473 106 49 potest

1051 513 196 53 intelligi.
1205 513 210 53 dupliciter.
1373 513 126 53 Primo
1457 513 126 53 sicut
1541 513 168 53 accidens
1667 513 126 53 inest
1737 513 98 53 subie

1054 555 107 48 cto
1115 555 92 48 et
1161 555 107 48 sic
1222 555 138 48 nulla
1314 555 168 48 relatio
1436 555 107 48 est
1497 555 92 48 in
1543 555 184 48 diuinis.
1681 555 122 48 Alio
1742 555 92 48 modo

1051 597 124 45 sicut
1134 597 166 45 inferius
1258 597 97 45 per
1314 597 166 45 accidens
1438 597 124 45 inest
1521 597 180 45 superiori
1659 597 124 45 sicut
1728 597 97 45 dici-

1043 639 113 50 mus
1108 639 178 50 animali
1237 639 178 50 accidit
1366 639 97 50 vt
1415 639 113 50 sit
1479 639 146 50 homo:
1576 639 129 50 quia
1657 639 162 50 animal
1754 639 81 50 est

1042 681 122 51 prius
1124 681 136 51 homine
1219 681 95 51 per
1273 681 244 51 praeorphirium.
1476 681 81 51 Et
1517 681 95 51 sic
1571 681 81 51 in
1612 681 149 51 diuinis
1707 681 122 51 relatio

1044 726 104 42 nes
1104 726 149 42 insunt
1208 726 179 42 essentie
1342 726 104 42 per
1402 726 194 42 accidens.
1551 726 89 42 Si
1596 726 119 42 enim
1655 726 179 42 paternitas

1055 765 100 56 quae
1118 765 88 56 est
1168 765 138 56 relatio
1269 765 138 56 inesset
1369 765 88 56 per
1419 765 75 56 se
1457 765 150 56 essentie
1570 765 100 56 tunc
1632 765 163 56 vbicumque
1745 765 88 56 esset

1046 807 164 47 essentia
1169 807 123 47 esset
1251 807 205 47 paternitas.
1415 807 82 47 Et
1456 807 96 47 sic
1510 807 123 47 esset
1592 807 82 47 in
1633 807 123 47 filio
1715 807 109 47 quod
1770 807 68 47 est

1041 848 263 50 impossibile.
1255 848 148 50 Inest
1353 848 132 50 ergo
1436 848 230 50 paternitas
1617 848 99 50 ad
1666 848 148 50 modum
1748 848 99 50 pro-

1041 893 200 54 prietatis
1194 893 246 54 indiuidualis
1394 893 108 54 quo
1456 893 138 54 inest
1548 893 154 54 nature
1656 893 169 54 communi
1763 893 62 54 in

1050 937 186 44 creaturis.
1196 937 146 44 Denique
1302 937 119 44 etiam
1381 937 186 44 similitudo
1527 937 172 44 equalitas
1660 937 80 44 et
1686 937 146 44 huiusmodi

1048 975 100 52 non
1105 975 128 52 inest
1190 975 100 52 per
1247 975 86 52 se
1290 975 171 52 essentie
1418 975 100 52 vel
1476 975 200 52 attributo:
1632 975 114 52 quia
1704 975 114 52 tunc
1761 975 71 52 ea-

1040 1019 96 49 dem
1095 1019 124 49 esset
1178 1019 82 49 in
1219 1019 124 49 filio
1301 1019 110 49 illa
1370 1019 110 49 quae
1439 1019 96 49 est
1494 1019 82 49 in
1535 1019 124 49 patre
1617 1019 110 49 quod
1686 1019 96 49 est
1727 1019 110 49 falsum

1038 1061 118 47 quia
1112 1061 88 47 in
1156 1061 133 47 filio
1245 1061 103 47 est
1304 1061 118 47 alia
1377 1061 88 47 Ut
1421 1061 147 47 patuit
1525 1061 103 47 vbi
1583 1061 206 47 Equalitas.
1746 1061 88 47 .
1775 1061 59 47 x.

1055 1100 97 49 Nec
1111 1100 125 49 inest
1194 1100 125 49 sicut
1278 1100 167 49 accidens
1403 1100 181 49 subiecto:
1543 1100 111 49 quia
1612 1100 111 49 tale
1682 1100 97 49 non
1738 1100 97 49 est
1779 1100 56 49 in

1049 1146 151 52 diuinis
1159 1146 96 52 sed
1214 1146 110 52 alio
1283 1146 124 52 modo:
1365 1146 96 52 vel
1420 1146 220 52 consequenter
1599 1146 82 52 ad
1640 1146 137 52 illud.
1722 1146 110 52 scilic

1045 1184 248 54 attributum.
1244 1184 116 54 Hec
1293 1184 116 54 Fran.

1095 1235 155 79 An
1172 1235 206 79 deus
1301 1235 258 79 posset
1482 1235 206 79 vnam
1585 1235 232 79 relatio

1030 1307 118 42 nem
1098 1307 168 42 realem
1215 1307 202 42 assumere
1367 1307 101 42 in
1418 1307 236 42 identitate
1603 1307 219 42 suppositi
1755 1307 67 42 me

1039 1347 150 43 diante
1144 1347 105 43 qua
1204 1347 90 43 ad
1249 1347 195 43 creaturas
1399 1347 225 43 referretur:
1580 1347 195 43 Respondet
1715 1347 120 43 Guill.

1039 1389 85 40 e.
1081 1389 128 40 dist.
1167 1389 114 40 xxx.
1238 1389 114 40 dico
1309 1389 142 40 inquit
1408 1389 99 40 hic
1465 1389 128 40 tria.
1550 1389 128 40 Primo
1635 1389 114 40 quod
1706 1389 114 40 deus
1763 1389 71 40 non

1035 1428 148 51 posset
1139 1428 133 51 talem
1228 1428 207 51 relationem
1390 1428 89 51 in
1435 1428 207 51 identitate
1597 1428 192 51 suppositi
1730 1428 104 51 assu-

1038 1475 123 42 mere
1114 1475 123 42 quia
1191 1475 184 42 repugnat
1329 1475 199 42 relationi
1482 1475 199 42 inquantum
1635 1475 184 42 relatio.
1757 1475 77 42 Nam

1038 1513 117 48 esse
1112 1513 191 48 suppositi
1259 1513 103 48 est
1317 1513 264 48 substantiarum.
1537 1513 161 48 Secundo
1655 1513 117 48 dico
1714 1513 117 48 inquit

1048 1552 114 59 quod
1119 1552 143 59 posset
1219 1552 86 59 in
1262 1552 200 59 identitate
1419 1552 186 59 indiuidui
1562 1552 171 59 alicuius
1676 1552 143 59 creature

1036 1596 103 49 hoc
1095 1596 147 49 facere
1198 1596 118 49 quia
1272 1596 133 49 sicut
1360 1596 118 49 deus
1434 1596 147 49 potest
1537 1596 206 49 sustentare
1685 1596 147 49 accidens

1030 1642 187 50 absolutum
1174 1642 130 50 prout
1260 1642 130 50 patet
1347 1642 86 50 in
1390 1642 216 50 eucharistia
1563 1642 101 50 sic
1620 1642 144 50 posset
1707 1642 115 50 respe-

1030 1682 143 47 ctiuum
1130 1682 200 47 sustentare
1286 1682 86 47 vt
1329 1682 100 47 per
1386 1682 86 47 se
1429 1682 143 47 staret
1529 1682 100 47 cum
1586 1682 143 47 habeat
1685 1682 114 47 esse
1742 1682 86 47 Inem

1032 1726 105 48 cum
1092 1726 120 48 eis.
1167 1726 150 48 Tertio
1272 1726 120 48 dico
1347 1726 150 48 inquit
1453 1726 120 48 quod
1528 1726 120 48 casu
1603 1726 120 48 dato
1678 1726 135 48 adhuc
1753 1726 75 48 de-

1038 1770 72 52 us
1074 1770 95 52 illa
1133 1770 155 52 relatione
1253 1770 83 52 non
1300 1770 167 52 referretur
1432 1770 155 52 realiter.
1551 1770 107 52 Ratio
1622 1770 95 52 quia
1682 1770 72 52 in
1706 1770 119 52 communi-

1038 1811 143 48 catione
1142 1811 169 48 idiomatum
1271 1811 156 48 exigitur
1388 1811 78 48 vt
1427 1811 117 48 illud
1505 1811 104 48 quod
1570 1811 207 48 communicatur
1725 1811 91 48 primo

1035 1853 199 48 communicanti
1196 1853 174 48 conueniat.
1333 1853 112 48 Sicut
1408 1853 112 48 patet
1483 1853 75 48 in
1520 1853 149 48 christo.
1632 1853 75 48 In
1670 1853 87 48 quo
1707 1853 112 48 dicitur

1029 1891 123 50 deus
1106 1891 185 50 mortuus:
1244 1891 123 50 quia
1321 1891 123 50 homo
1398 1891 154 50 vnitus
1506 1891 108 50 deo
1567 1891 108 50 est
1629 1891 185 50 mortuus.
1752 1891 77 50 Sed

1026 1938 104 44 quia
1091 1938 143 44 relatio
1195 1938 91 44 non
1248 1938 156 44 refertur
1365 1938 117 44 alias
1443 1938 117 44 esset
1521 1938 169 44 processus
1652 1938 78 44 in
1678 1938 156 44 infinitum:

1041 1980 120 47 Ideo
1116 1980 135 47 etiam
1206 1980 196 47 praedicto
1357 1980 120 47 casu
1432 1980 120 47 dato
1507 1980 105 47 non
1567 1980 150 47 posset
1673 1980 120 47 dici
1733 1980 90 47 deus

1031 2011 98 72 ea
1080 2011 197 72 referri.
1228 2011 115 72 Hec
1277 2011 131 72 Guill.

1134 2059 123 67 An
1195 2059 123 67 in
1257 2059 226 67 diuinis
1421 2059 144 67 sit
1503 2059 205 67 aliqua
1626 2059 185 67 relatio

1034 2122 144 50 preter
1134 2122 201 50 relationes
1292 2122 129 50 inter
1379 2122 173 50 personas
1508 2122 201 50 existentes
1652 2122 158 50 Responde-

1030 2168 113 47 Fran.
1106 2168 113 47 maro.
1181 2168 125 47 supra.
1268 2168 88 47 di.
1318 2168 113 47 xxxi.
1393 2168 100 47 quod
1456 2168 88 47 non
1506 2168 88 47 est
1556 2168 125 47 realis
1644 2168 125 47 aliqua
1719 2168 100 47 formal

1029 2210 109 45 sed
1092 2210 124 45 bene
1169 2210 109 45 est
1231 2210 280 45 fundamentalis.
1465 2210 124 45 Quia
1542 2210 140 45 inter
1636 2210 109 45 duo
1682 2210 140 45 attribu

1029 2250 91 50 ta
1074 2250 106 50 est
1135 2250 212 50 distinctio
1302 2250 258 50 fundamentalis
1514 2250 91 50 et
1560 2250 197 50 equalitas
1712 2250 91 50 et
1742 2250 76 50 di-

1032 2293 160 52 uersitas
1151 2293 80 52 et
1191 2293 199 52 similitudo.
1351 2293 93 52 non
1404 2293 106 52 quia
1470 2293 120 52 primo
1550 2293 106 52 sint
1617 2293 160 52 diuersa.
1723 2293 93 52 patet

1026 2332 78 52 de
1065 2332 117 52 istis
1143 2332 182 52 attributis
1286 2332 156 52 scilicet
1403 2332 156 52 bonitate
1520 2332 78 52 et
1559 2332 169 52 sapientia
1689 2332 78 52 ac
1715 2332 104 52 poten-

1028 2374 93 55 tia
1081 2374 106 55 quae
1147 2374 225 55 distinguuntur
1333 2374 186 55 formaliter
1478 2374 106 55 etc.
1545 2374 106 55 Uide
1611 2374 133 55 etiam.
1704 2374 80 55 .
1730 2374 93 55 xxvii

1070 2409 101 57 Si
1120 2409 168 57 petas.
1238 2409 168 57 Quales
1356 2409 236 57 relationes
1541 2409 135 57 sunt
1625 2409 101 57 in
1659 2409 151 57 diuinis

1041 2460 187 55 relationes
1188 2460 174 55 originis:
1322 2460 201 55 equalitatis
1482 2460 80 55 et
1523 2460 241 55 similitudinis.
1723 2460 80 55 an
1750 2460 67 55 for

1021 2501 150 54 males
1121 2501 199 54 actuales
1271 2501 100 54 an
1320 2501 299 54 fundamentales:
1570 2501 216 54 Respondet
1719 2501 100 54 idem

1036 2542 134 52 Fran.
1125 2542 119 52 quod
1199 2542 119 52 iste
1274 2542 208 52 relationes
1437 2542 178 52 respectu
1571 2542 178 52 essentie
1704 2542 104 52 non
1749 2542 74 52 di-

1026 2585 183 51 cuntur
1154 2585 256 51 relationes
1355 2585 311 51 fundamentales
1612 2585 128 51 sed
1667 2585 146 51 forma-

1033 2625 116 54 les
1100 2625 216 54 actuales.
1266 2625 133 54 quia
1349 2625 116 54 per
1416 2625 199 54 accidens
1565 2625 166 54 insunt
1665 2625 166 54 essentie

1033 2666 121 58 diuine
1118 2666 73 58 et
1154 2666 85 58 non
1202 2666 85 58 per
1251 2666 73 58 se
1287 2666 97 58 ergo
1335 2666 61 58 etc

1063 2701 214 97 Utrum
1205 2701 308 97 equalitas
1442 2701 166 97 sit
1537 2701 261 97 relatio
1703 2701 119 97 rea
