2262 3309
204 270 105 70 non
264 270 120 70 sunt
339 270 90 70 in
383 270 105 70 deo
443 270 105 70 cum
503 270 105 70 sit
563 270 269 70 simplicissimus
787 270 90 70 et
817 270 179 70 incomponi-

204 333 118 50 bilis
282 333 105 50 Ulis
348 333 105 50 quod
413 333 157 50 subiacet
531 333 118 50 operi
609 333 105 50 dei.
674 333 118 50 sicut
753 333 144 50 dicimus
857 333 105 50 quod
910 333 91 50 opera

206 382 132 48 quorum
298 382 132 48 domini
390 382 119 48 sumus
470 382 79 48 in
509 382 119 48 nobis
588 382 106 48 sunt
654 382 145 48 tanquam
760 382 158 48 effectus
878 382 79 48 in
905 382 79 48 caus

211 419 88 52 Et
255 419 103 52 per
314 419 133 52 modum
403 419 133 52 istum
491 419 133 52 omnia
580 419 103 52 que
638 419 74 52 a
668 419 103 52 deo
727 419 133 52 sunt:
815 419 88 52 in
859 419 103 52 deo
904 419 88 52 esse

211 461 178 46 dicuntur.
348 461 96 46 Non
403 461 123 46 autem
485 461 110 46 mala
554 461 96 46 que
609 461 82 46 ab
650 461 110 46 ipso
718 461 96 46 non
773 461 110 46 sunt
841 461 96 46 nec
882 461 110 46 priua-

210 503 119 49 tiones
293 503 71 49 vt
329 503 95 49 sic.
388 503 143 49 Predicta
496 503 95 49 ergo
555 503 95 49 tria
614 503 71 49 se
650 503 119 49 habent
733 503 143 49 secundum
840 503 131 49 quendam
924 503 71 49 ordi

208 542 112 54 nem.
278 542 155 54 quoniam
391 542 169 54 quicquid
517 542 98 54 est
573 542 84 54 in
616 542 169 54 essentia
742 542 141 54 diuina
840 542 98 54 est
897 542 84 54 in
925 542 70 54 deo

202 596 125 42 quasi
286 596 181 42 partinens
425 596 83 42 ad
466 596 111 42 esse
536 596 139 42 ipsius
633 596 97 42 sed
689 596 97 42 non
745 596 223 42 conuertitur:
912 596 83 42 quia

216 630 78 44 ea
255 630 91 44 que
307 630 170 44 subiacent
438 630 117 44 operi
516 630 104 44 eius
581 630 78 44 in
621 630 104 44 ipso
686 630 104 44 sunt
751 630 91 44 sed
803 630 91 44 non
855 630 78 44 in
882 630 104 44 essen-

202 671 96 52 tia
257 671 110 52 eius
326 671 137 52 Rursus
421 671 164 52 quicquid
545 671 96 52 est
600 671 82 52 in
641 671 96 52 deo
695 671 96 52 est
750 671 82 52 in
791 671 164 52 scientia
901 671 82 52 eius

212 712 100 56 sed
269 712 100 56 non
326 712 215 56 conuertitur
498 712 86 56 vt
541 712 129 56 patet
627 712 86 56 de
670 712 143 56 malis.
770 712 115 56 Unde
842 712 86 56 in
884 712 100 56 deo
927 712 72 56 ni-

212 756 92 54 hil
264 756 92 54 est
317 756 157 54 diuersum
435 756 79 54 ab
474 756 118 54 ipso.
553 756 92 54 Nam
605 756 79 54 et
644 756 157 54 creature
762 756 157 54 secundum
880 756 79 54 id
906 756 79 54 quod

206 798 85 43 in
248 798 100 43 deo
305 798 114 43 sunt
377 798 100 43 non
434 798 128 43 sunt:
519 798 128 43 aliud
605 798 71 43 a
633 798 100 43 deo
690 798 114 43 quia
761 798 171 43 creature
889 798 85 43 in
918 798 71 43 deo

212 837 109 50 sunt
280 837 163 50 creatrix
403 837 163 50 essentia
525 837 82 50 vt
566 837 122 50 dicit
647 837 163 50 Anselms.
770 837 82 50 in
811 837 163 50 monolis.
919 837 82 50 Sunt

199 887 113 48 enim
269 887 84 48 in
312 887 99 48 deo
368 887 99 48 per
424 887 113 48 suam
494 887 239 48 similitudinem
691 887 113 48 Ipsa
762 887 127 48 autem
846 887 99 48 dei
888 887 113 48 essen-

211 923 107 59 tia
272 923 107 59 est
333 923 214 59 similitudo
501 923 153 59 omnium
607 923 107 59 que
669 923 76 59 a
699 923 107 59 deo
760 923 137 59 sunt.
852 923 107 59 Hec
897 923 92 59 Tho-

213 968 145 44 concor.
318 968 119 44 Bona.
398 968 79 44 e.
437 968 92 44 di.
490 968 119 44 circa
556 968 79 44 lit.

208 1000 129 83 ¶
260 1000 207 83 Quis
389 1000 181 83 est
493 1000 414 83 excellentior
803 1000 181 83 modus

209 1052 142 71 essendi
312 1052 77 71 in
351 1052 103 71 deo:
415 1052 103 71 Nota
479 1052 154 71 secundum
595 1052 116 71 Guil.
672 1052 77 71 e.
711 1052 90 71 di.
762 1052 129 71 xxxvi.
852 1052 103 71 quod
904 1052 90 71 crea-

213 1116 94 49 tura
272 1116 176 49 tripliciter
413 1116 129 49 dicitur
507 1116 94 49 esse
566 1116 71 49 in
601 1116 82 49 deo
648 1116 165 49 videlicet.
777 1116 82 49 per
824 1116 165 49 eminentiam
942 1116 47 49 in

211 1157 223 52 diuinitate.
390 1157 89 52 et
434 1157 104 52 per
494 1157 179 52 virtutem
628 1157 89 52 in
672 1157 179 52 potentia
806 1157 89 52 Et
851 1157 104 52 per
896 1157 89 52 exem

207 1201 105 47 plar
272 1201 79 47 in
312 1201 184 47 intellectu
456 1201 157 47 secundum
574 1201 105 47 esse
640 1201 144 47 ideale.
745 1201 79 47 Et
784 1201 79 47 de
823 1201 92 47 his
876 1201 118 47 clare
942 1201 52 47 pa

200 1244 115 50 tuit
272 1244 144 50 supra.
372 1244 101 50 vbi
430 1244 101 50 Ens
487 1244 86 50 et
531 1244 130 50 esse.
617 1244 86 50 §.
660 1244 115 50 xxx.
732 1244 115 50 Unde
804 1244 86 50 de
847 1244 130 50 istis
919 1244 72 50 mo-

204 1288 93 45 dis
257 1288 160 45 queritur
377 1288 93 45 hic
430 1288 107 45 Quis
497 1288 93 45 sit
550 1288 227 45 excellentior.
737 1288 80 45 Et
777 1288 187 45 rsconontur
910 1288 80 45 ibi-

203 1327 88 49 dem
254 1327 151 49 scilicet
367 1327 88 49 di.
417 1327 126 49 xxxvi.
505 1327 113 49 primi
580 1327 151 49 secundum
693 1327 113 49 Guil.
769 1327 101 49 quod
832 1327 138 49 equalis
920 1327 75 49 sunt

195 1368 231 51 nobilitatis
379 1368 184 51 identice
517 1368 108 51 cum
579 1368 123 51 sint
656 1368 123 51 vnus
733 1368 138 51 deus.
825 1368 138 51 Tamen
902 1368 92 51 esse

201 1409 107 51 per
262 1409 184 51 eremplar
400 1409 169 51 diuinum
523 1409 107 51 est
584 1409 215 51 formaliter
753 1409 184 51 nobilior
876 1409 107 51 modus

205 1453 121 54 quia
280 1453 136 54 alios
371 1453 121 54 duos
447 1453 181 54 includit
583 1453 106 54 cum
643 1453 106 54 sit
704 1453 181 54 vltimus.
825 1453 166 54 praesuppo

197 1494 101 49 nit
254 1494 115 49 enim
326 1494 202 49 eminentiam
485 1494 86 49 in
528 1494 202 49 diuinitate
686 1494 86 49 et
730 1494 173 49 virtutem
859 1494 86 49 in
888 1494 101 49 ptate

193 1534 121 59 non
244 1534 190 59 econuerso

240 1568 110 74 ¶
284 1568 131 74 An
350 1568 153 74 res
437 1568 219 74 creata
591 1568 131 74 vt
656 1568 153 74 est
744 1568 131 74 in
810 1568 153 74 deo
875 1568 110 74 sit

207 1638 118 45 idem
281 1638 118 45 quod
355 1638 177 45 essentia
487 1638 162 45 diuina.
605 1638 88 45 Ad
649 1638 103 45 hoc
708 1638 147 45 Ansls.
811 1638 88 45 in
841 1638 147 45 monolis.

204 1681 121 51 dicit
284 1681 108 51 quod
351 1681 161 51 creatura
472 1681 81 51 in
513 1681 161 51 creatore
634 1681 94 51 est
687 1681 161 51 creatrix
808 1681 161 51 essentia
916 1681 67 51 Sed

210 1721 155 52 secundum
326 1721 116 52 Bona.
403 1721 77 52 in
442 1721 116 52 primo
519 1721 116 52 dist.
597 1721 129 52 xxxvi.
687 1721 116 52 circa
764 1721 103 52 lit.
828 1721 90 52 hoc
867 1721 116 52 intelli

208 1766 143 52 gendum
308 1766 100 52 est
365 1766 100 52 non
423 1766 100 52 sic
480 1766 115 52 quod
552 1766 172 52 creatura
681 1766 86 52 in
724 1766 158 52 proprio
838 1766 143 52 genere
924 1766 72 52 sit

207 1808 186 49 essentia
346 1808 155 49 diuina
454 1808 108 49 Sed
516 1808 124 49 quod
593 1808 124 49 idea
671 1808 186 49 creature
810 1808 108 49 vel
856 1808 124 49 simili

214 1847 116 55 tudo
286 1847 101 55 est
344 1847 87 55 in
387 1847 144 55 diuina
488 1847 173 55 essentia
618 1847 101 55 per
676 1847 217 55 identitatem
849 1847 101 55 Nam
892 1847 87 55 deus

201 1897 100 47 per
258 1897 115 47 suam
330 1897 186 47 essentiam
473 1897 186 47 cognoscit
616 1897 129 47 omnem
702 1897 186 47 creaturam
846 1897 115 47 Unde
903 1897 86 47 idea

209 1942 97 45 vel
265 1942 194 45 similitudo
417 1942 97 45 rei
472 1942 83 45 in
514 1942 97 45 deo
569 1942 97 45 est
624 1942 138 45 eterna
721 1942 83 45 et
763 1942 111 45 ipse
832 1942 111 45 deus
887 1942 97 45 iden-

203 1974 114 55 tice
274 1974 128 55 patet
359 1974 128 55 etiam
445 1974 100 55 per
487 1974 100 55 Guil.

215 2005 113 87 ¶
261 2005 204 87 Utrum
397 2005 159 87 res
488 2005 182 87 sint
601 2005 136 87 in
669 2005 159 87 deo
760 2005 227 87 verius
896 2005 91 87 et

217 2079 192 49 excellentius
373 2079 96 49 quam
432 2079 72 49 in
468 2079 132 49 seipsis
564 2079 72 49 id
600 2079 84 49 est
648 2079 72 49 in
684 2079 132 49 propria
780 2079 168 49 existentia
911 2079 84 49 vel
947 2079 48 49 in

204 2125 130 45 proprio
299 2125 130 45 genere:
393 2125 177 45 Respondetur
535 2125 142 45 secundum
641 2125 106 45 Guil.
712 2125 71 45 e.
747 2125 83 45 di.
794 2125 118 45 xxxvi.
877 2125 83 45 per
912 2125 71 45 con-

211 2169 180 44 clusionem
349 2169 111 44 quod
418 2169 111 44 sic.
488 2169 166 44 Probatur
612 2169 97 44 per
667 2169 124 44 Augu.
750 2169 83 44 v.
792 2169 124 44 super
874 2169 111 44 Gen.
930 2169 55 44 ad

204 2198 100 62 lit.
266 2198 125 62 dicit.
353 2198 87 62 sic
403 2198 112 62 Omnia
478 2198 162 62 priusquam
603 2198 137 62 fierent
702 2198 100 62 erat
765 2198 75 62 in
802 2198 137 62 noticia
889 2198 100 62 facien

205 2249 103 52 tis
264 2249 88 52 Et
308 2249 147 52 vtique
411 2249 103 52 ibi
470 2249 162 52 meliora
588 2249 103 52 vbi
647 2249 162 52 eterna:
765 2249 103 52 vbi
824 2249 162 52 veriora
927 2249 59 52 et

204 2292 291 45 incommutabilia.
449 2292 107 45 Hec
510 2292 123 45 ille
587 2292 107 45 Hoc
648 2292 123 45 idem
725 2292 184 45 probatur
847 2292 138 45 Secundo

205 2335 165 46 ratione.
329 2335 110 46 quia
398 2335 165 46 nobilius
522 2335 96 46 est
577 2335 96 46 res
632 2335 96 46 vbi
687 2335 124 46 habet
770 2335 110 46 esse
839 2335 151 46 diuinum
935 2335 55 46 et

205 2378 135 42 extat
295 2378 120 42 deus
370 2378 120 42 quam
445 2378 105 42 vbi
505 2378 135 42 extat
595 2378 120 42 pura
671 2378 195 42 creatura.
821 2378 105 42 Sed
881 2378 90 42 in
911 2378 75 42 deo

205 2416 145 49 creatura
314 2416 85 49 est
362 2416 97 49 deus
423 2416 73 49 vt
459 2416 109 49 patet
532 2416 194 49 praecedenti.
689 2416 73 49 §.
726 2416 85 49 xv.
774 2416 85 49 per
823 2416 157 49 Anselmus.
932 2416 48 49 in

206 2460 140 50 monol.
304 2460 140 50 dicit.
402 2460 168 50 Creatura
528 2460 84 50 in
570 2460 182 50 creatore:
710 2460 98 50 est
766 2460 168 50 creatrix
878 2460 112 50 essen-

200 2503 134 47 tia.
284 2503 117 47 Sed
351 2503 100 47 in
401 2503 167 47 genere
518 2503 184 47 proprio
652 2503 117 47 est
719 2503 134 47 pura
802 2503 184 47 vanitas
919 2503 67 47 Ec

200 2544 235 51 clesiastes
385 2544 101 51 i.
435 2544 218 51 Uanitatum
603 2544 185 51 vanitas
737 2544 101 51 et
788 2544 151 51 omnia
872 2544 117 51 vani-

213 2583 132 51 tas.
295 2583 132 51 ergo
377 2583 132 51 etc.
459 2583 82 51 ¶
492 2583 99 51 Si
542 2583 214 51 arguatur.
706 2583 132 51 Quia
789 2583 115 51 res
854 2583 99 51 in
887 2583 99 51 pro-

215 2627 113 47 prio
285 2627 141 47 genere
384 2627 99 47 vel
441 2627 198 47 existentia
596 2627 99 47 est
652 2627 169 47 secundum
779 2627 169 47 propriam
892 2627 99 47 enti-

202 2670 168 44 titatem
324 2670 92 44 et
370 2670 198 44 essentiam
522 2670 92 44 et
568 2670 214 44 singularem
736 2670 229 44 realitatem.
904 2670 76 44 Sed

204 2710 74 60 in
241 2710 86 60 deo
290 2710 86 60 est
339 2710 110 60 solum
412 2710 147 60 secundum
523 2710 110 60 quid.
596 2710 147 60 scilicet
707 2710 147 60 secundum
805 2710 196 60 similitudinem.

1054 284 117 65 vel
1121 284 151 65 ideam
1222 284 117 65 que
1289 284 117 65 est
1356 284 218 65 respectus
1524 284 218 65 rationis.
1691 284 117 65 Sed
1741 284 101 65 veri

1047 344 91 49 us
1092 344 106 49 est
1153 344 106 49 res
1214 344 106 49 vbi
1274 344 106 49 est
1335 344 121 49 peri
1411 344 121 49 suam
1487 344 197 49 essentiam
1639 344 121 49 quam
1715 344 106 49 vbi
1760 344 76 49 est

1058 386 118 51 per
1126 386 135 51 suam
1210 386 287 51 similitudinem
1446 386 135 51 ergo
1530 386 118 51 res
1598 386 169 51 verius
1716 386 118 51 est
1767 386 67 51 in

1042 426 95 55 se.
1097 426 68 55 ¶
1124 426 163 55 Dicendum
1246 426 122 55 licet
1327 426 203 55 Philosophus
1489 426 122 55 libro
1571 426 81 55 de
1611 426 122 55 anima
1693 426 108 55 vult
1747 426 81 55 quod

1047 464 137 56 lapis
1138 464 152 56 verius
1244 464 106 56 est
1305 464 137 56 extra
1396 464 152 56 animam
1502 464 121 56 quod
1578 464 91 56 in
1624 464 137 56 anima
1699 464 137 56 tantum:

1054 509 118 54 quia
1128 509 133 54 lapis
1217 509 104 54 non
1276 509 104 54 est
1335 509 89 54 in
1380 509 133 54 anima
1468 509 104 54 sed
1527 509 148 54 tantum
1631 509 163 54 species
1734 509 104 54 lapi-

1050 554 124 44 dis.
1128 554 124 44 Unde
1206 554 109 44 ibi
1268 554 109 44 non
1330 554 233 44 attribuitur
1517 554 124 44 ipsi
1594 554 155 44 lapidi
1688 554 155 44 operatio

1062 592 113 58 vel
1126 592 226 58 proprietas
1304 592 194 58 propria.
1449 592 129 58 Quia
1530 592 145 58 lapis
1626 592 97 58 in
1675 592 145 58 anima
1755 592 81 58 vel

1051 632 108 52 in
1105 632 162 52 oculo
1213 632 126 52 non
1285 632 198 52 mouetur
1429 632 198 52 deorsum
1573 632 126 52 nec
1645 632 180 52 premit
1753 632 90 52 gra

1059 677 149 57 uedine:
1168 677 95 57 nec
1222 677 122 57 ledit
1303 677 108 57 etc.
1370 677 122 57 sicut
1451 677 122 57 facit
1532 677 81 57 in
1573 677 149 57 propria
1681 677 95 57 rei
1721 677 122 57 existen

1055 719 135 54 tia
1132 719 154 54 etc.
1228 719 173 54 Tamen
1343 719 154 54 idem
1439 719 154 54 Guil
1535 719 135 54 cum
1593 719 250 54 Bonauentura

1057 762 133 50 eadem
1146 762 133 50 dist.
1235 762 89 50 q.
1280 762 133 50 iiii.
1369 762 133 50 notat
1458 762 119 50 quod
1532 762 133 50 exquo
1621 762 104 50 res
1680 762 133 50 habet
1754 762 89 50 esse

1052 801 170 57 triplex.
1179 801 170 57 scilicet
1306 801 85 57 In
1349 801 113 57 deo.
1419 801 85 57 In
1462 801 141 57 anima.
1561 801 85 57 et
1603 801 85 57 in
1645 801 127 57 mundo
1716 801 113 57 sensi-

1051 841 149 53 bili.
1151 841 182 53 Ideoque
1283 841 99 53 si
1333 841 232 53 comparatur
1515 841 116 53 res
1581 841 99 53 ad
1631 841 182 53 seipsam
1747 841 99 53 tunc

1060 892 115 55 pene
1132 892 202 55 conceditur
1290 892 115 55 quod
1362 892 86 55 in
1406 892 144 55 seipsa
1506 892 144 55 verius
1607 892 130 55 habet
1694 892 115 55 esse
1752 892 86 55 quam

1055 927 98 57 in
1104 927 245 57 cognoscente
1299 927 147 57 anima
1397 927 114 57 vel
1463 927 131 57 deo:
1544 927 131 57 Quia
1626 927 98 57 in
1675 927 147 57 seipa
1756 927 82 57 vel

1046 972 99 49 in
1095 972 181 49 proprio
1226 972 164 49 genere
1341 972 148 49 habet
1440 972 197 49 propriam
1588 972 214 49 entitatem
1735 972 99 49 quam

1049 1017 117 53 non
1116 1017 151 53 habet
1217 1017 168 53 alibi.
1335 1017 101 53 Et
1385 1017 117 53 sic
1452 1017 134 53 bene
1536 1017 201 53 procedit
1670 1017 168 53 argumen-

1047 1058 130 55 tum
1122 1058 112 55 et
1178 1058 260 55 philosophi
1382 1058 205 55 dictum.
1531 1058 112 55 Si
1587 1058 167 55 autem
1680 1058 167 55 compara

1047 1101 115 49 tur
1112 1101 115 49 res
1178 1101 98 49 ad
1227 1101 279 49 similitudinem
1457 1101 131 49 suam
1539 1101 131 49 quam
1621 1101 148 49 habet
1719 1101 98 49 in
1752 1101 82 49 deo

1056 1145 94 47 vt
1103 1145 110 47 sit
1166 1145 157 47 sensus
1276 1145 236 47 questionis.
1465 1145 126 47 Quid
1543 1145 141 47 habet
1638 1145 126 47 esse
1700 1145 126 47 verius

1057 1185 91 44 et
1102 1185 182 44 nobilius
1239 1185 91 44 an
1284 1185 121 44 ipsa
1360 1185 106 44 res
1420 1185 91 44 in
1466 1185 106 44 se:
1526 1185 106 44 vel
1587 1185 121 44 eius
1647 1185 182 44 similitudo

1040 1228 97 41 in
1088 1228 130 41 deo.
1169 1228 113 41 Sic
1234 1228 243 41 concedendum
1429 1228 113 41 est
1494 1228 243 41 simpliciter
1688 1228 130 41 quod
1753 1228 97 41 simi

1042 1262 149 58 litudo
1147 1262 104 58 rei
1206 1262 90 58 in
1251 1262 104 58 deo
1311 1262 134 58 habet
1400 1262 119 58 esse
1475 1262 149 58 verius
1579 1262 90 58 et
1624 1262 179 58 nobilius
1743 1262 90 58 quam

1050 1306 118 54 ipsa
1124 1306 104 54 res
1183 1306 89 54 in
1228 1306 89 54 se
1272 1306 104 54 vel
1332 1306 89 54 in
1376 1306 148 54 mundo.
1480 1306 104 54 aut
1539 1306 118 54 quam
1613 1306 89 54 in
1657 1306 148 54 anima.
1746 1306 89 54 Quia

1050 1358 204 43 umilitudo
1207 1358 110 43 rei
1270 1358 94 43 in
1317 1358 110 43 deo
1380 1358 110 43 est
1443 1358 157 43 eterna
1553 1358 94 43 et
1600 1358 236 43 immutabilis
1773 1358 63 43 et

1051 1392 100 46 est
1108 1392 128 46 deus.
1193 1392 157 46 ratione
1307 1392 114 46 eius
1379 1392 114 46 quod
1450 1392 100 46 est
1507 1392 86 46 in
1550 1392 100 46 deo
1607 1392 171 46 creatrix
1721 1392 114 46 essen-

1046 1431 118 57 tia
1113 1431 101 57 vt
1164 1431 101 57 in
1214 1431 285 57 precedentibus
1449 1431 168 57 dictum
1567 1431 118 57 est
1634 1431 118 57 per
1684 1431 168 57 Anselmum

1054 1483 90 48 ¶
1090 1483 235 48 Exemplum.
1271 1483 109 48 Si
1325 1483 199 48 lapidis
1470 1483 163 48 imago
1579 1483 145 48 fiat
1669 1483 109 48 ex
1705 1483 127 48 auro:

1051 1523 123 51 tunc
1128 1523 169 51 lapidis
1251 1523 154 51 illius
1358 1523 215 51 similitudo
1527 1523 138 51 habet
1620 1523 123 51 esse
1681 1523 154 51 precio

1052 1558 115 55 sius
1123 1558 115 55 quam
1195 1558 100 55 res
1252 1558 115 55 ipsa
1324 1558 172 55 lapidis.
1453 1558 158 55 Denique
1568 1558 86 55 si
1611 1558 201 55 comparetur
1754 1558 72 55 res

1039 1604 102 50 ad
1090 1604 169 50 animam
1208 1604 288 50 intellectiuam
1446 1604 102 50 in
1496 1604 119 50 qua
1564 1604 119 50 est
1632 1604 119 50 per
1683 1604 152 50 cogniti

1047 1649 135 49 onem
1132 1649 135 49 tunc
1216 1649 169 49 verius
1334 1649 101 49 et
1385 1649 203 49 nobilius
1537 1649 135 49 esse
1621 1649 152 49 habet
1706 1649 135 49 ratio-

1052 1686 86 53 ne
1095 1686 115 53 eius
1167 1686 86 53 in
1210 1686 101 53 quo
1268 1686 101 53 est
1325 1686 86 53 id
1368 1686 101 53 est
1426 1686 158 53 ratione
1541 1686 216 53 intellectus
1714 1686 115 53 quam
1771 1686 58 53 in

1045 1725 106 57 se.
1106 1725 121 57 Quia
1181 1725 106 57 ibi
1242 1725 137 57 habet
1333 1725 121 57 esse
1409 1725 212 57 spirituale
1576 1725 91 57 et
1606 1725 228 57 intellectuale

1044 1769 109 56 sed
1107 1769 94 56 in
1154 1769 172 56 proprio
1278 1769 156 56 genere
1388 1769 109 56 vel
1450 1769 94 56 in
1497 1769 94 56 se
1544 1769 109 56 est
1606 1769 203 56 quandoque
1746 1769 94 56 cor-

1058 1814 158 46 orale.
1169 1814 174 46 Ratione
1296 1814 143 46 autem
1391 1814 127 46 eius
1470 1814 127 46 quod
1549 1814 111 46 est
1612 1814 174 46 verius:
1739 1814 95 46 et
1771 1814 63 46 no

1047 1856 158 54 bilius
1158 1856 127 54 esse
1237 1856 142 54 habet
1332 1856 95 54 in
1379 1856 95 54 se
1427 1856 127 54 quia
1506 1856 111 54 est
1569 1856 237 54 substantia.
1759 1856 111 54 Sed

1052 1896 85 64 in
1094 1896 128 64 anima
1180 1896 128 64 habet
1265 1896 114 64 esse
1336 1896 228 64 accidentale.
1521 1896 85 64 et
1564 1896 100 64 sic
1621 1896 128 64 patet
1706 1896 114 64 etc.
1763 1896 71 64 Hec

1042 1937 170 52 Guill.
1161 1937 119 52 cum
1229 1937 204 52 Bonauen.
1383 1937 102 52 et
1434 1937 136 52 Tho.
1502 1937 153 52 concor.

1098 1978 118 75 ¶
1145 1978 188 75 Quod
1262 1978 165 75 est
1356 1978 212 75 inter
1497 1978 212 75 omnes
1638 1978 165 75 res
1709 1978 118 75 cre

1043 2046 127 49 atas
1122 2046 285 49 perfectissimum
1360 2046 95 49 et
1407 2046 127 49 quod
1486 2046 332 49 imperfectissimum:
1755 2046 79 49 Re-

1047 2081 196 55 spondetur
1198 2081 181 55 secundum
1333 2081 151 55 Guill.
1439 2081 151 55 supra.
1545 2081 106 55 per
1605 2081 136 55 illud
1680 2081 151 55 Augusti-

1044 2127 107 52 ni
1098 2127 143 52 lib.
1187 2127 196 52 confel.
1330 2127 89 52 O
1365 2127 178 52 domine
1490 2127 125 52 duo
1561 2127 232 52 formasti.
1722 2127 107 52 Unum

1041 2171 113 48 ppe
1105 2171 113 48 te.
1170 2171 145 48 Aliud
1267 2171 145 48 prope
1364 2171 161 48 nihil.
1477 2171 145 48 Prope
1574 2171 97 48 te
1622 2171 178 48 naturam
1735 2171 97 48 ange

1049 2217 172 54 licam.
1169 2217 155 54 Prope
1272 2217 155 54 nihil
1376 2217 206 54 materiam
1531 2217 189 54 primam.
1668 2217 120 54 Hec
1720 2217 103 54 ille

1089 2278 120 103 ¶
1137 2278 144 103 An
1209 2278 216 103 omnes
1353 2278 168 103 res
1449 2278 168 103 que
1544 2278 192 103 sunt
1664 2278 144 103 in
1712 2278 120 103 deo

1037 2344 125 77 sint
1115 2344 125 77 vita
1193 2344 93 77 et
1240 2344 125 77 lux.
1318 2344 125 77 Uide
1396 2344 109 77 vbi
1458 2344 140 77 Uita.
1552 2344 140 77 plura
1630 2344 93 77 ibi.

1057 2422 162 91 Item
1158 2422 223 91 quomodo
1321 2422 122 91 in
1382 2422 223 91 omnibus
1544 2422 183 91 rebus
1645 2422 183 91 dicitur

1048 2493 139 71 esse
1135 2493 156 71 deus.
1239 2493 139 71 Uide
1326 2493 122 71 vbi
1378 2493 139 71 Tocus.

1170 2539 498 98 Cuelatio.
1553 2539 230 98 de
1630 2539 191 98 hoc

1209 2621 93 59 an
1256 2621 156 59 possit
1365 2621 156 59 alicui
1474 2621 187 59 reuelari
1614 2621 78 59 a
1645 2621 109 59 deo
1707 2621 109 59 vel
1754 2621 78 59 an-

1202 2681 142 60 gelo.
1297 2681 126 60 suus
1376 2681 142 60 casus
1471 2681 95 60 et
1518 2681 190 60 damnatio
1660 2681 111 60 vel
1708 2681 126 60 repro-

1031 2714 161 60 batio.
1144 2714 129 60 Uide
1224 2714 113 60 vbi
1289 2714 258 60 Prescientia.
1498 2714 97 60 §.
1530 2714 113 60 xxii.
