2252 3304
189 293 205 69 increata.
347 293 173 69 Secunda
473 293 158 69 creata
583 293 95 69 vt
631 293 110 69 est
694 293 158 69 humana
804 293 95 69 et
835 293 158 69 angelica

191 355 186 47 Sapientia
334 355 143 47 diuina
434 355 186 47 accipitur
577 355 215 47 dupliciter.
749 355 100 47 Uno
806 355 114 47 modo
863 355 129 47 essenti

204 390 135 60 aliter.
302 390 98 60 Alio
363 390 98 60 modo
424 390 208 60 personaliter.
596 390 208 60 Essentialiter
767 390 159 60 sapientia
889 390 73 60 in
914 390 61 60 dec

198 434 98 54 idem
259 434 86 54 est
308 434 98 54 quod
369 434 147 54 essentia
479 434 134 54 diuina.
577 434 196 54 Personaliter
736 434 86 54 aut
784 434 134 54 proprie
870 434 110 54 dicitur

192 477 151 55 sapientia
308 477 127 55 genita:
401 477 69 55 et
436 477 81 55 est
482 477 93 55 idem
540 477 93 55 quod
598 477 116 55 verbum
679 477 127 55 diuinum
772 477 69 55 et
806 477 81 55 per
841 477 139 55 consequens

202 524 90 50 est
254 524 116 50 filii
331 524 90 50 dei
383 524 168 50 proprium.
512 524 77 50 Et
550 524 142 50 eiusdem
654 524 116 50 filii
731 524 181 50 attributum
873 524 90 50 seu
912 524 64 50 ap-

195 560 155 53 propatum
312 560 91 53 est
363 560 168 53 sapientia
493 560 220 53 essentialiter
674 560 129 53 dicta.
765 560 117 53 Sicut
830 560 142 53 attributi

199 606 138 54 patris
296 606 97 54 est
351 606 165 54 potentia
475 606 83 54 vt
516 606 138 54 patuit
613 606 124 54 supra
696 606 97 54 vbi
751 606 165 54 Proprie.
875 606 83 54 ยง.
902 606 83 54 xvii

192 646 125 51 xviii.
280 646 100 51 xix.
343 646 75 51 De
381 646 100 51 ista
443 646 163 51 sapientia
569 646 125 51 diuina
657 646 138 51 dicitur
757 646 88 51 Ecc
807 646 63 51 i
832 646 75 51 i.
870 646 113 51 Omnis
933 646 50 51 sa

198 685 142 56 pientia
301 685 77 56 id
340 685 90 56 est
391 685 129 56 filius
481 685 90 56 dei
533 685 116 56 cuius
610 685 154 56 proprium
726 685 90 56 est
777 685 103 56 esse
829 685 154 56 sapientiam

206 733 93 50 dei
259 733 160 50 genitam.
379 733 80 50 et
418 733 106 50 eius
485 733 226 50 appropriatum:
671 733 173 50 sapientia
804 733 106 50 est:
857 733 133 50 essentia

192 770 135 49 liter
282 770 135 49 dicta
372 770 105 49 vel
432 770 195 49 ingenita.
582 770 120 49 Item
658 770 165 49 dicitur
778 770 135 49 etiam
868 770 105 49 cum
913 770 75 49 hoc

189 813 126 46 filius
278 813 89 46 dei
328 813 114 46 Omnis
404 813 177 46 sapientia:
543 813 101 46 quia
607 813 152 46 contimet
720 813 228 46 supereminenter
897 813 89 46 omnes

194 856 141 55 modos
288 856 94 55 et
335 856 235 55 altitudines
523 856 94 55 et
570 856 188 55 noticias
711 856 157 55 create
805 856 172 55 sapientie

212 895 88 50 Hec
263 895 139 50 inquit.
364 895 88 50 Ois
415 895 164 50 sapientia
541 895 63 50 a
566 895 126 50 domino
655 895 88 50 deo
705 895 88 50 est
756 895 76 50 id
794 895 88 50 est
844 895 152 50 procedit
945 895 38 50 a

194 942 89 54 deo
245 942 115 54 patre
322 942 166 54 distincta
450 942 77 54 in
488 942 153 54 persona.
603 942 77 54 Et
642 942 89 54 cum
693 942 102 54 illo
757 942 102 54 fuit
821 942 128 54 semper
897 942 77 54 scic

192 975 199 53 indistincta
351 975 79 53 in
390 975 172 53 essentia.
523 975 79 53 et
563 975 93 53 est
615 975 106 53 ante
682 975 106 53 euum
748 975 79 53 id
788 975 93 53 est
827 975 146 53 abseterno

205 1023 81 52 In
246 1023 95 52 hoc
300 1023 109 52 ergo
368 1023 122 52 ondit
450 1023 109 52 quod
518 1023 136 52 istius
613 1023 176 52 sapientie
748 1023 136 52 divine
843 1023 95 52 est
884 1023 95 52 emana

195 1069 105 46 tio
255 1069 135 46 prima
345 1069 195 46 interior.
495 1069 120 46 puta
570 1069 195 46 generatio
719 1069 135 46 verbi
809 1069 105 46 dei
869 1069 105 46 vel
914 1069 60 46 fi

204 1103 94 55 lii
257 1103 67 55 a
284 1103 121 55 patre
365 1103 81 55 ab
405 1103 148 55 eterno.
512 1103 107 55 quia
579 1103 107 55 ante
646 1103 174 55 euum(quod
781 1103 94 55 est
834 1103 148 55 mensura
928 1103 54 55 es

200 1150 85 55 se
242 1150 298 55 incorruptibilium)
497 1150 99 55 non
554 1150 99 55 est
611 1150 156 55 mensura
724 1150 113 55 alia
795 1150 113 55 nisi
852 1150 128 55 eterni-

192 1197 98 47 tas.
253 1197 74 47 Et
290 1197 135 47 secunda
389 1197 148 47 emanatio
499 1197 148 47 scilicet
610 1197 148 47 exterior
721 1197 86 47 est
770 1197 123 47 ipsius
844 1197 135 47 sapientie

181 1242 135 49 diuine
276 1242 95 49 qua
330 1242 216 49 communicatur
506 1242 176 49 creaturis
641 1242 108 49 eius
709 1242 162 49 effectus
830 1242 81 49 Et
871 1242 95 49 hoc
911 1242 68 49 est

186 1281 103 48 quod
251 1281 129 48 postea
341 1281 155 48 subditur
457 1281 116 48 infra
535 1281 129 48 ibidem
625 1281 103 48 Fons
690 1281 168 48 sapientie
819 1281 155 48 scilicet
922 1281 52 48 ex

184 1324 107 40 quo
245 1324 137 40 fonte
336 1324 213 40 deriuantur
504 1324 183 40 effectus
641 1324 198 40 sapientie
793 1324 91 40 in
824 1324 152 40 creaturi

199 1364 82 48 est
246 1364 106 48 ipsum
317 1364 117 48 verbum
399 1364 82 48 dei
445 1364 70 48 in
481 1364 141 48 excelsis
586 1364 70 48 id
621 1364 82 48 est
668 1364 117 48 filius
750 1364 94 48 dei:
809 1364 94 48 quod
867 1364 94 48 idem
914 1364 59 48 est

187 1408 97 48 cum
242 1408 180 48 sapientia
381 1408 138 48 genita
477 1408 138 48 Addit:
574 1408 83 48 in
616 1408 180 48 excelsis:
754 1408 111 48 quia
823 1408 124 48 primo
892 1408 83 48 fuit

193 1448 205 54 communicata
357 1448 177 54 sapientia
494 1448 150 54 angelis
603 1448 82 54 in
644 1448 109 54 celo
712 1448 136 54 postea
807 1448 123 54 aliis
876 1448 96 54 crea-

181 1494 143 52 aturis
281 1494 128 52 vicem
366 1494 171 52 homnibus
495 1494 86 52 Ex
538 1494 128 52 istis
623 1494 128 52 patet
709 1494 200 52 distinctio
852 1494 128 52 sapien-

179 1534 113 57 tie:
250 1534 113 57 quia
320 1534 141 57 quedam
419 1534 99 57 est
476 1534 212 57 essentialis
646 1534 156 57 diuina:
759 1534 141 57 quedam
844 1534 127 57 persona

186 1570 105 55 lis
246 1570 90 55 et
291 1570 165 55 genita:
412 1570 150 55 quedam
517 1570 150 55 creata
622 1570 196 55 angelica.
772 1570 90 55 et
818 1570 150 55 quedam
908 1570 75 55 hu-

192 1618 127 63 mana
272 1618 127 63 etc.
351 1618 95 63 Et
399 1618 111 63 hec
462 1618 206 63 sapientia
621 1618 159 63 creata
732 1618 159 63 emanat
843 1618 79 63 a
859 1618 111 63 diui-

188 1656 87 60 na
218 1656 87 60 etc.

385 1741 395 109 Apientia
649 1741 329 109 secundo.

402 1839 119 43 vicem
481 1839 132 43 diuina
574 1839 211 43 specialiter.
745 1839 119 43 Utrum
825 1839 106 43 deus
878 1839 93 43 pater

407 1879 94 56 sit
460 1879 147 56 sapiens
567 1879 174 56 sapientia
701 1879 120 56 eadem
781 1879 107 56 quam
848 1879 120 56 sapit
915 1879 53 56 fi

195 1895 104 75 lius.
265 1895 174 75 Respondetur
404 1895 139 75 secundum
508 1895 150 75 magistrum
623 1895 69 75 in
658 1895 104 75 primo
728 1895 81 75 di.
774 1895 116 75 xxxii.
855 1895 116 75 dicit.
924 1895 58 75 sic

205 1958 75 57 Una
248 1958 75 57 est
291 1958 140 57 sapientia
399 1958 107 57 patris
474 1958 64 57 et
506 1958 97 57 filii
571 1958 64 57 et
603 1958 129 57 spiritus
700 1958 118 57 sancti:
786 1958 97 57 sicut
850 1958 75 57 vna
893 1958 75 57 est
925 1958 54 57 es-

189 2001 164 59 sentia.
308 2001 119 59 quia
382 2001 193 59 sapientia
531 2001 89 59 in
576 2001 149 59 diuine
680 2001 149 59 nature
769 2001 208 59 simplicitate

197 2047 93 50 est
250 2047 107 50 idem
317 2047 107 50 quod
383 2047 173 50 essentia.
517 2047 80 50 Et
557 2047 133 50 infra.
650 2047 93 50 ca.
703 2047 93 50 se.
757 2047 120 50 dicit
823 2047 147 50 allegando

192 2087 149 50 Hilarium
304 2087 100 50 quod
366 2087 112 50 sicut
441 2087 125 50 filius
528 2087 87 50 per
578 2087 75 50 se
615 2087 100 50 agit
677 2087 87 50 Sed
727 2087 87 50 non
777 2087 62 50 a
802 2087 75 50 se
839 2087 87 50 vel
889 2087 75 50 de
914 2087 62 50 se.

203 2129 91 55 Ita
255 2129 131 55 filius
347 2129 117 55 debet
425 2129 104 55 dici
490 2129 144 55 sapiens
595 2129 91 55 per
647 2129 78 55 se
686 2129 91 55 sed
738 2129 91 55 non
790 2129 65 55 a
816 2129 91 55 se.
856 2129 117 55 similie

196 2167 146 61 spiritus
306 2167 146 61 sanctus.
415 2167 110 61 Pater
488 2167 110 61 autem
562 2167 85 61 per
610 2167 73 61 se
647 2167 73 61 et
683 2167 61 61 a
708 2167 85 61 se.
757 2167 146 61 Probatio
854 2167 122 61 secundum

189 2219 110 50 Fran.
262 2219 74 50 e.
299 2219 86 50 di.
348 2219 86 50 est
397 2219 98 50 quia
458 2219 74 50 si
495 2219 98 50 alia
556 2219 110 50 esset
630 2219 159 50 sapientia
752 2219 123 50 patris
838 2219 74 50 et
875 2219 98 50 alia
924 2219 49 50 fi

193 2258 99 47 lii.
254 2258 99 47 tunc
316 2258 173 47 sequeretur
452 2258 99 47 quod
513 2258 123 47 neutra
600 2258 136 47 diceret
699 2258 197 47 perfectionem
847 2258 123 47 simplici

190 2304 109 42 ter:
259 2304 109 42 quia
327 2304 96 42 non
381 2304 123 42 esset
463 2304 82 42 in
504 2304 136 42 altero
600 2304 218 42 suppositorum
764 2304 218 42 perfectissimo.

194 2337 98 54 Uel
250 2337 84 54 si
292 2337 154 54 diceret
403 2337 112 54 tunc
473 2337 182 54 supposito
613 2337 237 54 perfectissimo
808 2337 140 54 alteri
892 2337 84 54 ali-

179 2384 89 50 qua
230 2384 166 50 perfectio
358 2384 192 50 simpliciter
511 2384 179 50 deficeret:
652 2384 102 50 ergo
716 2384 115 50 pater
792 2384 77 50 et
831 2384 128 50 filius
907 2384 64 50 sa-

180 2429 151 46 piunt
281 2429 151 46 eadem
381 2429 168 46 numero
499 2429 218 46 sapientia
666 2429 184 46 penitus
800 2429 151 46 sicut
884 2429 84 46 ea-

181 2469 101 49 dem
238 2469 101 49 est
296 2469 173 49 essentia
426 2469 72 49 ยถ
455 2469 87 49 Si
498 2469 159 49 quaras.
613 2469 159 49 Quomodo
729 2469 115 49 ergo
801 2469 130 49 eadem
873 2469 101 49 nume-

186 2510 96 48 ro
234 2510 208 48 sapientia
394 2510 176 48 dicitur
522 2510 160 48 genita
634 2510 96 48 et
682 2510 192 48 ingenita
826 2510 112 48 cum
874 2510 96 48 omne

176 2554 185 48 genitum
310 2554 117 48 est
378 2554 201 48 realiter
529 2554 235 48 distinctum
713 2554 84 48 a
747 2554 218 48 generante
898 2554 67 48 vi

193 2598 111 51 dicit
267 2598 173 51 Augustinus
403 2598 185 51 Respondetur
551 2598 148 51 secundum
662 2598 124 51 Guill.
749 2598 74 51 e.
786 2598 111 51 dist.
860 2598 99 51 quod
909 2598 62 51 per

187 2633 106 54 hoc
247 2633 121 54 quod
323 2633 166 54 dicitur
444 2633 196 54 sapientia
595 2633 151 54 genita
700 2633 91 54 et
745 2633 196 54 sapientia
881 2633 106 54 inge-

175 2683 137 40 nita
260 2683 120 40 non
329 2683 188 40 ponitur
465 2683 188 40 diuersa
602 2683 239 40 sapientia.
790 2683 154 40 Eadem
876 2683 85 40 eni

177 2722 109 65 est
240 2722 156 65 numero
349 2722 202 65 sapientia
504 2722 109 65 qua
566 2722 140 65 pater
660 2722 109 65 est
722 2722 187 65 sapiens:
862 2722 93 65 et
893 2722 78 65 fi

1042 301 116 62 lius
1115 301 102 62 est
1173 301 160 62 sapiens
1289 301 87 62 et
1333 301 174 62 spiritus
1463 301 160 62 sanctus
1579 301 102 62 est
1637 301 174 62 sapiens.
1753 301 73 62 sed

1045 358 103 54 per
1104 358 148 54 genita
1208 358 89 54 et
1252 358 192 54 ingenitam
1399 358 236 54 appropriatur
1591 358 103 54 aut
1650 358 133 54 patri
1739 358 103 54 aut
1783 358 59 54 fi

1030 395 150 49 lio.
1124 395 131 49 Hec
1180 395 112 49 Guil

1097 430 108 86 ยถ
1141 430 130 86 An
1206 430 174 86 ista
1314 430 282 86 sapientia
1531 430 152 86 qua
1618 430 174 86 tota
1705 430 130 86 tri-

1052 508 118 47 nitas
1130 508 92 47 est
1183 508 144 47 sapiens
1287 508 92 47 sit
1340 508 170 47 ingenita:
1471 508 196 47 Respondetur
1628 508 157 47 secundum
1732 508 105 47 Franc.

1043 546 115 57 maro.
1120 546 77 57 e.
1158 546 89 57 di.
1209 546 128 57 xxxii.
1298 546 77 57 q.
1337 546 115 57 iiii.
1413 546 102 57 quod
1477 546 179 57 accipiendo
1617 546 179 57 sapientiam
1745 546 89 57 illam

1049 583 151 56 secundum
1163 583 88 56 se.
1213 583 88 56 qua
1264 583 113 56 pater
1339 583 76 56 et
1377 583 126 56 filius
1465 583 88 56 est
1516 583 139 56 sapiens
1617 583 76 56 et
1655 583 101 56 tota
1705 583 126 56 trinitas

1047 625 105 65 ipsa
1112 625 91 65 est
1165 625 157 65 ingenita
1282 625 118 65 Ratio
1361 625 105 65 quia
1426 625 105 65 omne
1491 625 118 65 illud
1570 625 105 65 quod
1635 625 170 65 praeuenit
1753 625 91 65 actum

1049 675 183 52 generandi
1190 675 84 52 in
1232 675 141 52 diuins
1330 675 99 52 est
1387 675 183 52 ingenitum
1527 675 99 52 Sed
1584 675 183 52 sapientia
1724 675 99 52 cum
1767 675 70 52 sit

1051 720 184 53 perfectio
1192 720 212 53 essentialis
1362 720 99 53 por
1419 720 99 53 est
1475 720 85 53 et
1518 720 170 53 prauenit
1631 720 198 53 generationem

1039 760 150 50 actiuam
1149 760 109 50 quae
1217 760 96 50 est
1271 760 191 50 proprietas
1422 760 191 50 personalis
1572 760 82 50 eo
1613 760 109 50 modo
1681 760 96 50 quo
1722 760 109 50 essen-

1046 800 130 51 tialia
1137 800 104 51 sunt
1202 800 130 51 priora
1293 800 208 51 personalibus
1461 800 156 51 secundum
1578 800 104 51 Dio.
1643 800 78 51 c.
1682 800 78 51 de
1721 800 117 51 vnica
1786 800 52 51 et

1056 843 168 58 distincta
1185 843 181 58 theologia.
1327 843 103 58 ergo
1392 843 168 58 sapientia
1521 843 103 58 ista
1586 843 90 58 est
1637 843 168 58 ingenita.
1754 843 77 58 Item

1055 879 107 58 quia
1122 879 107 58 ista
1189 879 174 58 sapientia
1323 879 94 58 qua
1376 879 107 58 tota
1443 879 161 58 trinitas
1564 879 94 58 est
1618 879 147 58 sapiens
1725 879 94 58 est
1765 879 67 58 in-

1050 933 173 60 distincta
1182 933 66 60 a
1209 933 119 60 patre
1289 933 80 60 et
1328 933 119 60 pater
1408 933 93 60 est
1461 933 186 60 ingenitus.
1607 933 106 60 ergo
1673 933 80 60 et
1700 933 146 60 sapientia

1052 965 111 65 ista
1122 965 97 65 est
1177 965 167 65 ingenita
1303 965 167 65 capiendo
1428 965 181 65 ingenitum
1553 965 181 65 communiter.

1086 1005 119 83 ยถ
1134 1005 215 83 Utrum
1277 1005 191 83 deus
1396 1005 215 83 pater
1540 1005 167 83 sit
1611 1005 215 83 sapiens

1041 1067 151 51 sapeia
1146 1067 166 51 genita:
1267 1067 75 51 ยถ
1297 1067 136 51 Circa
1388 1067 136 51 istam
1478 1067 226 51 questionem.
1659 1067 136 51 Primo
1734 1067 106 51 prae-

1050 1118 147 51 notandum
1160 1118 86 51 est
1209 1118 147 51 secundum
1320 1118 172 51 Scotorlis.
1455 1118 74 51 e.
1491 1118 98 51 dis.
1553 1118 123 51 xxxii.
1639 1118 74 51 q.
1675 1118 74 51 i.
1712 1118 74 51 Et
1737 1118 98 51 latius

1036 1157 96 53 di.
1091 1157 138 53 xiiii.
1188 1157 83 53 e.
1229 1157 138 53 primi.
1325 1157 83 53 q.
1367 1157 83 53 ii
1408 1157 110 53 quod
1477 1157 83 53 in
1518 1157 151 53 diuinis
1628 1157 138 53 aliqua
1725 1157 110 53 sunt
1780 1157 55 53 pu

1043 1195 84 61 re
1085 1195 223 61 essentialia.
1266 1195 181 61 videlicet
1405 1195 111 61 illa
1475 1195 98 61 que
1531 1195 181 61 competunt
1670 1195 139 61 tribus
1753 1195 84 61 per-

1041 1239 119 50 sonis
1120 1239 80 50 vt
1160 1239 186 50 sapientia:
1306 1239 173 50 iusticia:
1439 1239 146 50 bonitas
1545 1239 80 50 et
1585 1239 186 50 huiusmodi.
1718 1239 119 50 Secundo

1037 1283 141 56 aliqua
1136 1283 113 56 sunt
1206 1283 113 56 pure
1276 1283 197 56 notionalia
1431 1283 169 56 scilicet
1558 1283 113 56 illa
1629 1283 99 56 que
1685 1283 99 56 non
1727 1283 113 56 compe-

1042 1325 120 47 tunt
1117 1325 150 47 tribus
1222 1325 180 47 personis
1357 1325 105 47 sed
1417 1325 120 47 vni.
1492 1325 90 47 vt
1537 1325 210 47 paternitas
1687 1325 150 47 filiatio

1043 1372 154 46 genitum
1155 1372 84 46 et
1197 1372 196 46 huiusmodi.
1351 1372 140 46 Tertio
1448 1372 140 46 aliqua
1546 1372 112 46 sunt
1616 1372 126 46 mixta
1700 1372 84 46 ex
1728 1372 112 46 essen-

1041 1414 119 47 tiali
1120 1414 80 47 et
1160 1414 186 47 notionali.
1306 1414 80 47 vt
1346 1414 93 47 cum
1399 1414 146 47 dicitur
1505 1414 173 47 sapientia
1638 1414 146 47 genita.
1744 1414 93 47 hoc
1784 1414 53 47 in

1045 1448 120 49 cludit
1129 1448 132 49 aliquod
1225 1448 168 49 essentiale
1357 1448 84 49 cum
1405 1448 132 49 dicitur
1501 1448 168 49 sapientia.
1633 1448 72 49 et
1669 1448 132 49 aliquod
1753 1448 84 49 notio

1047 1497 107 51 nale
1114 1497 94 51 cum
1167 1497 148 51 dicitur
1275 1497 148 51 genita.
1382 1497 174 51 Similiter
1516 1497 94 51 hoc
1570 1497 134 51 verbum
1664 1497 121 51 Mtti:
1744 1497 94 51 est
1784 1497 54 51 mi

1035 1534 132 57 xtum.
1123 1534 117 57 quia
1197 1534 103 57 vno
1256 1534 117 57 modo
1329 1534 132 57 dicit
1417 1534 206 57 relationem
1578 1534 176 57 originis
1711 1534 103 57 que
1755 1534 73 57 con

1036 1583 138 51 uenit
1128 1583 108 51 vni
1189 1583 184 51 persone:
1328 1583 92 51 et
1374 1583 123 51 omne
1451 1583 123 51 tale
1528 1583 108 51 est
1589 1583 215 51 notionale.
1743 1583 92 51 Alio

1030 1621 131 52 modo
1111 1621 147 52 dicit
1209 1621 245 52 habitudinem
1405 1621 98 52 ad
1454 1621 212 52 creaturam
1617 1621 114 52 que
1666 1621 163 52 conuenit

1033 1663 151 62 tribus
1138 1663 181 62 personis
1274 1663 90 62 et
1319 1663 121 62 omne
1395 1663 121 62 tale
1470 1663 106 62 est
1530 1663 226 62 essentiale.
1711 1663 75 62 ยถ
1726 1663 106 62 Secum

1035 1708 76 44 do
1073 1708 76 44 ad
1111 1708 176 44 questionem
1250 1708 202 44 respondendum
1413 1708 88 44 est
1464 1708 151 44 secundum
1577 1708 113 44 docu.
1653 1708 126 44 subti.
1741 1708 76 44 e.
1766 1708 63 44 dic

1029 1748 154 45 xxxii.
1137 1748 108 45 tam
1198 1748 93 45 in
1245 1748 201 45 ordinario
1399 1748 123 45 quam
1476 1748 93 45 in
1522 1748 216 45 reportatis
1677 1748 154 45 parisius

1032 1791 92 45 et
1078 1791 123 45 post
1155 1791 108 45 eum
1216 1791 138 45 Guil.
1308 1791 92 45 ac
1354 1791 215 45 Scotorlis.
1524 1791 169 45 concor.
1647 1791 138 45 Bona.
1723 1791 108 45 Rich.

1042 1834 87 45 et
1086 1834 174 45 Thoiquod
1217 1834 131 45 pater
1304 1834 102 45 non
1362 1834 102 45 est
1420 1834 160 45 sapiens
1536 1834 189 45 sapientia
1681 1834 145 45 genita
1768 1834 58 45 Et

1035 1878 137 51 patet
1126 1878 106 51 per
1187 1878 213 51 Augustinum
1354 1878 137 51 libro
1445 1878 137 51 primo
1536 1878 198 51 Retracta.
1688 1878 91 51 c.
1719 1878 106 51 xxii.

1042 1922 98 44 vbi
1098 1922 98 44 hac
1154 1922 238 44 propositionem
1350 1922 126 44 Pater
1434 1922 98 44 est
1490 1922 154 44 sapiens
1602 1922 182 44 sapientia
1728 1922 98 44 geni-

1031 1962 97 42 ta:
1086 1962 179 42 retractat
1224 1962 110 42 quam
1294 1962 97 42 in.
1349 1962 97 42 vi.
1404 1962 83 42 de
1445 1962 179 42 Trinitate
1583 1962 166 42 dixerat.
1708 1962 110 42 ergo
1763 1962 69 42 hec

1039 2001 161 52 propositio
1165 2001 172 52 simpliciter
1303 2001 80 52 non
1349 2001 80 52 est
1395 2001 172 52 concedenda:
1532 2001 126 52 tamquam
1624 2001 115 52 falsa.
1705 2001 69 52 et
1739 2001 69 52 si
1762 2001 69 52 ali-

1031 2045 127 45 cubi
1110 2045 174 45 legitur
1237 2045 142 45 dicta
1332 2045 95 45 ab
1379 2045 158 45 aliquo
1490 2045 158 45 sancto
1601 2045 111 45 est
1648 2045 190 45 exponenda.

1083 2086 108 43 Huius
1155 2086 144 43 probatio
1263 2086 144 43 secundum
1371 2086 132 43 doctur.
1466 2086 120 43 subti.
1550 2086 120 43 supra.
1634 2086 96 43 est.
1694 2086 96 43 quia
1742 2086 84 43 actus

1033 2129 240 49 essentialis
1225 2129 160 49 nequit
1337 2129 128 49 esse
1417 2129 192 49 alicuius
1560 2129 208 49 suppositi
1704 2129 128 49 mediam

1031 2175 84 45 te
1073 2175 139 45 aliquo
1171 2175 181 45 principio
1310 2175 84 45 vt
1352 2175 112 45 quo:
1422 2175 112 45 nisi
1491 2175 98 45 sit
1547 2175 98 45 Uel
1603 2175 195 45 principium
1742 2175 84 45 for-

1036 2212 121 50 male
1112 2212 136 50 Sicut
1202 2212 212 50 concedimus
1369 2212 136 50 istam
1460 2212 136 50 Pater
1551 2212 106 50 est
1611 2212 167 50 sapiens
1717 2212 106 50 sapi-

1047 2257 109 50 entia
1119 2257 157 50 ingenita.
1240 2257 109 50 Ulies
1313 2257 169 50 principium
1446 2257 181 50 productiuum
1590 2257 109 50 sicut
1663 2257 145 50 magister
1760 2257 60 50 con

1029 2298 139 46 cedit
1121 2298 154 46 istam.
1229 2298 154 46 Filius
1336 2298 108 46 est
1398 2298 169 46 sapiens
1521 2298 200 46 sapientia
1660 2298 169 46 ingenita.

1048 2338 85 55 Uel
1097 2338 85 55 sit
1145 2338 208 55 subautenticum
1316 2338 171 55 principium
1451 2338 134 55 respecu
1548 2338 110 55 talis
1621 2338 122 55 actus.
1707 2338 110 55 sicut
1768 2338 61 55 cum

1032 2379 136 49 dicitur
1130 2379 111 49 pater
1205 2379 111 49 creat
1279 2379 111 49 filio
1353 2379 86 49 vel
1402 2379 86 49 per
1452 2379 123 49 filium
1538 2379 86 49 Sed
1587 2379 99 49 quia
1649 2379 111 49 patri
1723 2379 86 49 nec
1760 2379 62 49 est

1043 2425 218 52 principium
1215 2425 171 52 formale
1339 2425 187 52 sapiendi
1479 2425 202 52 sapientia
1635 2425 171 52 genita.
1744 2425 78 52 nec

1030 2466 232 53 principium
1213 2466 248 53 productiuum
1411 2466 166 53 patris
1527 2466 116 53 nec
1577 2466 248 53 subautenticum

1032 2518 126 43 talis
1116 2518 126 43 actus
1200 2518 211 43 essentialis
1369 2518 112 43 ergo
1439 2518 112 43 etc.
1509 2518 70 43 ยถ
1537 2518 84 43 Si
1579 2518 211 43 obiiciatur.
1734 2518 84 43 quia

1039 2551 180 45 magister
1174 2551 180 45 concedit
1309 2551 120 45 quod
1384 2551 150 45 filius
1490 2551 105 45 est
1550 2551 165 45 sapiens
1655 2551 165 45 sapientia

1025 2595 206 48 ingenita.
1184 2595 127 48 ergo
1263 2595 79 48 a
1295 2595 159 48 simili
1406 2595 143 48 pater
1501 2595 111 48 est
1565 2595 175 48 sapiens
1676 2595 143 48 sapien-

1023 2637 107 52 tia
1084 2637 168 52 genita.
1206 2637 123 52 quia
1283 2637 184 52 videntur
1421 2637 199 52 equaliter
1574 2637 92 52 se
1620 2637 153 52 habere
1712 2637 107 52 pater

1032 2677 77 54 ad
1071 2677 141 54 genitam
1173 2677 179 54 sapientiam
1314 2677 77 54 et
1353 2677 128 54 filius
1442 2677 77 54 ad
1481 2677 167 54 ingenitam
1609 2677 167 54 Respondet
1724 2677 90 54 Guil.

1025 2723 107 67 quod
1092 2723 94 67 non
1145 2723 94 67 est
1199 2723 134 67 simile
1293 2723 107 67 quia
1360 2723 134 67 quando
1454 2723 148 67 dicitur
1562 2723 134 67 filius
1656 2723 94 67 est
1696 2723 121 67 sapiens
