2164 3301
210 296 162 82 catores
328 296 118 82 sine
402 296 118 82 fine
475 296 206 82 deputauit.
637 296 74 82 O
666 296 162 82 quantum
784 296 132 82 odium
872 296 103 82 dei
916 296 74 82 con

219 362 176 51 pecttum
347 362 112 51 pro
411 362 112 51 quo
475 362 128 51 fere
555 362 144 51 totum
652 362 160 51 mundum
748 362 208 51 dissipauit.

239 396 72 56 ¶
267 396 159 56 Secunda
383 396 159 56 veritas
499 396 101 56 vel
557 396 188 56 conclusio
702 396 116 56 Quod
775 396 116 56 deus
833 396 159 56 bendictus

208 440 138 55 suos
294 440 189 55 electos
432 440 103 55 ab
483 440 172 55 eterno
604 440 155 55 summo
707 440 155 55 amore
811 440 189 55 amauit.
931 440 69 55 Et

217 487 184 50 manifeste
358 487 141 50 patet.
457 487 113 50 quia
528 487 99 50 cum
584 487 170 50 diligere
711 487 99 50 est
768 487 127 50 bonum
853 487 127 50 velle
923 487 71 50 di-

217 522 140 61 lecto:
315 522 84 61 vt
357 522 126 61 prius
441 522 140 61 dictum
539 522 112 61 est.
609 522 112 61 Deus
678 522 126 61 autem
762 522 126 61 summa
846 522 112 61 bona
902 522 84 61 vult

210 576 164 49 electis.
333 576 123 49 vicem
415 576 150 49 eternam
524 576 218 49 beatitudinem
701 576 82 49 in
742 576 136 49 ipsius
837 576 123 49 summi
905 576 82 49 boni

217 604 89 65 dei
268 604 141 65 visione
371 604 77 65 et
409 604 179 65 fruitione.
549 604 102 65 ergo
613 604 102 65 etc.
677 604 64 65 ¶
703 604 128 65 Tertia
792 604 102 65 est:
856 604 102 65 quod
907 604 77 65 deus

212 648 127 56 illos
296 648 84 56 ab
338 648 155 56 aeterno
451 648 211 56 praedilexit
620 648 112 56 quos
690 648 169 56 meliores
816 648 155 56 futuros
915 648 70 56 put

218 696 104 51 dit.
283 696 78 51 Et
322 696 117 51 patet
400 696 156 51 expresse
517 696 91 51 per
569 696 169 51 Magistrum
698 696 91 51 vbi
750 696 130 51 supra.
841 696 91 51 Nam
880 696 104 51 quanto

211 741 157 44 aliquos
325 741 142 44 puidit
424 741 114 44 fore
496 741 171 44 meliores
624 741 128 44 tanto
709 741 214 44 praedilexit
866 741 114 44 illos:

215 781 131 60 maiora
307 781 105 60 bona
372 781 144 60 gratiae
477 781 79 60 in
517 781 171 60 praesenti
648 781 79 60 et
687 781 131 60 glorie
779 781 79 60 in
818 781 131 60 futuro
897 781 92 60 ipsis

212 821 163 65 volendo.
334 821 95 65 Sed
389 821 81 65 de
429 821 176 65 huiusmodi
565 821 217 65 inequalitate
741 821 203 65 dilectionis
890 821 95 65 libro

215 857 111 51 ii.
263 857 143 51 agemus.

228 887 104 100 ¶
270 887 146 100 Sed
353 887 312 100 difficultas
603 887 146 100 est
686 887 125 100 Si
748 887 166 100 deus
831 887 146 100 omnes

212 969 137 53 etiam
303 969 182 53 reprobos
440 969 121 53 vult
515 969 182 53 saluari:
652 969 137 53 sicut
743 969 197 53 Apistolus
880 969 106 53 dicit

208 1008 89 55 ¶.
253 1008 134 55 Timo.
342 1008 104 55 ii.
401 1008 104 55 Qui
460 1008 119 55 vult
535 1008 134 55 omnes
624 1008 163 55 homines
743 1008 148 55 saluos
846 1008 134 55 fieri
921 1008 59 55 et

204 1055 75 44 ad
241 1055 175 44 agnitionem
378 1055 162 44 veritatis
503 1055 175 44 peruenire.
640 1055 137 44 Uidetur
740 1055 100 44 ergo
802 1055 100 44 quod
852 1055 112 44 omnibus

204 1096 106 55 etiam
275 1096 141 55 reprobis
381 1096 94 55 vult
440 1096 106 55 bonum
510 1096 141 55 scilicet
616 1096 129 55 salutis
710 1096 129 55 eterne.
804 1096 94 55 ergo
863 1096 71 55 et
887 1096 82 55 omnes

204 1136 116 58 etiam
282 1136 116 58 illos
359 1136 142 58 diligit
462 1136 77 58 et
501 1136 90 58 non
553 1136 116 58 odit.
630 1136 77 58 Et
669 1136 207 58 confirmatur.
837 1136 103 58 quia
889 1136 77 58 deus

200 1180 128 52 etiam
285 1180 213 52 infidelibus
456 1180 85 52 et
499 1180 171 52 reprobis
627 1180 100 52 dat
683 1180 185 52 angelicam
812 1180 156 52 custodiam

200 1216 82 55 Et
241 1216 96 55 hoc
296 1216 96 55 est
351 1216 123 55 valde
433 1216 123 55 bonum
516 1216 82 55 ad
557 1216 151 55 salute.
666 1216 110 55 ergo
735 1216 151 55 videtur
845 1216 110 55 quod
899 1216 69 55 ne-

201 1260 107 54 minem
273 1260 95 54 odit
332 1260 72 54 ab
368 1260 143 54 aeterno.
476 1260 179 54 Respondetur
619 1260 143 54 secundum
726 1260 143 54 Bonauem.
834 1260 119 54 super.
905 1260 60 54 iii

203 1300 76 54 i.
241 1300 89 54 di.
292 1300 114 54 xxxi.
368 1300 114 54 circa
444 1300 164 54 litteram.
570 1300 101 54 quod
633 1300 114 54 sicut
709 1300 152 54 voluntas
823 1300 76 54 in
861 1300 89 54 deo
899 1300 63 54 est

191 1340 121 62 duple
271 1340 161 62 scilicet
392 1340 161 62 voluntas
513 1340 174 62 ancedens:
647 1340 81 62 et
687 1340 161 62 voluntas
795 1340 174 62 consequens:

202 1382 90 60 vt
247 1382 135 60 infra
337 1382 165 60 patebit
457 1382 90 60 de
502 1382 210 60 voluntate.
668 1382 180 60 Uoluntas
803 1382 120 60 vero
863 1382 105 60 ance-

190 1424 118 62 dens
264 1424 103 62 est
323 1424 192 62 solummodo
471 1424 89 62 ex
515 1424 118 62 ipso
589 1424 118 62 deo.
663 1424 103 62 sed
722 1424 177 62 voluntas
841 1424 118 62 conse-

193 1466 142 59 quens
288 1466 158 59 pendet
399 1466 95 59 ex
446 1466 142 59 causa
541 1466 174 59 nostri.
668 1466 111 59 Per
731 1466 127 59 hunc
810 1466 142 59 modum
889 1466 79 59 in-

185 1506 106 63 quit
251 1506 212 63 distinguenda
423 1506 93 63 est
477 1506 159 63 dilectio
596 1506 80 63 in
636 1506 93 63 deo
689 1506 119 63 vicem
768 1506 106 63 quod
835 1506 93 63 est
874 1506 80 63 dile

184 1556 118 47 ctio
258 1556 104 47 dei
317 1556 177 47 secundum
450 1556 118 47 suam
524 1556 207 47 voluntatem
687 1556 222 47 ancedentem.
864 1556 89 47 Et
894 1556 74 47 hac

189 1595 124 59 mnes
267 1595 186 59 diligit.
407 1595 124 59 quia
484 1595 140 59 omnes
577 1595 171 59 saluari
701 1595 140 59 cupit
794 1595 171 59 quantum
903 1595 62 59 ex

176 1633 88 65 se.
227 1633 76 65 Et
265 1633 101 65 alia
328 1633 88 65 est
378 1633 151 65 dilectio
492 1633 151 65 secundum
606 1633 177 65 voluntatem
744 1633 215 65 consequentem.
909 1633 50 65 Et

170 1673 118 66 hac
238 1673 118 66 non
305 1673 152 66 omnes
406 1673 202 66 diligit:
558 1673 118 66 nec
625 1673 152 66 omnes
726 1673 185 66 saluare
844 1673 118 66 vult.

176 1716 109 61 quia
244 1716 95 61 hec
299 1716 163 61 respicit
421 1716 136 61 merita
516 1716 136 61 nostra
611 1716 163 61 finalia.
733 1716 81 61 et
774 1716 95 61 sic
814 1716 136 61 defectus

169 1763 101 60 est
226 1763 87 60 ex
270 1763 130 60 parte
357 1763 159 60 nostri.
472 1763 101 60 Hec
530 1763 188 60 Bonauemn.
675 1763 159 60 Ideoque
791 1763 130 60 patet
863 1763 87 60 quod

172 1801 117 66 deus
245 1801 117 66 odit
318 1801 88 66 ab
362 1801 146 66 eterno
464 1801 175 66 aliquem:
595 1801 102 66 hoc
654 1801 102 66 non
712 1801 102 66 est
770 1801 88 66 ex
814 1801 131 66 parte
887 1801 73 66 dei

171 1838 264 68 principaliter
389 1838 140 68 sicut
482 1838 109 68 nec
544 1838 202 68 obduratio
699 1838 171 68 hominis
823 1838 93 68 in
854 1838 109 68 malo.

167 1890 100 60 sed
224 1890 100 60 est
281 1890 86 60 ex
325 1890 129 60 parte
411 1890 187 60 creature.
554 1890 115 60 quia
626 1890 100 60 non
683 1890 115 60 vult
755 1890 144 60 diligi
856 1890 72 60 a
870 1890 86 60 deo:

165 1926 115 72 sed
230 1926 164 72 odiri:
345 1926 164 72 dumnon
461 1926 132 72 vult
543 1926 197 72 conuerti
691 1926 99 72 ad
740 1926 132 72 deum
822 1926 99 72 vt
855 1926 99 72 depo

167 1969 108 70 neret
239 1969 144 70 peccatum
347 1969 132 70 propter
444 1969 96 70 quod
504 1969 96 70 odit
564 1969 108 70 illum
624 1969 84 70 deus.

323 2030 351 102 pegeli
569 2030 211 102 ad
639 2030 316 102 trinita

335 2107 117 69 tem
402 2107 101 69 et
453 2107 101 69 ad
503 2107 101 69 ea
553 2107 117 69 que
620 2107 134 69 sunt
704 2107 151 69 fidei
788 2107 168 69 mysteria

348 2148 178 68 Quomodo
477 2148 97 68 se
526 2148 178 68 habent:
656 2148 97 68 Et
704 2148 146 68 Primo
801 2148 97 68 de
834 2148 113 68 visi-

151 2181 105 84 one
211 2181 180 84 celesti.
346 2181 165 84 Secundo
466 2181 90 84 de
511 2181 195 84 sensuali.
660 2181 150 84 Tertio
765 2181 90 84 de
795 2181 150 84 intelle

145 2225 107 44 ctuali-

165 2257 122 106 ¶
213 2257 220 106 Utrum
360 2257 245 106 angeli
532 2257 220 106 beati
654 2257 294 106 cognoscant

156 2328 195 77 plenarie
302 2328 162 77 divine
415 2328 227 77 trinitatis
593 2328 97 77 et
642 2328 195 77 vnitatis
772 2328 178 77 sacramen-

145 2378 95 75 tum.
205 2378 107 75 Ratio
276 2378 178 75 quaestionis
418 2378 95 75 est.
478 2378 95 75 quia
537 2378 143 75 Magister
644 2378 71 75 in
680 2378 71 75 i.
715 2378 83 75 li.
763 2378 107 75 dist.
834 2378 131 75 xxxiii.

136 2415 87 78 c.
180 2415 102 78 sed
238 2415 131 78 forte
326 2415 160 78 quires.
442 2415 189 78 allegando
588 2415 175 78 Hilarium
719 2415 131 78 dicit
807 2415 117 78 sic.
865 2415 73 78 Ego

145 2454 117 83 inquit
227 2454 117 83 nescio
310 2454 153 83 (scilicet
427 2454 129 83 quomodo
521 2454 94 83 sint
580 2454 188 83 proprietates
733 2454 70 83 et
768 2454 129 83 persone
862 2454 70 83 in
885 2454 59 83 di-

135 2501 153 74 uinis.
242 2501 107 74 nec
303 2501 184 74 requiro.
441 2501 92 74 et
487 2501 215 74 consolabor
656 2501 107 74 me:
717 2501 107 74 cum
763 2501 184 74 archangeli

132 2539 175 80 nesciunt:
266 2539 135 80 angeli
361 2539 94 80 non
415 2539 189 80 audierunt:
563 2539 135 80 secula
658 2539 94 80 non
712 2539 148 80 tenent:
806 2539 135 80 propheta

133 2586 103 79 non
192 2586 162 79 sensit:
310 2586 177 79 apitolus
443 2586 103 79 non
502 2586 251 79 interrogauit:
708 2586 147 79 filius
811 2586 103 79 dei
856 2586 88 79 ipse

129 2625 112 75 non
193 2625 175 75 edidit.
320 2625 112 75 Non
384 2625 143 75 putet
480 2625 128 75 ergo
559 2625 128 75 homo
639 2625 112 75 sua
687 2625 255 75 intelligentia:

139 2665 218 85 generationis
317 2665 137 85 sacrum
412 2665 123 85 posse
494 2665 178 85 consequi.
631 2665 164 85 Absolute
754 2665 137 85 tamtum
836 2665 109 85 intel-

131 2709 137 98 ligendus
233 2709 80 98 est
279 2709 103 98 pater
347 2709 68 98 et
382 2709 114 98 filius
462 2709 68 98 et
496 2709 137 98 spiritus
599 2709 137 98 sanctus.
701 2709 80 98 Hec
747 2709 68 98 in
781 2709 126 98 littera
861 2709 80 98 supra

1049 313 99 72 Sed
1105 313 85 72 in
1148 313 184 72 oppositum
1289 313 113 72 est.
1360 313 113 72 quia
1430 313 141 72 angeli
1529 313 127 72 beati
1614 313 141 72 vident
1713 313 127 72 clare
1783 313 57 72 de

1053 371 81 58 um:
1100 371 69 58 et
1134 371 69 58 in
1169 371 81 58 hoc
1215 371 92 58 sunt
1272 371 115 58 beati.
1353 371 92 58 ergo
1410 371 92 58 etc.
1468 371 58 58 ¶
1491 371 173 58 Respondetur
1629 371 92 58 ergo
1687 371 138 58 secundum
1779 371 46 58 Bo

1050 411 121 67 nauem.
1135 411 121 67 ibidem
1220 411 85 67 vbi
1268 411 121 67 supra.
1353 411 73 67 in
1389 411 73 67 q.
1426 411 109 67 circa
1499 411 158 67 litteram.
1620 411 97 67 quod
1680 411 109 67 beati
1741 411 85 67 ange-

1047 456 79 58 li
1086 456 106 58 sunt
1153 456 251 58 comprehensores.
1364 456 145 58 Constat
1470 456 106 58 ergo
1536 456 106 58 quod
1602 456 185 58 cognoscunt
1734 456 93 58 omnia

1040 492 100 64 que
1097 492 114 64 sunt
1168 492 86 64 de
1211 492 200 64 substantia
1368 492 157 64 glorie.
1482 492 100 64 Sed
1539 492 114 64 quia
1610 492 128 64 modus
1681 492 143 64 existen-

1047 539 72 59 di
1083 539 133 59 sanctae
1180 539 169 59 trinitatis
1313 539 72 59 de
1349 539 85 59 qua
1397 539 97 59 nunc
1458 539 85 59 est
1506 539 109 59 fides
1578 539 133 59 nostra:
1675 539 85 59 est
1723 539 72 59 de
1748 539 72 59 sub-

1037 581 156 61 stantia
1150 581 156 61 glorie.
1263 581 113 61 ergo
1334 581 113 61 nota
1405 581 99 61 est
1461 581 170 61 trinitas
1589 581 156 61 angelis
1702 581 127 61 ipsis
1772 581 57 61 be

1046 626 121 60 atis.
1126 626 81 60 et
1167 626 121 60 etiam
1248 626 108 60 nota
1315 626 108 60 erit
1383 626 121 60 nobis
1464 626 81 60 in
1504 626 148 60 patria.
1612 626 94 60 Est
1666 626 121 60 tamen
1734 626 94 60 incon

1042 666 252 55 prehensibilis
1250 666 193 55 creaturis
1398 666 118 55 quia
1472 666 178 55 immensa.
1605 666 74 55 ¶
1635 666 104 55 Sed
1694 666 89 55 ad
1723 666 104 55 obie-

1029 711 174 51 ctionem
1156 711 206 51 respondet
1314 711 127 51 idem
1393 711 174 51 Bonaue.
1519 711 174 51 ibidem.
1646 711 127 51 quod
1709 711 111 51 sicut

1044 747 177 64 Augustinus
1184 747 76 64 de
1222 747 127 64 trini.
1310 747 127 64 dicit.
1399 747 114 64 Fouea
1475 747 139 64 dicitur
1577 747 114 64 ceca:
1653 747 89 64 non
1703 747 101 64 quod
1754 747 76 64 ipsa

1030 796 153 47 nesciat
1141 796 97 47 vel
1197 796 97 47 non
1253 796 139 47 videat
1350 796 83 47 id
1392 796 111 47 quod
1461 796 125 47 habet
1545 796 83 47 in
1587 796 97 47 se.
1642 796 97 47 sed
1698 796 111 47 quia
1753 796 70 47 il-

1031 830 101 63 lud
1088 830 101 63 non
1146 830 173 63 ostendit
1276 830 144 63 aliis.
1376 830 101 63 Ita
1434 830 144 63 inquit
1535 830 144 63 angeli
1636 830 86 63 et
1679 830 144 63 sancti
1765 830 58 63 di

1033 873 143 61 cuntur
1133 873 171 61 ignorare
1261 873 114 61 Prio
1332 873 157 61 propter
1446 873 100 61 hoc
1503 873 114 61 quod
1575 873 100 61 non
1632 873 171 61 reuelant
1746 873 71 61 ta-

1032 914 106 57 lia.
1098 914 146 57 Secundo
1205 914 106 57 quia
1271 914 173 57 huiusmodi
1404 914 160 57 mysteria
1524 914 186 57 trinitatis
1670 914 93 57 non
1710 914 106 57 habent

1022 956 161 64 simile
1135 956 97 64 in
1183 956 209 64 creatura:
1344 956 113 64 imo
1408 956 145 64 magis
1504 956 225 64 dissimile.
1681 956 129 64 ideo
1746 956 64 64 di

1026 1000 145 60 cuntur
1128 1000 174 60 ignorata
1259 1000 160 60 beatis:
1375 1000 116 60 quia
1447 1000 319 60 incomprehensibilia
1708 1000 102 60 sunt.

1039 1040 103 59 Hec
1098 1040 176 59 Bonauem.
1230 1040 132 59 Sicut
1318 1040 132 59 etiam
1406 1040 176 59 christus
1538 1040 132 59 dicit
1626 1040 88 59 de
1670 1040 117 59 hora
1729 1040 88 59 iudi

1031 1085 89 58 cii
1082 1085 102 58 quod
1146 1085 89 58 nec
1197 1085 128 58 angeli
1286 1085 128 58 sciunt
1376 1085 115 58 neque
1452 1085 128 58 filius
1542 1085 140 58 hominis
1644 1085 102 58 Mar.
1708 1085 115 58 xiii.

1031 1124 100 63 sic
1088 1124 86 63 et
1131 1124 86 63 de
1174 1124 143 63 aliquo
1274 1124 158 63 secreto
1389 1124 158 63 solemus
1504 1124 129 63 loqui
1590 1124 115 63 quod
1662 1124 129 63 illud
1733 1124 72 63 ne-

1015 1167 115 60 scio
1086 1167 144 60 dicere
1187 1167 115 60 etc.
1259 1167 144 60 Tertio
1359 1167 144 60 angeli
1460 1167 86 60 et
1503 1167 129 60 beate
1589 1167 129 60 anime
1660 1167 144 60 dicuntur

1024 1212 161 54 nescire
1141 1212 161 54 diuinam
1258 1212 204 54 trinitatem
1419 1212 175 54 naturali
1550 1212 204 54 cognitione
1710 1212 88 54 ex
1740 1212 58 54 se

1023 1252 118 61 ipsis
1102 1252 79 61 et
1141 1252 237 61 comprehensiue.
1339 1252 92 61 Nam
1391 1252 118 61 licet
1470 1252 118 61 clare
1549 1252 145 61 videant
1641 1252 158 61 trinitatem

1020 1298 235 52 apprehendendo:
1216 1298 78 52 et
1255 1298 105 52 ideo
1320 1298 105 52 sunt
1386 1298 131 52 beati.
1477 1298 118 52 tamen
1556 1298 91 52 non
1608 1298 157 52 naturali
1713 1298 91 52 cogni

1018 1340 133 57 tione
1107 1340 148 57 vident
1210 1340 104 57 nec
1270 1340 89 57 ex
1314 1340 177 57 seipsis:
1447 1340 104 57 sed
1506 1340 251 57 supernaturali
1698 1340 104 57 lumi-

1013 1382 81 52 ne
1054 1382 136 52 glorie
1149 1382 136 52 infuse
1244 1382 95 52 eam
1299 1382 149 52 vident.
1407 1382 95 52 nec
1462 1382 122 52 tamen
1543 1382 231 52 comprehendere
1720 1382 81 52 pos-

1015 1418 108 68 sunt:
1087 1418 84 68 cum
1135 1418 84 68 sit
1182 1418 143 68 infinita
1290 1418 72 68 et
1326 1418 143 68 immensa:
1433 1418 72 68 et
1469 1418 84 68 per
1517 1418 167 68 consequens
1637 1418 167 68 incomprehen-

1023 1459 155 63 sibilis
1136 1459 113 63 vlli
1206 1459 183 63 creature.
1347 1459 99 63 sed
1404 1459 212 63 vnusquisque
1573 1459 99 63 pro
1630 1459 99 63 suo
1672 1459 113 63 merito

1015 1507 125 56 videt
1098 1507 152 56 quantum
1209 1507 97 56 est
1264 1507 125 56 capax
1347 1507 83 56 et
1389 1507 111 56 sibi
1458 1507 180 56 sufficit.
1596 1507 83 56 Et
1638 1507 97 56 sic
1679 1507 111 56 intel-

1019 1548 153 63 igendum
1131 1548 98 63 est
1186 1548 126 63 illud
1270 1548 167 63 Ambrosii
1396 1548 139 63 dictum
1493 1548 112 63 quod
1563 1548 167 63 Magister
1674 1548 126 63 allegat

1006 1586 86 50 in
1049 1586 86 50 i.
1091 1586 100 50 di.
1149 1586 100 50 ix.
1206 1586 214 50 Impossibile
1377 1586 100 50 est
1435 1586 143 50 inquit
1535 1586 143 50 diuine
1620 1586 172 50 generatois

1006 1627 127 62 scire
1091 1627 183 62 secretum.
1232 1627 113 62 Mens
1302 1627 169 62 deficit.
1429 1627 99 62 vox
1486 1627 141 62 silet:
1584 1627 99 62 non
1641 1627 99 62 mea
1683 1627 113 62 tantum

1006 1670 105 59 sed
1066 1670 90 59 et
1111 1670 209 59 angelorum.
1275 1670 135 59 supra
1365 1670 194 59 Patantes:
1515 1670 135 59 supra
1604 1670 180 59 cherubin
1724 1670 60 59 et

1018 1710 168 64 seraphin
1144 1710 84 64 et
1186 1710 126 64 supra
1270 1710 126 64 omnem
1354 1710 140 64 sensum
1451 1710 112 64 est.
1521 1710 98 64 Hec
1577 1710 126 64 ille.
1661 1710 98 64 Cum
1703 1710 84 64 enim

1006 1756 140 61 dicit:
1104 1756 210 61 impossibile
1272 1756 98 61 est
1328 1756 140 61 scire.
1425 1756 182 61 intellige
1565 1756 168 61 naturali
1677 1756 112 61 cogni-

1006 1800 135 57 tione
1096 1800 90 57 et
1126 1800 239 57 comprehensiue.

1077 1838 171 82 Sed
1175 1838 146 82 an
1248 1838 244 82 angeli
1418 1838 146 82 et
1491 1838 219 82 beate
1613 1838 171 82 anime

1007 1900 150 61 cogscat
1117 1900 82 61 de
1158 1900 192 61 existentia
1308 1900 150 61 christi
1418 1900 82 61 in
1459 1900 205 61 eucharistia
1623 1900 82 61 et
1664 1900 82 61 de
1691 1900 96 61 aliis

1012 1943 116 61 omodoi
1094 1943 151 61 articulis
1210 1943 116 61 fidei:
1291 1943 93 61 Tho.
1349 1943 116 61 super.
1431 1943 105 61 iiii.
1500 1943 81 61 di.
1547 1943 70 61 x.
1582 1943 105 61 dicit
1652 1943 93 61 quod
1698 1943 93 61 habent

1011 1985 167 53 plenariam
1140 1985 193 53 cognitionem
1295 1985 129 53 mentis
1385 1985 77 53 de
1423 1985 142 53 omnibus
1526 1985 77 53 de
1565 1985 129 53 quibus
1655 1985 90 53 est
1694 1985 90 53 fides

1007 2029 142 59 quantum
1110 2029 77 59 ad
1149 2029 193 59 cognitionem
1304 2029 77 59 in
1342 2029 116 59 verbo
1420 2029 129 59 diuino
1510 2029 103 59 actu
1575 2029 181 59 beatifico.
1704 2029 77 59 quia

1014 2074 148 55 visioni
1121 2074 189 55 enigmatice
1270 2074 121 55 eorum
1350 2074 94 55 qua
1404 2074 175 55 creduntur
1539 2074 81 55 in
1579 2074 94 55 via
1633 2074 94 55 per
1674 2074 94 55 fidem

1010 2117 152 49 uccedit
1121 2117 124 49 clara
1204 2117 166 49 cognitio
1328 2117 83 49 in
1369 2117 152 49 patria.
1480 2117 111 49 Unde
1549 2117 124 49 sicut
1632 2117 124 49 fides
1701 2117 83 49 cre-

1006 2150 84 62 dit
1054 2150 120 62 corpus
1138 2150 132 62 christi
1233 2150 84 62 sub
1281 2150 144 62 sactero:
1389 2150 84 62 ita
1437 2150 108 62 beati
1509 2150 132 62 vident:
1604 2150 84 62 sed
1652 2150 84 62 non
1688 2150 84 62 natu-

998 2201 109 45 rali
1067 2201 205 45 cognitione:
1231 2201 96 45 sed
1285 2201 191 45 cognitione
1435 2201 82 45 in
1476 2201 123 45 verbo
1558 2201 82 45 in
1599 2201 96 45 quo
1640 2201 137 45 plenarie

996 2243 157 43 cogscunt
1114 2243 157 43 secundum
1231 2243 118 43 Rich.
1310 2243 118 43 etiam
1388 2243 79 43 in
1428 2243 144 43 proprio
1532 2243 131 43 genere
1611 2243 170 43 intelligen-

999 2279 77 52 do
1038 2279 154 52 christum
1154 2279 103 52 esse
1218 2279 77 52 in
1256 2279 142 52 sactro.
1359 2279 103 52 Unde
1424 2279 116 52 Greg.
1501 2279 103 52 Quid
1565 2279 90 52 est
1617 2279 103 52 quod
1681 2279 90 52 non
1720 2279 64 52 vi-

1006 2321 106 51 deant
1077 2321 82 51 qui
1124 2321 141 51 videntem
1229 2321 106 51 omnia
1299 2321 117 51 vident
1381 2321 70 51 Et
1417 2321 82 51 hoc
1463 2321 106 51 verum
1534 2321 94 51 esse
1592 2321 129 51 quomodo
1674 2321 106 51 intelli

1000 2364 137 58 gitur
1091 2364 122 58 vide
1168 2364 137 58 infra
1259 2364 107 58 hoc
1320 2364 92 58 e.
1366 2364 107 58 ca.
1427 2364 76 58 §
1458 2364 137 58 viii.
1549 2364 107 58 Sed
1610 2364 153 58 gratia
1702 2364 76 58 di-

994 2404 145 54 ctorum
1096 2404 145 54 restat
1198 2404 160 54 dubium.
1299 2404 131 54 scilice

1005 2446 129 91 ¶
1057 2446 206 91 Quid
1185 2446 154 91 de
1263 2446 309 91 sensuali
1468 2446 309 91 cognitione

994 2509 83 56 in
1036 2509 152 56 corpore
1146 2509 180 56 glorioso:
1285 2509 208 56 Respondetur
1451 2509 166 56 secundum
1575 2509 194 56 Scotorlis.
1714 2509 55 56 et

1005 2558 133 54 Guill.
1098 2558 146 54 concor.
1204 2558 119 54 Rich.
1283 2558 80 54 et
1323 2558 106 54 Tho.
1389 2558 93 54 in.
1442 2558 119 54 iiii.
1522 2558 106 54 dic.
1588 2558 106 54 quod
1641 2558 119 54 distin-

992 2603 147 48 guendum
1099 2603 120 48 estde
1179 2603 107 48 oclo
1246 2603 161 48 glorioso
1366 2603 80 48 et
1407 2603 94 48 non
1460 2603 174 48 gloriose:
1594 2603 80 48 et
1634 2603 80 48 de
1661 2603 107 48 videre

997 2644 223 49 naturaliter
1175 2644 89 49 et
1220 2644 223 49 miraculose:
1398 2644 89 49 et
1442 2644 193 49 gloriose.
1591 2644 104 49 Aui
1635 2644 134 49 nimirum

998 2685 79 52 ¶
1030 2685 143 52 Primo
1125 2685 95 52 si
1173 2685 95 52 de
1220 2685 190 52 naturali
1363 2685 317 52 visioneloquimur.
1632 2685 111 52 sic
1680 2685 79 52 nec

990 2731 159 50 oculus
1101 2731 223 50 gloriosus:
1276 2731 111 50 nec
1340 2731 111 50 non
1403 2731 191 50 glorious
1546 2731 159 50 potest
1642 2731 127 50 videre
