2307 3307
237 285 156 59 deus
334 285 195 59 omnia.
470 285 136 59 Hec
528 285 117 59 Tho-

226 330 105 78 ¶
268 330 147 78 Sed
352 330 147 78 que
436 330 147 78 est
520 330 294 78 necessaria
751 330 189 78 ratio
856 330 168 78 sciend

252 397 132 54 omnia
340 397 117 54 deo:
413 397 132 54 etiam
501 397 146 54 vilia.
604 397 102 54 cum
662 397 102 54 dei
721 397 176 54 cognitio
853 397 102 54 non
911 397 132 54 esset
984 397 59 54 mi

251 443 99 53 nus
307 443 183 53 perfecta:
448 443 155 53 etiamsi
561 443 99 53 non
617 443 211 53 cognosceret
786 443 113 53 ista
856 443 141 53 vilia.
940 443 99 53 sicut

249 488 77 52 et
288 488 129 52 nostra
378 488 154 52 cognitio
493 488 90 52 non
545 488 141 52 dicitur
648 488 116 52 minus
725 488 167 52 perfecta:
853 488 77 52 si
892 488 90 52 non
930 488 116 52 cogscit

248 531 171 48 pulicem
373 531 109 48 vel
435 531 93 48 mu
481 531 140 48 sacam
574 531 124 48 vnam
652 531 109 48 aut
714 531 171 48 vermen.
838 531 171 48 naxime.
947 531 93 48 quia

257 566 143 53 Hiero.
357 566 86 53 in
399 566 214 53 expositione
571 566 129 53 super
657 566 143 53 Abach.
756 566 86 53 vt
799 566 157 53 allegat
899 566 143 53 magister

247 606 84 57 in
289 606 84 57 i.
331 606 111 57 dis.
400 606 139 57 xxxix.
498 606 139 57 dicit.
595 606 167 57 Absurdum
721 606 98 57 est
776 606 139 57 inquit
874 606 84 57 ad
916 606 98 57 hoc
957 606 98 57 dedu-

244 651 114 57 cere
315 651 100 57 dei
372 651 214 57 maiestatem:
543 651 86 57 vt
586 651 128 57 sciat
672 651 100 57 per
729 651 157 57 momenta
843 651 157 57 singula
943 651 100 57 quae-

245 695 172 52 culices
371 695 220 52 nascantur.
543 695 125 52 quot
622 695 94 52 ve
669 695 220 52 moriantur.
841 695 141 52 quota
920 695 125 52 pulicu

259 742 90 43 et
304 742 180 43 muscarum
439 742 105 43 sit
499 742 210 43 multitudo.
664 742 120 43 quot
739 742 90 43 ve
784 742 150 43 pisces
889 742 150 43 natent
979 742 60 43 in

246 789 128 45 aquis.
336 789 77 45 et
375 789 154 45 similia.
490 789 90 45 Hec
541 789 128 45 Hiero.
631 789 64 45 ¶
657 789 193 45 Respondetur
811 789 154 45 secundum
914 789 141 45 Magistrum

241 823 83 51 ad
283 823 97 51 hoc
338 823 153 51 Ibidem.
449 823 111 51 quod
519 823 139 51 Hiero.
616 823 97 51 ibi
671 823 167 51 intendit
796 823 153 51 dicere:
907 823 111 51 quod
963 823 83 51 deus

244 861 149 52 talia
344 861 165 52 minima
459 861 116 52 non
525 861 231 52 alternatim
707 861 116 52 nec
773 861 264 52 particulatim
971 861 83 52 nec

254 905 111 60 per
317 905 174 60 diuersa
444 905 190 60 temporum
586 905 174 60 momenta
713 905 221 60 cognoscit.
887 905 127 60 Scit
950 905 95 60 ita-

246 950 118 50 quam
320 950 133 50 deus:
409 950 222 50 quantacait)
586 950 104 50 sit
646 950 192 50 multitudo
794 950 163 50 pulicum
912 950 89 50 et
941 950 104 50 musca

258 992 89 50 rum
309 992 76 50 ac
347 992 152 50 piscium.
462 992 76 50 et
500 992 102 50 quot
563 992 178 50 nascantur.
703 992 102 50 quit
766 992 76 50 ve
805 992 178 50 moriantur:
944 992 89 50 sed
982 992 64 50 non

246 1029 118 58 scit
320 1029 103 58 hec
379 1029 103 58 per
438 1029 162 58 momenta
556 1029 177 58 singula.
689 1029 103 58 imo
748 1029 133 58 simul
837 1029 89 58 et
881 1029 148 58 semper
969 1029 89 58 scit

260 1073 129 55 omnia.
350 1073 90 55 Hec
402 1073 154 55 Magister
518 1073 90 55 Ibi
569 1073 64 55 ¶
595 1073 77 55 Ad
633 1073 167 55 quaesitum
762 1073 103 55 ergo
826 1073 154 55 dicendum
929 1073 129 55 secundum

257 1119 120 49 Bona.
337 1119 80 49 e.
377 1119 93 49 di.
430 1119 134 49 xxxix.
524 1119 107 49 art.
591 1119 80 49 i.
631 1119 80 49 q.
671 1119 80 49 ii
711 1119 107 49 quod
778 1119 174 49 infinitas
911 1119 80 49 et
938 1119 120 49 immensi

246 1162 108 60 tas
307 1162 154 60 divine
415 1162 154 60 scetie
523 1162 138 60 ponit
615 1162 108 60 hac
676 1162 246 60 necessitatem
861 1162 200 60 cognoscendi

259 1203 135 49 omnia.
354 1203 95 49 Cum
408 1203 108 49 enim
476 1203 203 49 intellectus
638 1203 149 49 diuinus
746 1203 95 49 sit
801 1203 176 49 infinitus
936 1203 81 49 et
963 1203 81 49 illi

248 1244 173 47 mitatus:
377 1244 130 47 simul
464 1244 202 47 intelligit
622 1244 187 47 infinita.
767 1244 101 47 nec
824 1244 159 47 patitur
925 1244 130 47 aliquid

250 1285 138 56 latere
347 1285 124 56 deum.
429 1285 110 56 quia
498 1285 124 56 alias
580 1285 96 56 non
635 1285 124 56 esset
718 1285 179 56 infinitus
855 1285 69 56 ¶
883 1285 83 56 Ad
924 1285 110 56 idem
979 1285 69 56 Se-

249 1329 110 54 cundam
326 1329 99 54 ratio
392 1329 77 54 est
436 1329 187 54 perfectionis.
590 1329 88 54 quia
645 1329 176 54 philosophus.
789 1329 88 54 xii.
844 1329 110 54 Metap.
921 1329 99 54 dicit
976 1329 66 54 quod

279 1367 214 58 intelligere
450 1367 157 58 aliquid
564 1367 100 58 est
621 1367 299 58 honorabilissimum.
877 1367 85 58 et
920 1367 128 58 primo
991 1367 57 58 de

255 1413 155 53 Anima.
363 1413 124 53 Omis
440 1413 170 53 sacetia
564 1413 108 53 est
625 1413 93 53 de
672 1413 155 53 numero
780 1413 170 53 bonorum
888 1413 170 53 honorabi-

252 1456 98 59 lium.
318 1456 87 59 ergo
372 1456 164 59 intelligere
503 1456 65 59 et
536 1456 98 59 scire
601 1456 98 59 omnia
666 1456 76 59 est
710 1456 174 59 perfectionis
852 1456 174 59 simpliciter.
983 1456 65 59 ergo

240 1500 192 47 necessario
391 1500 151 47 ponitur
501 1500 82 47 in
543 1500 110 47 deo.
611 1500 96 47 Hec
666 1500 124 47 ratio
749 1500 151 47 Scotor.
859 1500 96 47 di.
914 1500 124 47 xxxv.
982 1500 69 47 qui

247 1543 73 56 et
283 1543 134 56 inducit
381 1543 183 56 philosophum
527 1543 73 56 i.
564 1543 73 56 de
600 1543 122 56 Anima.
685 1543 122 56 contra
771 1543 183 56 Empedoclem.
917 1543 110 56 dici.
978 1543 73 56 quod

240 1583 87 45 si
283 1583 116 45 deus
355 1583 188 45 ignoraret
500 1583 145 45 litem:
601 1583 130 45 esset
688 1583 231 45 imperfectus.
876 1583 101 45 et.
934 1583 116 45 xii.
992 1583 72 45 Me-

248 1636 123 46 taph.
330 1636 123 46 dicit
412 1636 109 46 quod
480 1636 82 46 si
521 1636 109 46 deus
589 1636 82 46 ea
630 1636 109 46 quae
698 1636 95 46 nos
753 1636 204 46 cognoscimus
902 1636 164 46 ignoraret:

240 1676 138 51 esset
332 1676 246 51 fatuissimus.
532 1676 123 51 quod
609 1676 108 51 est
670 1676 185 51 absurdum
809 1676 92 51 et
840 1676 215 51 impossibile.

292 1707 65 55 ¶
318 1707 130 55 Tertia
409 1707 117 55 ratio
487 1707 222 55 causalitatis.
670 1707 104 55 quia
735 1707 104 55 deus
800 1707 91 55 est
852 1707 117 55 prima
931 1707 78 55 ca
957 1707 104 55 causa-

259 1752 92 62 rum:
317 1752 69 62 et
352 1752 161 62 principium
479 1752 104 62 rerum
548 1752 127 62 omnium:
640 1752 69 62 vt
675 1752 104 62 etiam
744 1752 115 62 tenent
824 1752 173 62 philosophi.
963 1752 69 62 Et
986 1752 69 62 ipse

254 1796 239 56 Commentator.
448 1796 119 56 xii.
523 1796 149 56 Metap.
627 1796 134 56 dicit
717 1796 119 56 quod
791 1796 134 56 Scita
881 1796 104 56 dei
941 1796 104 56 est
985 1796 75 56 cau

257 1844 78 56 sa
296 1844 131 56 rerum.
388 1844 91 56 sed
440 1844 105 56 quia
505 1844 105 56 deus
571 1844 91 56 per
623 1844 105 56 suam
688 1844 170 56 essentiam
819 1844 222 56 perfectissime
989 1844 65 56 co-

259 1881 142 61 gnoscit
362 1881 77 61 se
401 1881 103 61 esse
465 1881 129 61 causam
555 1881 142 61 omnium.
659 1881 103 61 ergo
723 1881 180 61 cognoscens
865 1881 155 61 virtutem
968 1881 90 61 suam:

253 1933 204 45 impossibile
416 1933 95 45 est
471 1933 109 45 quod
538 1933 95 45 non
593 1933 176 45 cognoscat
728 1933 122 45 omnia
810 1933 109 45 illa
878 1933 81 45 ad
918 1933 109 45 quae
973 1933 81 45 vir-

262 1970 100 48 tus
319 1970 100 48 sua
376 1970 85 48 se
418 1970 185 48 extendit.
560 1970 114 48 quae
631 1970 128 48 etiam
717 1970 156 48 ordinat
831 1970 85 48 ad
873 1970 85 48 se
916 1970 85 48 vt
958 1970 85 48 ad
987 1970 71 48 cau

253 2014 99 46 sam
309 2014 169 46 finalem.
436 2014 141 46 Patet.
535 2014 113 46 quia
606 2014 127 46 causa
690 2014 85 46 et
733 2014 183 46 causatum:
874 2014 113 46 sunt
930 2014 127 46 correla

261 2055 113 49 tiua.
337 2055 101 49 ergo
400 2055 88 49 non
450 2055 126 49 potest
539 2055 101 49 vnum
602 2055 164 49 cognosci:
727 2055 101 49 quin
790 2055 189 49 cognoscatur
942 2055 76 49 et
967 2055 88 49 reli-

265 2097 100 50 quum.
332 2097 67 50 vt
365 2097 122 50 dicitur
454 2097 67 50 in
487 2097 200 50 praedicametis.
654 2097 133 50 sequitur
754 2097 89 50 ergo
809 2097 167 50 propositum.
943 2097 78 50 Hec
976 2097 78 50 ratio

263 2147 230 49 Scotorlis.
443 2147 214 49 Francisci
608 2147 99 49 et
640 2147 99 49 Tho.

225 2187 106 94 ¶
267 2187 148 94 Sed
352 2187 127 94 an
416 2187 127 94 ex
479 2187 255 94 scientia
670 2187 127 94 et
734 2187 297 94 cognitione
946 2187 106 94 vi-

256 2262 129 56 lium:
342 2262 186 56 derogetur
485 2262 186 56 maiestati
628 2262 114 56 dei.
699 2262 86 56 eo
742 2262 114 56 quod
814 2262 129 56 talia
900 2262 129 56 vilia
971 2262 86 56 esse

247 2307 84 53 in
289 2307 141 53 divina
388 2307 183 53 essentia:
528 2307 169 53 indignum
655 2307 99 53 est
711 2307 127 53 tante
796 2307 197 53 maiestati.
950 2307 84 53 et
979 2307 70 53 Con

247 2354 179 51 mentator.
385 2354 110 51 xii.
454 2354 138 51 Metap.
551 2354 207 51 reprehendit
717 2354 207 51 Themixtium.
882 2354 138 51 contra
965 2354 83 51 quem

262 2393 138 54 arguit.
363 2393 100 54 quod
425 2393 75 54 si
463 2393 100 54 deus
525 2393 200 54 intelligeret
688 2393 125 54 omnia:
776 2393 113 54 etiam
851 2393 125 54 vilia.
938 2393 100 54 tunc
988 2393 63 54 se-

252 2441 164 47 queretur
375 2441 109 47 quod
443 2441 205 47 intellectus
607 2441 150 47 diuinus
716 2441 205 47 vilesceret:
880 2441 95 47 vel
934 2441 123 47 esset
1002 2441 55 47 vi

266 2488 103 43 lis:
331 2488 207 43 intelligendo
499 2488 116 43 talia
576 2488 129 43 vilia.
667 2488 78 43 et
705 2488 90 43 sic
757 2488 103 43 eius
822 2488 194 43 intellectio
964 2488 90 43 esset

268 2527 197 49 vilissima:
423 2527 85 49 et
465 2527 211 49 imperfectio
634 2527 127 49 esset
719 2527 85 49 in
761 2527 113 49 deo.
832 2527 99 49 que
888 2527 113 49 sunt
944 2527 113 49 incon-

255 2565 199 50 uenientia.
411 2565 114 50 ergo
483 2565 100 50 etc
539 2565 71 50 ¶
568 2565 114 50 Item
639 2565 128 50 Bona.
725 2565 157 50 arguit.
838 2565 100 50 Deo
895 2565 142 50 semper
981 2565 71 50 est

263 2602 228 51 attribuendum
448 2602 85 51 id
491 2602 114 51 quod
562 2602 100 51 est
619 2602 228 51 excellentius
804 2602 100 51 vel
861 2602 142 51 melius
961 2602 85 51 et
989 2602 57 51 no

266 2650 153 47 bilius.
377 2650 97 47 sed
433 2650 139 47 aliqua
530 2650 111 47 sunt
600 2650 97 47 tam
655 2650 139 47 vilia:
752 2650 111 47 quod
822 2650 139 47 melius
919 2650 97 47 est
961 2650 97 47 nesci

271 2694 73 48 re
307 2694 98 48 quam
368 2694 122 48 scire.
454 2694 110 48 sicut
527 2694 85 48 ait
576 2694 98 48 Aug.
637 2694 73 48 in
674 2694 159 48 Enchiris.
796 2694 73 48 eo
832 2694 98 48 quod
893 2694 73 48 ex
918 2694 134 48 huiusmodi

270 2735 155 71 scientia
386 2735 168 71 accipitur
515 2735 142 71 occasio
618 2735 155 71 peccandi
735 2735 103 71 etc.
799 2735 103 71 ergo
864 2735 90 71 non
915 2735 90 71 est
954 2735 116 71 attribu

1095 279 117 77 endum
1173 279 131 77 diuine
1265 279 183 77 maiestati:
1408 279 117 77 scire
1486 279 117 77 omnia
1565 279 117 77 etiam
1643 279 131 77 vilia.
1734 279 65 77 ¶
1747 279 144 77 Respondet

1091 339 155 61 secundum
1207 339 116 61 Fran.
1285 339 116 61 maro.
1362 339 77 61 in
1401 339 142 61 Confla.
1504 339 129 61 primi.
1594 339 90 61 di.
1646 339 129 61 xxxvi.
1736 339 77 61 q.
1775 339 116 61 iiii.
1839 339 65 61 si-

1106 383 100 47 mul
1163 383 86 47 et
1206 383 157 47 Scotis.
1320 383 100 47 di.
1377 383 128 47 xxxv.
1462 383 86 47 et
1505 383 128 47 Bona.
1590 383 100 47 di.
1647 383 143 47 xxxix.
1747 383 114 47 art.
1818 383 86 47 i.
1847 383 57 47 q.

1091 425 119 60 ii.
1159 425 85 60 ¶
1193 425 153 60 Primo
1295 425 205 60 Argumeta
1449 425 222 60 soluendo.
1619 425 136 60 Quod
1705 425 170 60 opinio
1807 425 85 60 Con

1092 465 213 49 metatoris
1256 465 115 49 est
1321 465 197 49 heretica
1469 465 99 49 et
1518 465 164 49 falsa:
1633 465 131 49 Ideo
1699 465 197 49 respuenda.

1098 511 111 46 nec
1162 511 238 46 argummentum
1352 511 127 46 eius
1431 511 158 46 valet:
1542 511 95 46 vt
1589 511 158 46 statim
1700 511 190 46 patebit.
1827 511 79 46 De-

1097 554 127 50 nique
1182 554 85 50 ad
1224 554 169 50 secundum
1351 554 198 50 argumentum
1506 554 127 50 dicit
1591 554 113 50 idem
1661 554 127 50 Bona.
1746 554 113 50 quod
1802 554 99 50 omnia

1112 596 103 51 scire
1180 596 183 51 simpliciter:
1329 596 114 51 melius
1409 596 80 51 est
1455 596 69 51 et
1489 596 149 51 nobilius.
1603 596 69 51 vt
1637 596 103 51 patet
1706 596 80 51 per
1740 596 149 51 philosophum

1108 635 125 53 primo
1191 635 83 53 de
1233 635 139 53 Anima.
1330 635 97 53 et.
1385 635 111 53 xii.
1455 635 139 53 Metap.
1552 635 97 53 in.
1607 635 83 53 §.
1649 635 194 53 praecedem.
1787 635 111 53 Quamus

1103 677 128 49 enim
1183 677 160 49 homini
1295 677 207 49 corrupto:
1454 677 112 49 qui
1518 677 176 49 accipit
1646 677 223 49 occasionem
1805 677 96 49 pec-

1108 725 126 45 candi
1192 725 84 45 ex
1234 725 196 45 cognitione
1388 725 154 45 talium:
1500 725 140 45 melius
1598 725 98 45 est
1654 725 182 45 huiusmodi
1780 725 126 45 nescire

1125 761 95 54 quam
1184 761 118 54 scire.
1267 761 71 54 vt
1303 761 107 54 dicit
1374 761 95 54 Aug.
1433 761 118 54 supra.
1516 761 107 54 tamen
1587 761 83 54 non
1634 761 83 54 sic
1681 761 83 54 est
1729 761 71 54 de
1764 761 95 54 deo:
1823 761 83 54 qui
1859 761 59 54 vni

1108 807 75 50 co
1145 807 137 50 intuitu
1245 807 137 50 similis
1345 807 112 50 omnia
1420 807 125 50 videt.
1507 807 87 50 nec
1557 807 125 50 potest
1645 807 162 50 inclinari
1770 807 75 50 in
1795 807 112 50 aliquod

1113 853 129 48 malum.
1203 853 64 48 ¶
1229 853 103 48 Unde
1293 853 141 48 secundo
1396 853 77 48 ad
1434 853 154 48 quesitum
1550 853 193 48 Respondetur
1704 853 206 48 conclusionem
1859 853 51 48 po

1118 890 130 52 nendo.
1209 890 104 52 quod
1274 890 195 52 intellectus
1429 890 143 52 diuinus
1533 890 78 52 in
1572 890 91 52 sua
1624 890 169 52 essentia:
1753 890 117 52 omnia
1818 890 91 52 etiam

1121 935 118 44 vilia
1200 935 183 44 cognoscit.
1344 935 92 44 nec
1396 935 118 44 tamen
1475 935 79 44 ex
1514 935 92 44 hoc
1566 935 131 44 aliquo
1658 935 105 44 modo
1724 935 170 44 vilescit.
1841 935 66 44 nec

1120 974 166 52 quicquam
1245 974 222 52 perfectionis
1425 974 180 52 maiestati
1564 974 139 52 divine
1661 974 166 52 deficit.
1785 974 69 52 ¶
1799 974 111 52 Tertio

1112 1014 130 59 quoque
1203 1014 155 59 probatur
1319 1014 91 59 hec
1371 1014 181 59 conclusio.
1514 1014 104 59 Quia
1578 1014 117 59 omnia
1656 1014 104 59 quae
1721 1014 104 59 sunt
1785 1014 78 59 in
1811 1014 104 59 essen-

1110 1060 104 45 tia
1169 1060 163 45 diuina:
1288 1060 118 45 sunt
1362 1060 148 45 ibidem
1465 1060 118 45 modo
1539 1060 266 45 eminentissimo.
1746 1060 163 45 videlicet

1117 1101 111 44 solum
1190 1101 148 44 secundum
1301 1101 123 44 ideas.
1387 1101 135 44 Ideoque
1486 1101 86 44 non
1535 1101 234 44 repraesentantur
1732 1101 74 44 in
1768 1101 98 44 ipsa
1818 1101 98 44 essen-

1118 1144 95 47 tia
1173 1144 136 47 diuina
1268 1144 81 47 vt
1308 1144 109 47 sunt
1376 1144 136 47 vilia:
1471 1144 95 47 sed
1526 1144 81 47 vt
1566 1144 163 47 contenta
1688 1144 81 47 in
1729 1144 163 47 essentia
1838 1144 81 47 dici

1111 1187 169 51 perfecte
1238 1187 155 51 tanquam
1350 1187 85 51 in
1393 1187 254 51 representante:
1604 1187 141 51 verius
1703 1187 85 51 et
1745 1187 141 51 melius
1830 1187 70 51 qua

1111 1232 86 46 in
1154 1232 86 46 se
1196 1232 128 46 sint.
1282 1232 143 46 patuit
1382 1232 100 46 vbi
1439 1232 114 46 Res.
1510 1232 86 46 §.
1553 1232 100 46 xvi
1610 1232 71 46 ¶
1639 1232 114 46 Item
1710 1232 186 46 effectus:
1839 1232 71 46 si-

1112 1268 91 52 cut
1164 1268 118 52 lumen
1243 1268 157 52 radiorum
1360 1268 131 52 solis:
1452 1268 131 52 melius
1543 1268 78 52 et
1582 1268 183 52 perfectius
1726 1268 118 52 habet
1804 1268 105 52 esse
1857 1268 52 52 in

1117 1320 105 44 causa
1187 1320 70 44 id
1222 1320 81 44 est
1268 1320 70 44 in
1303 1320 93 44 ipso
1361 1320 93 44 sole
1419 1320 93 44 quam
1477 1320 70 44 in
1512 1320 128 44 effectu
1605 1320 93 44 ipso
1663 1320 70 44 id
1698 1320 81 44 est
1744 1320 70 44 in
1779 1320 93 44 aere
1826 1320 81 44 illu-

1120 1362 163 45 minato.
1238 1362 103 45 sic
1298 1362 207 45 quodammodo
1460 1362 89 45 in
1504 1362 207 45 proposito.
1667 1362 89 45 Et
1711 1362 133 45 sicut
1800 1362 103 45 sol
1844 1362 74 45 non

1123 1399 171 44 vilescit
1251 1399 86 44 ex
1294 1399 100 44 hoc
1351 1399 114 44 quod
1422 1399 171 44 irradiat
1550 1399 128 44 super
1636 1399 100 44 res
1693 1399 128 44 fedas
1778 1399 86 44 et
1807 1399 114 44 viles:

1109 1439 93 48 sic
1162 1439 106 48 etc.
1228 1439 106 48 Unde
1294 1439 106 48 idem
1360 1439 119 48 Fran.
1439 1439 119 48 supra
1519 1439 132 48 probat
1611 1439 66 48 a
1637 1439 145 48 similis
1743 1439 106 48 sic.
1809 1439 106 48 Quia
1862 1439 53 48 in

1125 1484 173 45 tellectus
1258 1484 147 45 diuinus
1365 1484 93 45 non
1418 1484 160 45 vilescit
1538 1484 80 45 ex
1578 1484 93 45 hoc
1632 1484 107 45 quod
1698 1484 120 45 creat
1779 1484 120 45 tales
1845 1484 67 45 vi-

1115 1522 97 48 les
1170 1522 193 48 creaturas.
1322 1522 110 48 ergo
1391 1522 69 48 a
1419 1522 166 48 fortiori
1543 1522 97 48 non
1598 1522 166 48 vilescit
1723 1522 83 48 ex
1750 1522 166 48 cognitione

1120 1572 141 46 carum.
1219 1572 183 46 Probatur.
1359 1572 113 46 quia
1430 1572 127 46 maior
1514 1572 211 46 imperfectio
1684 1572 85 46 et
1726 1572 155 46 viliias
1824 1572 85 46 est:

1121 1609 200 60 creationem
1278 1609 186 60 terminari
1421 1609 86 60 ad
1464 1609 186 60 creaturam
1607 1609 143 60 ipsam:
1707 1609 114 60 quam
1764 1609 143 60 intelle-

1113 1658 177 39 ctionem
1241 1658 209 39 terminari
1402 1658 96 39 ad
1450 1658 257 39 cognoscendam
1659 1658 128 39 eam.
1739 1658 128 39 quia
1804 1658 112 39 crea-

1117 1693 99 52 tio
1173 1693 170 52 requirit
1301 1693 170 52 terminum
1428 1693 85 52 in
1471 1693 127 52 actu:
1556 1693 99 52 sed
1613 1693 212 52 intellectio
1783 1693 113 52 non.
1839 1693 71 52 Si-

1119 1737 89 62 ue
1164 1737 119 62 enim
1238 1737 164 62 existat
1357 1737 119 62 siue
1431 1737 119 62 non:
1506 1737 149 62 nihilo
1610 1737 134 62 minus
1684 1737 223 62 intelligitur.

1112 1775 133 71 Hec
1169 1775 248 71 Franciscus.

1094 1818 124 82 ¶
1144 1818 223 82 Utrum
1292 1818 198 82 deus
1416 1818 223 82 sciat
1565 1818 173 82 vel
1639 1818 272 82 cognoscat

1116 1894 206 42 singularia
1278 1894 103 42 vel
1337 1894 235 42 particularia
1527 1894 103 42 per
1586 1894 220 42 vniuersalia
1762 1894 103 42 vel
1806 1894 103 42 commu

1115 1932 104 49 nia.
1180 1932 156 49 Arguitur
1297 1932 104 49 quod
1362 1932 104 49 sic.
1427 1932 104 49 quod
1492 1932 117 49 dicit
1571 1932 156 49 Algamel.
1688 1932 104 49 iii.
1753 1932 130 49 Metap.
1831 1932 78 49 sue.

1117 1976 82 48 ca.
1164 1976 70 48 v.
1199 1976 94 48 quod
1258 1976 117 48 primus
1340 1976 70 48 id
1375 1976 82 48 est
1422 1976 94 48 deus
1480 1976 82 48 non
1527 1976 94 48 scit
1585 1976 199 48 particularia:
1749 1976 94 48 nisi
1796 1976 117 48 secundum

1114 2019 199 48 maneriem
1263 2019 265 48 vniuersalem.
1479 2019 132 48 Item
1561 2019 132 48 deus
1644 2019 215 48 cognoscit
1793 2019 116 48 omnia

1115 2063 110 52 per
1178 2063 125 52 suam
1256 2063 220 52 essentiam:
1429 2063 110 52 que
1492 2063 110 52 est
1554 2063 157 52 omnium
1664 2063 141 52 causa
1743 2063 172 52 communis.

1119 2100 124 57 ergo
1197 2100 249 57 particularia
1400 2100 202 57 cognoscit
1555 2100 109 57 per
1617 2100 233 57 vniuersalia
1804 2100 78 57 ¶
1835 2100 109 57 Sed

1112 2139 96 50 in
1160 2139 207 50 oppositum
1320 2139 128 50 est.
1399 2139 128 50 quia
1479 2139 223 50 cognoscere
1655 2139 112 50 rem
1718 2139 96 50 in
1750 2139 160 50 vniuersa

1115 2186 81 47 li
1156 2186 149 47 tantum:
1264 2186 81 47 et
1305 2186 95 47 non
1359 2186 81 47 in
1399 2186 189 47 singulari:
1548 2186 95 47 non
1602 2186 95 47 est
1656 2186 162 47 cognitio
1764 2186 149 47 perfecta.

1117 2226 96 51 Deus
1177 2226 108 51 autem
1249 2226 156 51 cognoscit
1369 2226 108 51 omnia
1441 2226 156 51 perfecte.
1561 2226 96 51 ergo
1621 2226 72 51 et
1657 2226 180 51 singularia:
1789 2226 120 51 secundum

1120 2273 150 43 omnes
1220 2273 250 43 conditiones
1420 2273 233 43 singulares
1604 2273 167 43 earum.
1721 2273 133 43 Unde
1787 2273 117 43 Rabbi

1115 2312 161 52 Moyses
1228 2312 129 52 hanc
1309 2312 194 52 rationem
1454 2312 145 52 dicit
1551 2312 226 52 intendisse
1728 2312 161 52 Dauid:
1825 2312 81 52 cum

1120 2353 100 54 ait
1177 2353 86 54 in
1220 2353 171 54 psalmus.
1348 2353 100 54 Qui
1405 2353 143 54 finxit
1505 2353 143 54 oculum
1604 2353 100 54 non
1661 2353 214 54 considerat.
1818 2353 100 54 quasi

1112 2396 110 50 di.
1175 2396 110 50 Cum
1238 2396 126 50 deus
1316 2396 157 50 oculum
1426 2396 188 50 faceret:
1568 2396 173 50 numquid
1693 2396 126 50 ipse
1772 2396 110 50 non
1819 2396 94 50 con-

1115 2438 202 52 siderauit
1271 2438 140 52 actum
1364 2438 156 52 oculi:
1473 2438 109 52 qui
1536 2438 109 52 est
1598 2438 171 52 videre.
1722 2438 93 52 et
1753 2438 156 52 obiectum

1113 2476 119 54 eius
1187 2476 119 54 quod
1262 2476 104 54 est
1321 2476 178 54 visibile
1455 2476 238 54 parriculare.
1648 2476 104 54 Imo
1692 2476 223 54 considerauit.

1116 2521 96 62 Et
1164 2521 112 62 hec
1228 2521 176 62 adducit
1356 2521 128 62 Tho.
1436 2521 144 62 dist.
1531 2521 144 62 xxxv.
1627 2521 160 62 primi.
1739 2521 80 62 ¶
1771 2521 96 62 Ad
1803 2521 112 62 quesi

1122 2564 84 57 tum
1170 2564 96 57 ergo
1230 2564 179 57 Respondetur
1373 2564 143 57 secundum
1480 2564 107 57 Rich.
1552 2564 72 57 in
1588 2564 119 57 primo.
1671 2564 96 57 dis.
1731 2564 119 57 xxxvi.
1814 2564 96 57 art.
1862 2564 48 57 i.

1123 2611 82 57 q.
1164 2611 82 57 i.
1206 2611 82 57 et
1247 2611 151 57 Scotis.
1356 2611 178 57 aliosque.
1493 2611 219 57 concludendo.
1671 2611 110 57 quod
1740 2611 110 57 deus
1795 2611 123 57 cogscit

1123 2653 136 56 omnia
1213 2653 211 56 singularia
1379 2653 256 56 singulariter.
1590 2653 106 56 nec
1651 2653 196 56 recipitur
1786 2653 121 56 Auctas

1114 2692 121 51 Algam
1194 2692 108 51 elis
1261 2692 81 51 in
1302 2692 94 51 hac
1356 2692 134 51 parte.
1450 2692 134 51 supra.
1544 2692 161 51 allegata
1665 2692 108 51 etc.
1732 2692 148 51 quamuis
1826 2692 81 51 enim

1122 2734 114 75 deus
1193 2734 100 75 per
1250 2734 114 75 suam
1322 2734 186 75 essentiam
1464 2734 186 75 cognoscit
1607 2734 143 75 omnia:
1707 2734 114 75 quae
1779 2734 100 75 est
1821 2734 86 75 cau
