2298 3305
253 282 169 68 Uerumtamen
386 282 133 68 aliquid
482 282 121 68 potest
567 282 97 68 esse
627 282 157 68 subiectum
748 282 121 68 scinie
832 282 97 68 dei:
892 282 97 68 quod
941 282 84 68 prius

262 352 87 49 non
311 352 100 49 fuit
374 352 162 49 subiectu.
498 352 75 49 eo
536 352 100 49 quod
598 352 87 49 non
648 352 100 49 fuit
710 352 75 49 in
747 352 87 49 re.
797 352 75 49 et
835 352 125 49 potest
922 352 100 49 esse
972 352 62 49 ali

250 393 111 53 quid
320 393 111 53 quod
389 393 97 53 iam
445 393 97 53 est
500 393 181 53 subiectum
639 393 139 53 sceite
736 393 111 53 dei.
806 393 97 53 sed
861 393 139 53 postea
945 393 83 53 num-

250 439 98 43 quam
311 439 98 43 erit
372 439 98 43 sibi
433 439 171 43 subiectum.
567 439 73 43 eo
604 439 98 43 quod
665 439 122 43 postea
750 439 85 43 non
799 439 110 43 erit.
872 439 85 43 nec
921 439 110 43 tamen
982 439 49 43 ex

255 477 101 57 hoc
312 477 173 57 sequitur
442 477 144 57 aliqua
543 477 173 57 variatio
673 477 101 57 vel
730 477 216 57 augmentatio
903 477 130 57 velis
975 477 58 57 di

251 519 180 61 minutio
382 519 98 61 in
431 519 131 61 scia
513 519 131 61 dei.
595 519 115 61 Hec
661 519 98 61 ex
694 519 98 61 Tho-

233 566 123 96 ¶
283 566 172 96 Sed
381 566 147 96 an
454 566 196 96 deus
577 566 245 96 possit
749 566 221 96 scire
871 566 172 96 plura

256 640 83 60 que
303 640 106 60 scit:
374 640 83 60 vel
422 640 106 60 etiam
493 640 154 60 pauciora;
611 640 177 60 Respondetur
753 640 142 60 secundum
860 640 106 60 Bona.
931 640 71 60 e.
954 640 83 60 dist.

253 698 119 52 xxxix.
336 698 95 52 art.
396 698 71 52 i.
431 698 71 52 q.
467 698 71 52 ii
503 698 71 52 et
538 698 95 52 iii.
598 698 131 52 concor.
693 698 107 52 Rich.
764 698 71 52 et
799 698 95 52 Tho.
859 698 119 52 supra.
942 698 95 52 Quod
989 698 48 52 in

251 726 110 56 deo
314 726 110 56 est
377 726 173 56 triplex
503 726 189 56 noticia.
644 726 79 56 ¶
676 726 110 56 Una
738 726 283 56 approbationis.
958 726 79 56 hec

259 772 102 48 est
318 772 204 48 tantummodo
478 772 87 48 de
522 772 146 48 illis:
624 772 87 48 ad
667 772 102 48 que
726 772 87 48 se
769 772 175 48 extendit
886 772 160 48 beneplaci

263 815 102 46 tum
321 815 145 46 diuine
422 815 218 46 voluntatis.
596 815 102 46 hoc
654 815 102 46 est
712 815 87 46 de
756 815 131 46 bonis
843 815 87 46 et
886 815 87 46 de
915 815 116 46 veris.

257 855 127 51 Ideo
336 855 143 51 Math.
431 855 127 51 xxv.
511 855 190 51 christus
653 855 143 51 dicit
748 855 158 51 fatuis
843 855 190 51 virginibus

253 902 96 49 vel
308 902 137 49 malis.
404 902 109 49 Amen
472 902 109 49 dico
541 902 109 49 vob:
609 902 137 49 nescio
705 902 96 49 vos
759 902 164 49 scilicet
883 902 150 49 noticia
978 902 55 49 ap

253 940 222 51 probationis.
433 940 83 51 et
475 940 97 51 hec
530 940 111 51 sine
600 940 125 51 dubio
683 940 139 51 potest
780 940 111 51 esse
849 940 166 51 plurium.
960 940 83 51 quia

257 986 138 54 plura
349 986 122 54 bona
425 986 92 54 et
471 986 138 54 plura
563 986 122 54 vera
639 986 153 54 posset
746 986 122 54 deus
823 986 153 54 facere
930 986 92 54 in
961 986 77 54 mum

262 1032 83 44 do
304 1032 111 44 quam
373 1032 125 44 sunt.
456 1032 69 44 ¶
484 1032 111 44 Alia
553 1032 97 44 est
609 1032 153 44 noticia
720 1032 180 44 visionis:
859 1032 97 44 qua
914 1032 111 44 deus
970 1032 69 44 vi-

253 1067 102 55 det
312 1067 88 55 ea
356 1067 102 55 que
414 1067 132 55 sunt:
502 1067 102 55 vel
560 1067 146 55 erunt:
663 1067 102 55 vel
721 1067 175 55 fuerunt.
853 1067 102 55 non
911 1067 132 55 solum
985 1067 58 55 in

260 1116 152 48 potentia
374 1116 152 48 causarum
488 1116 139 48 suarum.
589 1116 89 48 sed
640 1116 76 48 in
678 1116 139 48 proprio
779 1116 127 48 genere
868 1116 89 48 vel
918 1116 76 48 in
943 1116 89 48 rerum

261 1155 127 49 natura.
354 1155 92 49 quae
412 1155 92 49 deus
470 1155 139 49 preuidit
574 1155 116 49 fieri.
654 1155 69 49 Et
689 1155 127 49 taliter
782 1155 104 49 etiam
851 1155 81 49 bum
897 1155 116 49 potest
967 1155 69 49 deus

262 1194 102 54 scire
330 1194 102 54 plura
397 1194 91 54 quam
454 1194 102 54 scit:
522 1194 136 54 scientia
624 1194 136 54 scilicet
726 1194 147 54 visionis.
839 1194 79 54 vel
884 1194 102 54 etiam
940 1194 91 54 paucio

253 1241 83 45 ra.
300 1241 83 45 Nam
348 1241 142 45 scientia
454 1241 154 45 visionis:
573 1241 95 45 deus
632 1241 95 45 scit
691 1241 166 45 tantummodo
821 1241 71 45 ea
857 1241 95 45 quae
916 1241 106 45 sunt:
975 1241 59 45 vel

250 1282 140 43 erunt:
348 1282 98 43 vel
404 1282 168 43 fuerunt.
530 1282 84 43 Et
572 1282 112 43 quia
642 1282 126 43 vltra
726 1282 98 43 hec
782 1282 112 43 deus
852 1282 140 43 posset
936 1282 112 43 facere

266 1321 135 51 nulta:
360 1321 108 51 quae
427 1321 148 51 nunquam
535 1321 135 51 fuerut
629 1321 94 51 nec
683 1321 121 51 erunt
763 1321 94 51 nec
817 1321 121 51 sunt.
898 1321 121 51 licet
965 1321 81 51 sint

254 1371 203 46 possibilia.
417 1371 81 46 Si
458 1371 108 46 ergo
525 1371 108 46 deus
593 1371 149 46 faceret
701 1371 108 46 illa
769 1371 203 46 possibilia:
932 1371 81 46 vt
959 1371 81 46 fie-

254 1410 105 45 rent
320 1410 105 45 iam.
386 1410 105 45 tunc
451 1410 119 45 plura
530 1410 132 45 sciret
623 1410 132 45 scaita
715 1410 158 45 visionis
833 1410 105 45 quam
899 1410 105 45 ante
952 1410 79 45 scie

252 1448 93 43 bat
305 1448 120 43 eadem
385 1448 173 43 scientia.
517 1448 106 43 Item
584 1448 80 43 ex
624 1448 93 43 quo
677 1448 120 43 etiam
757 1448 120 43 multa
836 1448 93 43 que
890 1448 120 43 facit
956 1448 93 43 deus;

263 1490 130 44 posset
354 1490 91 44 non
406 1490 143 44 facere.
510 1490 104 44 quae
575 1490 78 44 si
614 1490 91 44 non
666 1490 156 44 faceret:
783 1490 156 44 pauciora
900 1490 130 44 sciret
978 1490 65 44 sci

260 1536 117 43 entia
338 1536 170 43 visionis:
469 1536 104 43 quam
534 1536 104 43 scit
599 1536 117 43 nunc.
678 1536 65 43 ¶
704 1536 131 43 Tertia
795 1536 144 43 noticia
899 1536 91 43 est
939 1536 104 43 intel-

263 1574 185 63 lectionis
405 1574 100 63 vel
462 1574 242 63 intelligentie
662 1574 200 63 simplicis.
819 1574 100 63 qua
876 1574 114 63 deus
933 1574 114 63 cogno-

257 1615 109 48 scit
325 1615 109 48 omne
393 1615 177 48 possibile
529 1615 122 48 sibi:
611 1615 82 48 et
652 1615 122 48 aliis
733 1615 136 48 causis
828 1615 82 48 et
869 1615 177 48 creaturi.
992 1615 54 48 Et

256 1660 113 46 ista
326 1660 155 46 scietia
439 1660 113 46 deus
510 1660 183 46 cognoscit
651 1660 183 46 infinita.
792 1660 85 46 Et
834 1660 99 46 hec
891 1660 127 46 nullo
961 1660 85 46 modo

255 1701 117 49 potest
337 1701 93 49 esse
395 1701 128 49 plurium
488 1701 93 49 quam
547 1701 93 49 scit
605 1701 93 49 tali
663 1701 105 49 scia.
733 1701 93 49 quia
792 1701 152 49 infinitis
908 1701 82 49 non
943 1701 105 49 possunt

257 1739 97 56 esse
318 1739 121 56 plura.
403 1739 97 56 Unde
463 1739 182 56 concedendum
609 1739 85 56 est
658 1739 97 56 quod
718 1739 121 56 aliqua
803 1739 146 56 scientia
913 1739 85 56 dei
949 1739 85 56 poaes

259 1786 100 50 esse
321 1786 137 50 plurium
420 1786 100 50 quam
483 1786 112 50 scit.
557 1786 75 50 vt
595 1786 112 50 patet
669 1786 75 50 de
707 1786 125 50 sceita
794 1786 212 50 approbationis
968 1786 75 50 et
993 1786 50 50 vi

257 1826 145 49 sionis.
362 1826 132 49 Aliqua
454 1826 119 49 autem
533 1826 92 49 non
586 1826 79 49 vt
626 1826 105 49 scia
692 1826 250 49 intellectionis.
902 1826 132 49 maxime
981 1826 53 49 re

267 1877 113 52 pectu
343 1877 226 52 necessariorum.
531 1877 75 52 vt
569 1877 126 52 dictum
657 1877 88 52 est
707 1877 88 52 vbi
758 1877 201 52 Intellectus.
921 1877 75 52 §.
946 1877 63 52 ix.

228 1908 106 76 ¶
270 1908 148 76 Sed
355 1908 170 76 quid
461 1908 127 76 de
524 1908 339 76 praescientia
800 1908 170 76 dei.
906 1908 127 76 An
948 1908 85 76 po

255 1975 93 48 test
313 1975 93 48 deus
371 1975 81 48 non
417 1975 185 48 praesciuisse
568 1975 104 48 illud
637 1975 93 48 quod
695 1975 174 48 praesciuit.
834 1975 81 48 vel
881 1975 104 48 plura
938 1975 93 48 presci

267 2014 106 49 uisse
338 2014 94 49 quam
397 2014 189 49 praesciuit:.
550 2014 177 49 Respondetur
691 2014 71 49 ex
727 2014 106 49 Bona.
798 2014 106 49 Rich.
868 2014 71 49 et
904 2014 94 49 Tho.
951 2014 94 49 supra.

253 2052 245 60 recolligendo
452 2052 138 60 plura
543 2052 153 60 puncta
650 2052 168 60 notanda
773 2052 76 60 ¶
803 2052 153 60 Primum
910 2052 122 60 quod
972 2052 76 60 ali

258 2097 84 48 ter
306 2097 169 48 iudicandum
439 2097 84 48 est
487 2097 72 48 de
523 2097 205 48 praescientia:
692 2097 97 48 quam
753 2097 72 48 de
789 2097 157 48 scientia.
909 2097 133 48 quoniam
994 2097 48 48 vt

257 2144 155 46 Magister
373 2144 103 46 vbi.
437 2144 116 46 supra
515 2144 129 46 dicit.
605 2144 103 46 Scia
669 2144 90 46 dei
721 2144 90 46 non
772 2144 90 46 est
824 2144 103 46 nisi
888 2144 77 46 de
927 2144 103 46 his:
979 2144 64 46 que

253 2183 115 48 sunt
324 2183 101 48 vel
382 2183 158 48 fuerunt
497 2183 101 48 vel
554 2183 144 48 erunt.
655 2183 230 48 intelligendo
842 2183 101 48 hoc
899 2183 86 48 de
928 2183 115 48 scaita

270 2224 155 46 visionis.
389 2224 71 46 vt
425 2224 71 46 in
460 2224 190 46 praecedenti.
615 2224 71 46 §.
651 2224 83 46 Sed
698 2224 190 46 praescientia
853 2224 131 46 inquit:
948 2224 83 46 non
984 2224 59 46 est

253 2263 120 55 nisi
328 2263 90 55 de
373 2263 180 55 futuris.
508 2263 180 55 Toquendo
643 2263 120 55 ergo
718 2263 90 55 de
763 2263 165 55 noticia
883 2263 180 55 visionis

253 2308 122 48 eorum:
338 2308 122 48 quarum
423 2308 73 48 ab
460 2308 122 48 eterno
545 2308 98 48 fuit
606 2308 183 48 praescietia
753 2308 85 48 vel
801 2308 171 48 praeuisio.
935 2308 98 48 deus
984 2308 49 48 po

259 2349 98 49 tuit
320 2349 110 49 plura
393 2349 196 49 praesciuisse
552 2349 98 49 quam
614 2349 184 49 praesciuit:
761 2349 98 49 ipsa
822 2349 135 49 noticia
907 2349 135 49 visionis.

252 2395 89 52 que
303 2395 89 52 est
354 2395 115 52 eorum
431 2395 127 52 solum:
520 2395 102 52 quae
583 2395 102 52 sunt
647 2395 115 52 erunt
724 2395 89 52 vel
775 2395 153 52 fuerunt.
889 2395 102 52 quia
940 2395 102 52 potuit

268 2435 122 53 scire
350 2435 122 53 vltra
431 2435 109 53 hec.
499 2435 122 53 etiam
581 2435 190 53 possibilia
730 2435 95 53 non
785 2435 149 53 fienda.
894 2435 122 53 Ticet
961 2435 82 53 enim

254 2486 104 44 ista
319 2486 183 44 possibilia
463 2486 91 44 non
515 2486 144 44 fienda:
619 2486 91 44 non
672 2486 183 44 praesciuit
815 2486 117 44 fieri
893 2486 78 44 in
920 2486 117 44 perpetu

255 2522 92 49 um.
307 2522 118 49 tamen
386 2522 131 49 sciuit
477 2522 183 49 possibilia
621 2522 131 49 fieri.
713 2522 92 49 Sed
765 2522 79 49 si
804 2522 170 49 huiusmodi
922 2522 118 49 produce

260 2561 90 49 ret
311 2561 77 49 in
350 2561 115 49 esse.
427 2561 167 49 praescita
555 2561 128 49 essent
645 2561 77 49 ab
684 2561 141 49 eterno:
786 2561 90 49 vel
838 2561 154 49 praeuisa
953 2561 64 49 a
966 2561 64 49 deo

277 2612 72 47 ¶
305 2612 173 47 Secundum
435 2612 115 47 est.
507 2612 115 47 quod
579 2612 173 47 loquendo
709 2612 86 47 de
752 2612 158 47 noticia
853 2612 187 47 approbatios

270 2644 107 58 nis.
337 2644 107 58 quae
404 2644 107 58 deus
471 2644 80 58 ab
511 2644 134 58 eterno
604 2644 188 58 praesciuit
752 2644 107 58 bona
819 2644 80 58 et
859 2644 107 58 vera
912 2644 121 58 quadam-

263 2691 99 48 que
320 2691 128 48 fiunt
405 2691 85 48 in
447 2691 128 48 modo.
532 2691 142 48 potuit
632 2691 85 48 ab
674 2691 142 48 eterno
773 2691 184 48 praescire
915 2691 99 48 vel
958 2691 85 48 pre-

266 2728 159 59 sciuisse
385 2728 133 59 plura:
478 2728 80 59 vt
518 2728 159 59 fierent.
638 2728 80 59 si
677 2728 93 59 deo
731 2728 173 59 placerent
863 2728 120 59 plura
930 2728 106 59 fieri

1097 284 100 83 vel
1154 284 85 83 si
1196 284 171 83 placeret
1325 284 171 83 pauciora
1453 284 128 83 fieri
1538 284 114 83 bona
1609 284 114 83 quam
1681 284 142 83 fiunt:
1766 284 114 83 potuit

1087 352 82 53 non
1134 352 188 53 praesciuisse
1287 352 141 53 scilicet
1392 352 188 53 praescientia
1544 352 176 53 beneplaciti
1685 352 82 53 vel
1720 352 141 53 approbatio

1098 394 95 56 nis.
1157 394 118 56 aliqua
1240 394 83 56 qua
1287 394 154 56 presciuit
1406 394 106 56 prout
1477 394 95 56 nunc
1536 394 106 56 sunt.
1607 394 83 56 non
1654 394 106 56 tamen
1725 394 118 56 potest
1796 394 71 56 esse

1098 447 65 46 vt
1131 447 98 46 simul
1196 447 142 46 praesciat
1305 447 65 46 et
1338 447 76 46 non
1381 447 152 46 praesciat.
1501 447 76 46 vel
1544 447 87 46 quod
1599 447 142 46 aliquando
1708 447 163 46 praesciuit:
1827 447 44 46 et

1099 480 177 48 postmodum
1236 480 95 48 non
1290 480 204 48 praesciuit.
1454 480 164 48 loquendo
1576 480 82 48 de
1617 480 204 48 praescietia
1767 480 109 48 intel-

1098 523 140 51 ligentie
1204 523 129 51 tantum.
1297 523 94 51 quia
1356 523 152 51 mutabilis
1472 523 94 51 esse
1531 523 82 51 non
1578 523 129 51 potest.
1671 523 94 51 Unde
1730 523 117 51 potest
1800 523 70 51 con-

1100 565 104 43 cedi
1165 565 104 43 quod
1230 565 104 43 deus
1296 565 131 43 aliquo
1387 565 104 43 modo
1452 565 131 43 potest
1544 565 91 43 non
1596 565 209 43 praesciuisse
1766 565 91 43 vel
1805 565 65 43 non

1100 602 140 57 pescire
1202 602 140 57 aliquid
1304 602 115 57 aliud
1380 602 76 57 ab
1418 602 89 57 his
1469 602 89 57 que
1520 602 191 57 praesciuit.
1673 602 89 57 vel
1724 602 115 57 plura
1788 602 76 57 prae

1096 649 137 42 sciuisse
1198 649 91 42 quam
1255 649 171 42 praesciuit.
1392 649 80 42 sed
1437 649 68 42 ex
1471 649 80 42 hoc
1517 649 80 42 non
1563 649 137 42 sequitur
1665 649 91 42 quod
1722 649 80 42 dei
1756 649 114 42 praescia

1099 689 142 50 possit
1198 689 142 50 augeri
1298 689 85 50 ex
1340 689 128 50 parte
1425 689 142 50 ipsius
1525 689 114 50 dei:
1596 689 99 50 vel
1653 689 156 50 mutari.
1766 689 114 50 quia
1823 689 57 50 ab

1098 728 120 50 eierno
1182 728 96 50 deus
1242 728 180 50 praesciuit:
1385 728 96 50 quat
1445 728 120 50 erunt:
1529 728 72 50 et
1565 728 96 50 quot
1625 728 96 50 non.
1685 728 72 50 et
1720 728 96 50 quot
1768 728 108 50 possibi

1099 770 96 52 lia
1154 770 110 52 sunt
1223 770 124 52 esse.
1305 770 82 52 et
1346 770 96 52 hec
1401 770 110 52 sine
1470 770 110 52 omni
1539 770 220 52 mutabilitate
1717 770 165 52 scientie
1827 770 55 52 in

1101 816 117 45 deo.
1174 816 219 45 Ueruntamen.
1350 816 175 45 quicquid
1481 816 102 45 non
1540 816 175 45 fiendum:
1671 816 102 45 est
1715 816 161 45 possibilo

1106 856 130 52 fieti.
1197 856 78 52 si
1236 856 91 52 hoc
1288 856 104 52 deus
1353 856 78 52 in
1392 856 104 52 esse
1457 856 195 52 produceret:
1612 856 117 52 esset
1690 856 78 52 ab
1729 856 130 52 eterno
1807 856 78 52 pre-

1105 898 136 45 scitam
1200 898 68 45 a
1228 898 109 45 deo.
1295 898 109 45 Ideo
1363 898 149 45 locutio
1472 898 136 45 istius
1567 898 204 45 quaestionis
1716 898 163 45 distinguen

1112 939 76 52 da
1150 939 102 52 est:
1214 939 76 52 si
1252 939 204 52 intelligatur
1418 939 165 52 composite
1545 939 89 52 vel
1596 939 153 52 diuisim.
1711 939 115 52 sicut
1774 939 102 52 dictum

1105 981 112 50 est.
1175 981 84 50 §.
1217 981 112 50 xvii
1287 981 70 50 ¶
1315 981 154 50 Tertium
1427 981 154 50 punctum
1538 981 168 50 notandum
1664 981 112 50 est.
1734 981 112 50 quod
1804 981 84 50 si
1832 981 56 50 ar

1113 1022 132 54 guatur.
1209 1022 108 54 Scitu
1281 1022 96 54 esse
1341 1022 84 54 vel
1389 1022 168 54 praescitum
1520 1022 108 54 esse:
1592 1022 108 54 dicit
1664 1022 180 54 praeteritum
1808 1022 84 54 vel
1844 1022 48 54 vt

1103 1075 190 45 preteritum.
1255 1075 101 45 Deus
1318 1075 114 45 autem
1394 1075 89 45 non
1445 1075 127 45 potest
1534 1075 127 45 facere
1622 1075 101 45 quod
1686 1075 190 45 praeteritum
1825 1075 63 45 non

1104 1115 144 45 fuerit.
1209 1115 105 45 ergo
1274 1115 196 45 impossibile
1431 1115 92 45 est
1483 1115 92 45 non
1536 1115 170 45 praescire
1667 1115 92 45 vel
1719 1115 92 45 non
1758 1115 131 45 sciuisse

1103 1153 158 53 aliquid:
1222 1153 106 53 quid
1288 1153 132 53 scitum
1380 1153 92 53 vel
1433 1153 172 53 prescitum
1565 1153 92 53 est
1618 1153 66 53 a
1644 1153 106 53 deo.
1710 1153 106 53 Tale
1763 1153 119 53 argumen

1105 1193 80 48 tum
1150 1193 80 48 non
1196 1193 114 48 valet.
1276 1193 69 48 vt
1310 1193 103 48 dicit
1379 1193 91 48 Tho.
1436 1193 91 48 quia
1493 1193 103 48 actus
1562 1193 114 48 sactie
1642 1193 114 48 divine
1722 1193 80 48 vel
1756 1193 126 48 praescie:

1111 1238 120 46 nunquam
1198 1238 120 46 transit
1285 1238 65 46 in
1318 1238 174 46 praeteritum.
1459 1238 76 46 sed
1503 1238 109 46 semper
1579 1238 76 46 est
1622 1238 65 46 in
1655 1238 98 46 actu.
1720 1238 65 46 et
1753 1238 87 46 ideo
1796 1238 87 46 semper

1097 1277 120 50 manet
1177 1277 80 50 in
1217 1277 174 50 libertate
1351 1277 187 50 voluntatis
1498 1277 147 50 divine.
1605 1277 120 50 prout
1686 1277 80 50 de
1726 1277 94 50 hoc
1766 1277 107 50 latius

1103 1321 146 63 habitum
1209 1321 106 63 est.
1275 1321 93 63 vbi
1328 1321 239 63 Predestinatio.
1527 1321 80 63 §.
1567 1321 93 63 xi.
1620 1321 93 63 et.
1673 1321 106 63 xii.
1740 1321 93 63 et.
1779 1321 80 63 xxv.

1096 1375 99 83 ¶
1136 1375 139 83 Sed
1215 1375 179 83 adhuc
1335 1375 298 83 difficultas
1573 1375 159 83 est:
1672 1375 159 83 quia
1752 1375 139 83 prae-

1102 1448 96 47 scire
1166 1448 75 47 dei
1209 1448 107 47 semper
1284 1448 75 47 est
1327 1448 128 47 eternum.
1423 1448 85 47 ergo
1476 1448 171 47 necessarium.
1615 1448 85 47 quia
1668 1448 85 47 omne
1722 1448 117 47 eternum
1807 1448 75 47 est
1839 1448 43 47 ne

1102 1488 170 46 cessarium.
1236 1488 73 46 ii
1272 1488 73 46 de
1309 1488 195 46 generatione:
1467 1488 73 46 et
1503 1488 85 46 per
1552 1488 170 46 consequens
1685 1488 122 46 nullum
1758 1488 122 46 eternum:

1104 1533 117 51 potest
1186 1533 82 51 non
1233 1533 93 51 esse
1291 1533 82 51 vel
1338 1533 82 51 non
1384 1533 128 51 fuisse.
1478 1533 175 51 Respondetur
1618 1533 140 51 secundum
1723 1533 105 51 Rich.
1793 1533 82 51 ea.
1828 1533 58 51 di.

1103 1575 126 46 xxxix.
1191 1575 100 46 art.
1254 1575 75 46 i.
1292 1575 75 46 q.
1329 1575 75 46 ii
1367 1575 100 46 quod
1430 1575 138 46 Eternum
1530 1575 88 46 non
1581 1575 126 46 potest
1669 1575 88 46 non
1719 1575 100 46 esse
1782 1575 88 46 vel
1819 1575 63 46 non

1108 1615 157 45 fuisse.
1222 1615 100 45 hoc
1279 1615 129 45 verum
1365 1615 100 45 est
1422 1615 86 45 de
1465 1615 114 45 pure
1536 1615 86 45 et
1579 1615 171 45 absolute
1708 1615 157 45 eterno.
1808 1615 71 45 sed

1109 1659 95 44 non
1164 1659 81 44 de
1204 1659 136 44 eterno
1299 1659 109 44 quod
1367 1659 163 44 includit
1489 1659 81 44 in
1530 1659 81 44 se
1571 1659 176 44 temporale
1693 1659 190 44 contingenter

1112 1701 152 47 futurum.
1226 1701 101 47 Tale
1290 1701 114 47 autem
1366 1701 140 47 eternum
1467 1701 89 47 est
1518 1701 165 47 praescire
1645 1701 152 47 diuinum.
1759 1701 101 47 quod
1810 1701 76 47 qui-

1107 1742 94 45 dem
1160 1742 94 45 non
1214 1742 134 45 potest
1308 1742 94 45 non
1361 1742 107 45 esse
1429 1742 94 45 vel
1482 1742 94 45 non
1536 1742 134 45 fuisse
1630 1742 80 45 in
1670 1742 107 45 deo.
1737 1742 121 45 tamen
1804 1742 94 45 futu-

1103 1791 167 45 ritionem
1228 1791 97 45 rei
1284 1791 139 45 scite:
1381 1791 181 45 possibile
1520 1791 97 45 est
1575 1791 153 45 numquam
1687 1791 153 45 fuisse.
1798 1791 111 45 Unde

1102 1825 186 49 postquam
1241 1825 124 49 deus
1319 1825 171 49 creauit
1443 1825 171 49 mundum.
1567 1825 109 49 iam
1629 1825 109 49 non
1691 1825 109 49 est
1737 1825 155 49 possibi-

1106 1869 80 46 le
1146 1869 107 46 quod
1213 1869 107 46 deus
1280 1869 134 46 mundum
1373 1869 94 46 non
1427 1869 187 46 creauerit.
1574 1869 107 46 quia
1641 1869 147 46 creatio
1735 1869 147 46 transiuit

1113 1912 63 44 in
1144 1912 157 44 preteritum.
1270 1912 63 44 et
1301 1912 157 44 praeteritum
1427 1912 73 44 non
1469 1912 105 44 potest
1543 1912 73 44 non
1585 1912 105 44 fuisse
1658 1912 126 44 secundum
1742 1912 147 44 philosophum.

1114 1956 86 49 vi
1157 1956 129 49 Ethi.
1243 1956 86 49 et
1286 1956 115 49 Aug.
1358 1956 86 49 et
1401 1956 144 49 Hiero.
1501 1956 101 49 sed
1559 1956 129 49 tamen
1645 1956 115 49 ante
1717 1956 129 49 mundi
1788 1956 101 49 crea-

1105 1995 154 50 tionem:
1217 1995 98 50 non
1273 1995 112 50 erat
1344 1995 225 50 nectssarium:
1526 1995 98 50 sed
1582 1995 197 50 contingens
1737 1995 140 50 mundum
1821 1995 70 50 cre

1108 2039 95 51 are.
1168 2039 143 51 loquendo
1274 2039 71 51 ex
1310 2039 107 51 parte
1381 2039 119 51 mundi.
1464 2039 107 51 licet
1536 2039 71 51 ex
1571 2039 107 51 parte
1643 2039 154 51 praesncie
1761 2039 83 51 dei
1797 2039 83 51 essen

1097 2076 215 51 necessarium.
1271 2076 94 51 Hec
1325 2076 121 51 Rich.
1405 2076 148 51 Denique
1512 2076 80 51 ad
1553 2076 107 51 idem
1620 2076 107 51 Tho.
1687 2076 134 51 supra.
1781 2076 134 51 dicit.

1105 2121 115 51 Quod
1177 2121 115 51 omne
1249 2121 144 51 quidem
1349 2121 158 51 eternum
1465 2121 101 51 est
1522 2121 230 51 necessarium:
1695 2121 187 51 necessitate

1097 2161 331 53 immutabilitatis.
1379 2161 149 53 tamen
1478 2161 232 53 libertatem
1660 2161 166 53 diuine
1760 2161 132 53 volun-

1111 2205 137 60 tatis
1202 2205 106 60 non
1248 2205 167 60 excludit.

1105 2236 98 73 ¶
1145 2236 176 73 Utrum
1262 2236 156 73 deus
1359 2236 176 73 sciat
1476 2236 117 73 et
1535 2236 293 73 cognoscatur
1749 2236 137 73 omnia

1111 2305 169 56 presenter
1241 2305 65 56 ¶
1267 2305 156 56 Arguitur
1383 2305 104 56 sic.
1448 2305 156 56 Quicquid
1565 2305 130 56 scitur
1656 2305 182 56 praesenter
1798 2305 91 56 est
1837 2305 52 56 ve

1107 2352 104 53 rum.
1172 2352 91 53 sed
1224 2352 91 53 duo
1276 2352 235 53 contradictoria
1472 2352 156 53 sciuntur
1589 2352 65 53 a
1615 2352 91 53 deo
1667 2352 196 53 praesenter.
1811 2352 78 53 quia

1105 2391 123 46 omnia
1187 2391 110 46 sunt
1256 2391 96 46 deo
1311 2391 205 46 praesentia.
1475 2391 110 46 ergo
1544 2391 96 46 duo
1598 2391 247 46 contradictoria
1790 2391 96 46 erunt

1101 2433 135 50 vera.
1191 2433 105 50 Sed
1251 2433 105 50 hoc
1312 2433 211 50 argumentum
1477 2433 135 50 Bona.
1567 2433 90 50 e.
1612 2433 135 50 dist.
1703 2433 150 50 xxxix.
1793 2433 90 50 quo.

1111 2475 148 50 ultim.
1215 2475 148 50 soluit
1318 2475 104 50 di.
1377 2475 89 50 Ex
1422 2475 163 50 quamuis
1540 2475 118 50 deus
1614 2475 192 50 cognoscat
1762 2475 104 50 duo
1806 2475 89 50 con-

1111 2516 181 53 tradictoria
1256 2516 109 53 simul
1329 2516 169 53 praesentia
1462 2516 73 53 ex
1498 2516 109 53 parte
1571 2516 73 53 su
1607 2516 73 53 id
1643 2516 85 53 est
1691 2516 97 53 dei.
1752 2516 109 53 tamen
1812 2516 73 53 scit

1103 2559 96 53 cum
1158 2559 110 53 hoc:
1227 2559 110 53 quod
1296 2559 110 53 vnum
1364 2559 137 53 alteri
1460 2559 124 53 simul
1543 2559 96 53 est
1598 2559 261 53 incompossibile.
1804 2559 82 53 ergo

1104 2597 87 55 non
1153 2597 174 55 concludit.
1290 2597 62 55 ¶
1314 2597 99 55 Unde
1376 2597 74 55 ad
1414 2597 186 55 quaestionem
1563 2597 186 55 respondetur
1711 2597 149 55 secundum
1811 2597 74 55 eun.

1113 2643 131 55 Bona.
1201 2643 145 55 Ibide.
1302 2643 116 55 quod
1375 2643 203 55 cognoscere
1534 2643 131 55 omnia
1621 2643 218 55 praesenter.
1781 2643 116 55 intel-

1106 2686 105 46 ligi
1172 2686 132 46 potest
1264 2686 198 46 dupliciter.
1422 2686 92 46 Uno
1475 2686 105 46 modo
1541 2686 79 46 vt
1581 2686 145 46 notetur
1673 2686 224 46 praesentialitas

1113 2725 69 62 a
1141 2725 124 62 parte
1224 2725 207 62 cognitorum.
1389 2725 83 62 et
1431 2725 97 62 sic
1486 2725 97 62 est
1541 2725 124 62 falsa
1624 2725 166 62 locutio.
1748 2725 110 62 quia
1803 2725 83 62 deus
