2266 3297
395 243 153 76 potentia
510 243 153 76 scilicet
625 243 217 76 intellectiua:
804 243 179 76 affirmamus
945 243 77 76 et
983 243 153 76 negamus.
1098 243 77 76 et
1124 243 51 76 ea

406 304 103 57 dem
465 304 191 57 voluntate
612 304 162 57 volumus
730 304 88 57 et
774 304 162 57 nolumus
892 304 103 57 Ita
951 304 118 57 deus
1024 304 132 57 eodem
1098 304 88 57 actu

407 344 125 61 potest
495 344 163 61 affirmare
621 344 75 61 et
658 344 138 61 negare.
758 344 75 61 et
796 344 113 61 velle
871 344 75 61 et
909 344 125 61 nolle.
996 344 88 61 Nec
1047 344 88 61 est
1084 344 113 61 inconue

412 389 125 55 niens
495 389 111 55 quod
565 389 83 55 in
607 389 111 55 illo
676 389 125 55 vnico
759 389 111 55 actu
829 389 139 55 scitie
926 389 97 55 dei
982 389 167 55 ponantur
1093 389 97 55 diuer

405 429 79 64 se
444 429 157 64 rationes
562 429 170 64 formales:
693 429 131 64 quibus
784 429 157 64 affirmat
902 429 79 64 et
941 429 131 64 negat.
1033 429 118 64 tamen
1098 429 92 64 eodem

405 467 120 64 actu
480 467 225 64 intellectus
659 467 90 64 et
689 467 195 64 voluntatis.

404 511 114 77 ¶
450 511 137 77 In
519 511 137 77 in
587 511 160 77 deo
679 511 229 77 possit
839 511 183 77 poni
953 511 160 77 vna
1022 511 160 77 perfe

408 577 102 47 ctio
472 577 178 47 illimitata
612 577 115 47 scie:
688 577 102 47 quae
752 577 76 47 se
790 577 127 47 hebeat
879 577 89 47 per
930 577 115 47 modum
1007 577 115 47 quasi
1070 577 115 47 habitus

416 617 103 44 vnius
484 617 115 44 solum.
565 617 103 44 sicut
634 617 126 44 ponitur
725 617 80 44 vna
771 617 149 44 perfectio
886 617 80 44 per
932 617 103 44 modum
1001 617 115 44 actus.
1070 617 126 44 Respondet

431 659 111 45 ibidem
508 659 100 45 Fran.
575 659 89 45 quod
630 659 89 45 bene
686 659 66 45 et
719 659 199 45 rationabiliter
885 659 111 45 potest
963 659 78 45 sic
1007 659 89 45 poni
1062 659 66 45 et
1084 659 100 45 suffice

397 705 78 50 re.
441 705 67 50 Et
475 705 78 50 tuc
519 705 122 50 inquit.
608 705 100 50 Sicut
675 705 89 50 vnus
731 705 67 50 et
764 705 89 50 idem
820 705 100 50 actus
887 705 67 50 in
920 705 78 50 deo
964 705 78 50 est
1009 705 178 50 sapientialis
1142 705 45 50 et

406 744 173 49 sctitalis
539 744 160 49 secundum
659 744 200 49 habitudinem
819 744 80 49 ad
859 744 147 49 diuersa
966 744 160 49 obiecta:
1086 744 93 49 aut
1126 744 53 49 fi

414 784 155 47 diuersas
530 784 155 47 rationes
647 784 155 47 formales
763 784 78 47 in
802 784 103 47 deo.
867 784 91 47 ita
918 784 91 47 est
970 784 116 47 eadem
1035 784 142 47 perfectio

407 828 128 46 quasi
492 828 213 46 habitualis.
662 828 85 46 Et
704 828 99 46 ita
761 828 142 46 potest
860 828 85 46 in
903 828 99 46 deo
959 828 113 46 poni
1030 828 113 46 vnum
1087 828 99 46 exem-

400 872 136 52 plar:
491 872 136 52 quasi
582 872 151 52 totale
687 872 151 52 habens
793 872 91 52 in
839 872 167 52 virtute
960 872 136 52 multa
1036 872 151 52 exempla-

398 913 129 54 ria:
478 913 112 54 qua
543 913 96 54 si
591 913 225 54 partialia.
767 913 112 54 Hec
816 913 112 54 Fran.

399 952 112 70 ¶
443 952 135 70 An
511 952 247 70 aliquod
691 952 247 70 obiectu
870 952 225 70 possit
1005 952 180 70 mouere

399 1016 183 45 intellectum
545 1016 98 45 dici
606 1016 73 45 ad
643 1016 183 45 cogscendum:
789 1016 183 45 Respondetur
936 1016 146 45 secundum
1046 1016 134 45 Scotor.
1131 1016 49 45 di

399 1057 108 47 xxxv.
471 1057 108 47 primi
543 1057 72 47 et
579 1057 108 47 Guil.
651 1057 96 47 quod
711 1057 96 47 deus
771 1057 108 47 nihil
842 1057 108 47 aliud
914 1057 72 47 ab
950 1057 144 47 essentia
1058 1057 120 47 divina
1130 1057 48 47 in

408 1096 141 53 telligit
514 1096 70 53 in
549 1096 129 53 ratione
643 1096 129 53 motiua:
737 1096 94 53 quia
795 1096 94 53 eius
854 1096 176 53 intellectio
994 1096 106 53 esset
1065 1096 117 53 finita
1135 1096 47 53 si

409 1134 123 54 posse
491 1134 136 54 moueri
587 1134 68 54 a
614 1134 136 54 finito
709 1134 95 54 nec
764 1134 95 54 est
818 1134 150 54 aliquod
927 1134 164 54 creatum.
1050 1134 123 54 primo
1118 1134 68 54 ter

409 1182 96 46 minat
473 1182 96 46 actum
537 1182 160 46 intellectus
665 1182 117 46 divini.
750 1182 75 46 sed
793 1182 149 46 secundario
910 1182 138 46 terminat.
1017 1182 75 46 hoc
1059 1182 75 46 est
1091 1182 96 46 virtute

413 1221 92 51 primi
474 1221 112 51 obiecti
555 1221 61 51 id
586 1221 71 51 est
627 1221 122 51 essentie
718 1221 102 51 divine
789 1221 61 51 in
820 1221 71 51 qua
861 1221 81 51 est.
911 1221 81 51 quia
962 1221 122 51 obiectum
1044 1221 132 51 secundarium

403 1269 137 50 scilicet
505 1269 137 50 creatum.
608 1269 80 50 non
653 1269 159 50 necessario
778 1269 159 50 coexigitur
903 1269 68 50 ad
938 1269 102 50 actum
1006 1269 137 50 eternum.
1108 1269 68 50 vt
1131 1269 57 50 est

406 1302 212 60 intellectio
561 1302 85 60 dei.

548 1390 238 109 E.
667 1390 278 109 est
787 1390 397 109 pronomen

592 1479 85 63 Et
634 1479 85 63 vt
676 1479 127 63 notat
761 1479 127 63 Guil.
846 1479 85 63 in
888 1479 85 63 i.
930 1479 99 63 di.
987 1479 141 63 xxxii.
1085 1479 99 63 cum
1128 1479 56 63 Pe

399 1487 94 91 tro
452 1487 135 91 Helie.
547 1487 121 91 super
628 1487 189 91 principium
776 1487 256 91 constructionis.
992 1487 81 91 et
1033 1487 121 91 Guil.
1100 1487 81 91 Het-

404 1566 116 50 temb.
481 1566 77 50 in
520 1566 103 50 suis
584 1566 232 50 Sophismatibus.
778 1566 167 50 aliquando
906 1566 90 50 est
958 1566 155 50 pronomen
1061 1566 116 50 recipro

400 1608 99 48 cum.
461 1608 161 48 aliquando
585 1608 222 48 retransitiuum.
770 1608 99 48 Unde
832 1608 111 48 solet
906 1608 99 48 capi
968 1608 198 48 tripliciter.
1116 1608 62 48 Uno

391 1650 110 59 modo
460 1650 110 59 pure
528 1650 233 59 retransitiue.
721 1650 123 59 sicut
803 1650 82 59 in
844 1650 110 59 illo
913 1650 206 59 sophismate.
1077 1650 110 59 Isti
1132 1650 55 59 pu

398 1696 119 48 gnant
477 1696 79 48 vt
517 1696 132 48 vicant
609 1696 92 48 se.
662 1696 92 48 non
715 1696 106 48 esim
781 1696 185 48 significat
926 1696 106 48 quod
992 1696 145 48 pugnans
1084 1696 106 48 vincat

393 1731 162 59 seipsum:
514 1731 94 59 sed
568 1731 229 59 compugnantem.
757 1731 148 59 Secundo
864 1731 148 59 capitur
972 1731 108 59 pure
1026 1731 162 59 reciproce.

403 1771 113 60 Sicut
479 1771 76 60 in
517 1771 113 60 Alex.
592 1771 76 60 de
630 1771 101 60 vil.
693 1771 113 60 dici.
769 1771 76 60 in
806 1771 164 60 principio
932 1771 239 60 constructionum.
1121 1771 63 60 Uos

401 1815 165 58 diligitis
528 1815 102 58 vos.
592 1815 165 58 Similiter
719 1815 127 58 petrus
807 1815 140 58 diligit
909 1815 89 58 se.
960 1815 127 58 Tertio
1048 1815 140 58 capitur
1137 1815 51 58 re

404 1861 120 47 ciproce
491 1861 65 47 et
524 1861 174 47 retransitiue
665 1861 120 47 similis
752 1861 65 47 vt
785 1861 76 47 cum
828 1861 130 47 dicitur.
926 1861 65 47 In
959 1861 130 47 divinis:
1057 1861 98 47 pater
1122 1861 65 47 et
1144 1861 43 47 fi

398 1891 80 65 lius
448 1891 120 65 diligunt
538 1891 60 65 se
568 1891 110 65 spiritu
648 1891 90 65 snco.
708 1891 80 65 quia
758 1891 90 65 pater
817 1891 110 65 diligit
897 1891 60 65 se
927 1891 110 65 spiritu
1007 1891 110 65 sancto.
1087 1891 60 65 et
1107 1891 60 65 fili

398 1942 138 66 diligit
499 1942 75 66 se
536 1942 138 66 spiritu
637 1942 125 66 sanco.
725 1942 75 66 et
762 1942 113 66 pater
838 1942 75 66 ac
875 1942 125 66 filius
963 1942 75 66 se
1001 1942 113 66 mutuo
1064 1942 125 66 diligunt

393 1984 146 69 spiritu
499 1984 106 69 sco.
565 1984 79 69 vt
604 1984 132 69 patuit
697 1984 93 69 vbi
750 1984 172 69 Diligere.
882 1984 79 69 §.
909 1984 66 69 ix.

440 2081 189 84 I

570 2110 200 90 q.
670 2110 233 90 est
770 2110 400 90 coniunctio

560 2194 162 50 causalis
681 2194 162 50 secundum
802 2194 162 50 Donatum.
924 2194 81 50 et
964 2194 121 50 solet
1045 2194 108 50 capi
1099 2194 81 50 tri-

594 2233 149 48 liciter.
705 2233 149 48 secundum
817 2233 112 48 Guil.
892 2233 75 48 in
929 2233 75 48 i.
967 2233 87 48 di.
1016 2233 87 48 xi.
1066 2233 87 48 Uno
1103 2233 75 48 modo

375 2256 160 67 capitur
492 2256 102 67 pro
550 2256 131 67 quia.
638 2256 87 67 vt
681 2256 87 67 in
725 2256 160 67 Catone.
842 2256 87 67 Si
885 2256 117 67 deus
958 2256 102 67 est
1016 2256 146 67 animus
1104 2256 58 67 no

383 2306 105 65 bis
443 2306 90 65 vt
488 2306 165 65 carmina
608 2306 165 65 dicunt.
728 2306 135 65 Item.
817 2306 120 65 iii.
892 2306 150 65 Regum.
997 2306 120 65 xvi.
1072 2306 90 65 Si
1102 2306 60 65 de

389 2360 102 52 est
448 2360 131 52 deus:
535 2360 161 52 sequimi
652 2360 117 52 eum.
725 2360 117 52 Etsi
798 2360 190 52 scriptura
944 2360 131 52 sacra
1032 2360 102 52 est
1076 2360 102 52 vera:

403 2400 133 54 peribit
500 2400 109 54 omnis
572 2400 121 54 malus.
657 2400 85 54 Ibi
705 2400 133 54 capitur
802 2400 72 54 si
838 2400 72 54 id
874 2400 85 54 est
922 2400 97 54 quia
983 2400 85 54 sic
1031 2400 85 54 est
1079 2400 72 54 et
1104 2400 72 54 etc.

395 2442 136 59 Secundo
494 2442 99 59 modo
555 2442 136 59 capitur
654 2442 87 59 pro
704 2442 99 59 non.
766 2442 74 59 vt
803 2442 74 59 in
840 2442 148 59 psalmus.
951 2442 99 59 Ipsi
1013 2442 99 59 vero
1075 2442 87 59 non
1112 2442 62 59 co-

387 2489 207 45 gnouerunt
546 2489 127 45 vias
626 2489 143 45 meas:
721 2489 159 45 quibus
832 2489 159 45 iuraui
944 2489 95 45 in
991 2489 111 45 ira
1055 2489 127 45 mea.
1118 2489 64 45 si

399 2528 187 48 introibunt
545 2528 80 48 in
585 2528 147 48 requiem
692 2528 120 48 meam.
772 2528 80 48 si
812 2528 80 48 id
852 2528 93 48 est
905 2528 93 48 non
959 2528 187 48 introibunt
1092 2528 80 48 etc.

406 2560 121 67 Tertio
490 2560 97 67 modo
551 2560 133 67 capitur
647 2560 72 67 vt
683 2560 109 67 notat
756 2560 193 67 conditionem.
913 2560 72 67 et
949 2560 97 67 hinc
1009 2560 133 67 dicitur
1094 2560 72 67 pro-

400 2607 167 55 positio
521 2607 228 55 hypothetica
703 2607 273 55 conditionalis.
931 2607 137 55 sicut
1022 2607 137 55 illud
1098 2607 76 55 Io-

388 2655 139 54 xiiii.
486 2655 84 54 Si
528 2655 112 54 quis
597 2655 153 54 diligit
709 2655 84 54 me
751 2655 112 54 ser.
820 2655 112 54 meum
890 2655 139 54 serua.
988 2655 112 54 Unde
1057 2655 112 54 ver.
1113 2655 56 54 Si

383 2696 128 59 quia.
468 2696 128 59 sique
553 2696 142 59 negat.
653 2696 85 59 si
695 2696 142 59 signat
795 2696 213 59 conditionem
951 2696 71 59 etc

1240 272 171 67 Nota
1347 272 193 67 etiam
1475 272 278 67 secundum.
1689 272 128 67 e.
1753 272 193 67 Guil.
1860 272 193 67 Ibidem.

1239 336 106 54 quod
1305 336 93 54 cum
1358 336 106 54 ista
1425 336 213 54 coniunctione
1598 336 93 54 si.
1651 336 133 54 potest
1744 336 146 54 triplex
1851 336 133 54 quonum
1931 336 93 54 modus

1240 376 219 54 exordiri.
1409 376 84 54 ¶
1442 376 168 54 Primus
1560 376 152 54 modus
1661 376 135 54 est.
1745 376 168 54 quando
1863 376 118 54 tam
1914 376 101 54 ante

1237 414 137 55 cedens
1333 414 109 55 quam
1401 414 191 55 consequens
1552 414 123 55 habet
1634 414 191 55 veritatem.
1784 414 164 55 Queritur
1907 414 123 55 tamen
1975 414 55 55 de

1249 458 182 58 onexione
1385 458 243 58 antecedentis
1583 458 106 58 cum
1644 458 243 58 consequente.
1841 458 137 58 Sicut
1917 458 106 58 illud

1246 495 170 65 Boetii
1365 495 102 65 de
1416 495 205 65 consola.
1570 495 102 65 Si
1621 495 136 65 deus
1706 495 119 65 est
1774 495 136 65 vnde
1860 495 153 65 mala:
1945 495 85 65 Nam

1253 545 128 58 verum
1338 545 100 58 est
1395 545 85 58 et
1438 545 114 58 deum
1509 545 128 58 esse:
1595 545 85 58 et
1637 545 114 58 mala
1708 545 128 58 esse.
1794 545 100 58 Sed
1851 545 185 58 queritur.
1979 545 57 58 An

1240 588 86 60 ad
1283 588 114 60 deum
1354 588 128 60 esse:
1439 588 171 60 sequitur
1568 588 114 60 mala
1639 588 114 60 esse
1710 588 100 60 vel
1767 588 100 60 non
1824 588 71 60 ¶
1853 588 171 60 Secundus
1967 588 57 60 mo

1244 624 118 54 dus
1312 624 135 54 est.
1396 624 169 54 Quando
1514 624 118 54 aut
1581 624 236 54 antecedens
1767 624 118 54 aut
1818 624 202 54 consequens

1249 664 110 67 vnum
1318 664 152 67 illorum
1428 664 124 67 habet
1511 664 207 67 falsitatem.
1676 664 124 67 tamen
1759 664 83 67 in
1800 664 207 67 extrinsecis
1952 664 69 67 qua

1241 714 121 49 ritur
1321 714 81 49 de
1361 714 107 49 illa
1429 714 215 49 consequentia
1603 714 134 49 Utrum.
1697 714 161 49 scilicet
1818 714 81 49 ad
1858 714 121 49 vnum:
1939 714 121 49 aliud

1244 749 163 57 sequatur.
1370 749 113 57 Sicut
1445 749 75 57 in
1482 749 188 57 philosopho.
1632 749 113 57 iiii.
1708 749 125 57 physi.
1795 749 163 57 queritur.
1920 749 113 57 Utrum
1983 749 50 57 si

1235 791 98 61 in
1284 791 163 61 spacio
1398 791 163 61 aliquo
1512 791 147 61 esset
1610 791 147 61 solum
1708 791 147 61 sonus
1806 791 114 61 seu
1872 791 163 61 color.
1970 791 65 61 an

1235 831 147 59 illud
1332 831 179 59 spacium
1463 831 147 59 esset
1561 831 179 59 vacuum.
1691 831 114 59 Nam
1756 831 130 59 illa
1838 831 114 59 que
1903 831 130 59 sunt
1968 831 65 59 in

1233 869 172 59 spacio:
1358 869 219 59 extrinseca
1530 869 125 59 sunt
1608 869 156 59 spacio
1718 869 78 59 ¶
1749 869 125 59 Item
1827 869 94 59 in
1858 869 172 59 quastione

1244 919 195 52 theologica
1397 919 222 52 consimiliter
1578 919 111 52 est.
1647 919 181 52 videlicet
1786 919 125 52 ista.
1869 919 125 52 Utrum
1939 919 97 52 spiri

1240 959 135 63 ritus
1330 959 165 63 sanctus
1450 959 90 63 si
1494 959 75 63 a
1524 959 135 63 patre
1614 959 120 63 solo
1689 959 224 63 procederet:
1853 959 180 63 distingue-

1241 1004 140 60 retur
1335 1004 93 60 ex
1381 1004 155 60 natura
1490 1004 109 60 rei
1552 1004 78 60 a
1583 1004 140 60 filio
1677 1004 109 60 Nam
1739 1004 186 60 imaginor
1879 1004 155 60 inquit
1972 1004 62 60 in

1245 1043 111 59 filio
1319 1043 148 59 duplicem
1430 1043 173 59 relationem
1566 1043 148 59 scilicet
1677 1043 198 59 filiationem.
1838 1043 74 59 et
1863 1043 173 59 spirationem.

1243 1093 180 45 actiuam.
1378 1093 90 45 Et
1423 1093 180 45 antequam
1558 1093 150 45 filius
1664 1093 150 45 spiret
1769 1093 180 45 spiritum
1889 1093 135 45 sanctum

1242 1127 94 60 in
1289 1127 156 60 quodam
1399 1127 156 60 signo.
1508 1127 203 60 intelligo
1664 1127 156 60 filium
1773 1127 94 60 in
1820 1127 125 60 esse
1898 1127 109 60 suo
1945 1127 78 60 com

1238 1170 167 63 stitutum
1363 1170 83 63 ex
1405 1170 139 63 diuina
1502 1170 167 63 essentia
1627 1170 83 63 et
1669 1170 208 63 filiatione.
1836 1170 83 63 et
1877 1170 97 63 ita
1933 1170 83 63 in
1961 1170 69 63 se-

1239 1219 134 57 cundo
1328 1219 134 57 signo
1418 1219 223 57 spirationem
1596 1219 119 57 sibi
1671 1219 194 57 aduenire.
1820 1219 89 57 et
1864 1219 104 57 per
1909 1219 119 57 conse-

1249 1259 127 55 quens
1333 1259 84 55 de
1376 1259 113 55 esse
1446 1259 211 55 quiditatiuo
1615 1259 127 55 filii
1699 1259 99 55 non
1756 1259 127 55 esse.
1840 1259 127 55 licet
1924 1259 141 55 Petrus

1248 1300 164 51 Aureoli
1367 1300 164 51 dixerit
1487 1300 209 51 oppositum.
1651 1300 164 51 ponendo
1770 1300 149 51 filium
1860 1300 164 51 constitui

1240 1343 83 53 ex
1282 1343 153 53 tribus.
1393 1343 83 53 ex
1435 1343 139 53 diuina
1532 1343 181 53 essentia.
1671 1343 208 53 filiatione.
1838 1343 83 53 et
1865 1343 167 53 spiratione

1245 1392 164 44 actiua.
1364 1392 119 44 Modo
1438 1392 193 44 huiusmodi
1587 1392 164 44 questio
1706 1392 208 44 admittenda
1869 1392 119 44 est.
1929 1392 104 44 quam-

1242 1429 90 50 uis
1293 1429 179 50 antecedens
1434 1429 90 50 sit
1485 1429 128 50 falsum
1575 1429 77 50 et
1613 1429 192 50 impossibile
1767 1429 154 50 scilicet
1882 1429 102 50 quod
1934 1429 102 50 spirit

1237 1477 130 56 ritus
1323 1477 159 56 sanctus
1439 1477 72 56 a
1468 1477 116 56 solo
1541 1477 130 56 patre
1628 1477 188 56 procedat.
1772 1477 101 56 Nec
1830 1477 116 56 ista
1888 1477 145 56 quaestio

1241 1519 119 46 ponit
1320 1519 106 46 quod
1386 1519 93 46 ita
1439 1519 106 46 sit.
1505 1519 93 46 sed
1558 1519 145 46 querit:
1664 1519 79 46 si
1703 1519 93 46 ita
1756 1519 132 46 esset.
1849 1519 106 46 quid
1915 1519 119 46 esset
1981 1519 53 46 di

1242 1562 148 53 cendum
1346 1562 118 53 etc.
1420 1562 74 53 ¶
1450 1562 163 53 Tettius
1568 1562 133 53 modus
1657 1562 118 53 est.
1731 1562 148 53 quando
1835 1562 104 53 fit
1879 1562 148 53 quaestio

1238 1598 83 54 de
1280 1598 96 54 si.
1335 1598 96 54 ita
1390 1598 110 54 quod
1458 1598 83 54 in
1500 1598 206 54 antecedente
1665 1598 96 54 vel
1720 1598 206 54 consequente
1885 1598 96 54 est
1926 1598 96 54 falsi

1233 1639 109 59 tas
1296 1639 109 59 quo
1358 1639 94 59 ad
1405 1639 234 59 intrinseca.
1593 1639 187 59 Queritur
1733 1639 141 59 tamen
1827 1639 94 59 de
1858 1639 172 59 consequen

1240 1686 119 51 tia:
1315 1686 90 51 an
1359 1686 194 51 sequatur.
1509 1686 134 51 Sicut
1598 1686 134 51 illud
1688 1686 164 51 Richar.
1807 1686 119 51 iii.
1882 1686 90 51 de
1912 1686 119 51 trini.

1244 1726 101 49 ca.
1301 1726 101 49 vi.
1359 1726 86 49 Si
1402 1726 144 49 tantum
1502 1726 101 49 vna
1560 1726 158 49 persona
1675 1726 129 49 esset
1761 1726 158 49 haberet
1862 1726 158 49 sapientie

1235 1765 271 51 plenitudinem
1455 1765 153 51 eque:
1557 1765 102 51 vt
1608 1765 153 51 nunc.
1710 1765 187 51 Persona
1845 1765 136 51 enim
1913 1765 119 51 prima

1241 1814 101 47 vel
1298 1814 101 47 vna
1356 1814 230 47 constituitur
1542 1814 86 47 in
1586 1814 115 47 esse
1657 1814 158 47 persone
1772 1814 101 47 per
1830 1814 187 47 respectum
1974 1814 86 47 ad

1242 1846 158 66 secundam
1360 1846 171 66 personam.
1492 1846 79 66 et
1532 1846 92 66 ita
1585 1846 145 66 ponitur
1690 1846 158 66 falsitas
1809 1846 79 66 in
1848 1846 105 66 esse
1901 1846 132 66 quidita-

1229 1888 156 60 tiuo.
1333 1888 122 60 Hec
1402 1888 104 60 ex
1437 1888 139 60 Guill.

1244 1929 116 85 ¶
1290 1929 185 85 Nota
1406 1929 254 85 denique
1591 1929 139 85 de
1637 1929 393 85 conditionaliter

1240 1999 140 61 secundum
1346 1999 105 61 Lyram
1416 1999 105 61 super
1486 1999 140 61 Epistola
1591 1999 82 61 Gal
1638 1999 70 61 id
1673 1999 82 61 est
1720 1999 70 61 et
1755 1999 140 61 logicos:
1860 1999 70 61 ac
1884 1999 140 61 communiter

1237 2045 141 58 Mgros.
1335 2045 112 58 quod
1406 2045 141 58 aliqua
1504 2045 197 58 propositio
1659 2045 239 58 conditionalis
1855 2045 141 58 potest
1940 2045 84 58 esse

1244 2093 119 48 vera.
1323 2093 119 48 cuius
1402 2093 119 48 tamen
1481 2093 145 48 vtraque
1587 2093 106 48 pars
1653 2093 92 48 est
1705 2093 132 48 falsa.
1798 2093 79 48 vt
1837 2093 92 48 est
1890 2093 119 48 ista.
1956 2093 66 48 Sed

1241 2127 106 64 homo
1307 2127 132 64 volat:
1399 2127 106 64 homo
1466 2127 119 64 habet
1545 2127 119 64 alas.
1624 2127 93 64 est
1677 2127 185 64 propositio
1823 2127 106 64 vera
1876 2127 145 64 hypotheti

1233 2177 87 44 ca.
1282 2177 74 44 et
1319 2177 112 44 tamen
1394 2177 136 44 vtraque
1493 2177 99 44 eius
1555 2177 99 44 pars
1617 2177 87 44 est
1666 2177 112 44 falsa
1741 2177 149 44 scilicet
1852 2177 136 44 hominem
1939 2177 87 44 vola-

1240 2215 84 57 re:
1288 2215 72 57 et
1324 2215 121 57 habere
1409 2215 109 57 alas.
1481 2215 157 57 Similiter
1602 2215 109 57 illud
1674 2215 157 57 Apostolis
1795 2215 97 57 Gal.
1855 2215 72 57 i.
1891 2215 72 57 Si
1915 2215 109 57 angelus

1229 2254 80 51 de
1269 2254 106 51 celo
1335 2254 239 51 euangeliemaret
1534 2254 133 51 contra
1627 2254 173 51 veritatem
1760 2254 186 51 euangelii:
1893 2254 133 51 anathema

1228 2297 89 64 sit:
1284 2297 100 64 licet
1350 2297 89 64 vera
1406 2297 78 64 sit
1450 2297 134 64 locutio:
1551 2297 100 64 tamen
1617 2297 89 64 anbe
1673 2297 111 64 partes
1751 2297 89 64 eius
1806 2297 89 64 ster
1862 2297 89 64 fle:
1918 2297 67 64 vt
1940 2297 89 64 patet.

1404 2348 100 50 sos

1412 2366 404 103 Amplex
1695 2366 283 103 del
1816 2366 202 103 sim

1424 2450 176 65 plicitas.
1560 2450 81 65 De
1601 2450 95 65 hoc
1655 2450 108 65 nota
1723 2450 163 65 secundum
1845 2450 122 65 Guil.
1926 2450 81 65 in
1953 2450 68 65 pi.

1425 2502 88 50 di.
1476 2502 113 50 viii.
1551 2502 101 50 quod
1614 2502 139 50 simplex
1715 2502 139 50 dicitur
1816 2502 113 50 quasi
1891 2502 101 50 sine
1942 2502 88 50 plica

1420 2544 65 56 eo
1453 2544 87 56 quod
1507 2544 98 56 caret
1572 2544 130 56 partibus
1669 2544 87 56 Unde
1724 2544 163 56 philosophus
1854 2544 108 56 dicit.
1929 2544 87 56 xii.
1973 2544 54 56 me-

1221 2573 194 65 taphysi.
1367 2573 113 65 aut
1431 2573 146 65 totum
1529 2573 243 65 cognoscitur
1723 2573 194 65 simplex.
1869 2573 113 65 aut
1918 2573 113 65 totum

1217 2619 221 58 ignoratur.
1391 2619 236 58 Simplicitas
1580 2619 126 58 enim
1659 2619 189 58 loquendo
1800 2619 221 58 formaliter
1958 2619 63 58 so

1231 2666 99 52 lum
1287 2666 127 52 dicit
1372 2666 183 52 respectum
1513 2666 183 52 negatiuum
1654 2666 254 52 compositionis.
1865 2666 127 52 licet
1935 2666 99 52 funda

1220 2706 175 78 mentaliter
1358 2706 163 78 aliquando
1483 2706 113 78 dicat
1558 2706 175 78 positionem
1696 2706 88 78 sed
1746 2706 88 78 non
1796 2706 125 78 semper
1883 2706 100 78 quia
1946 2706 100 78 bene
1996 2706 50 78 di
