2273 3293
379 286 132 73 corpus
471 286 145 73 christi
577 286 79 73 in
616 286 198 73 eucharistia
775 286 158 73 scilicet
893 286 211 73 naturaliter.
1051 286 106 73 Ratio.

384 343 120 55 quia
459 343 135 55 actio
549 343 194 55 naturalis
698 343 105 55 non
758 343 150 55 potest
863 343 120 55 esse
938 343 120 55 sine
1012 343 150 55 contac
1102 343 60 55 tu

381 391 87 48 in
425 391 219 48 corporibus.
600 391 102 48 nec
658 391 190 48 contactus
804 391 146 48 potest
906 391 117 48 esse
979 391 117 48 sine
1037 391 117 48 quanti

379 438 129 43 tate.
465 438 100 43 sed
522 438 115 43 quia
594 438 143 43 corpus
694 438 158 43 christi
809 438 100 43 non
866 438 100 43 est
924 438 100 43 sub
981 438 115 43 modo
1038 438 115 43 quanti

390 470 152 60 tatiuo
496 470 91 60 in
542 470 244 60 eucharistia:
740 470 122 60 quia
816 470 107 60 non
877 470 167 60 occupat
999 470 137 60 locum
1075 470 91 60 ibi.

382 510 116 58 ergo
455 510 116 58 etc.
528 510 116 58 Item
600 510 87 58 in
644 510 160 58 visione
760 510 189 58 corporali
905 510 218 58 naturaliter
1064 510 102 58 opor-

393 558 94 47 tet
446 558 108 47 quod
514 558 108 47 fiat
581 558 175 47 deriuatio
715 558 148 47 speciei
823 558 175 47 visibilis
957 558 94 47 per
1011 558 134 47 medium
1091 558 81 47 etc.

386 598 97 50 sed
442 598 97 50 hoc
497 598 97 50 non
553 598 139 50 potest
651 598 125 50 fieri
734 598 111 50 nisi
804 598 70 50 a
832 598 153 50 corpore
943 598 181 50 existenti
1082 598 84 50 in
1110 598 56 50 lo

389 638 99 57 co.
446 638 142 57 Corpus
545 638 128 57 autem
630 638 156 57 christi
743 638 85 57 in
786 638 213 57 eucharistia
956 638 99 57 non
1012 638 99 57 est
1069 638 85 57 in
1097 638 57 57 l.

395 680 111 55 co.
459 680 127 55 Item
538 680 143 55 color
633 680 111 55 est
696 680 190 55 obiectum
839 680 206 55 adequatum
997 680 159 55 visus.
1093 680 63 55 ii

388 730 87 40 de
432 730 145 40 anima.
534 730 102 40 Sed
592 730 131 40 color
679 730 174 40 respicit
810 730 218 40 quantitatem
985 730 102 40 pro
1043 730 102 40 suo
1086 730 73 40 per

395 771 86 46 se
438 771 186 46 subiecto.
581 771 115 46 Unde
652 771 129 46 patet
738 771 115 46 quod
810 771 86 46 ex
853 771 100 46 quo
910 771 143 46 corpus
1010 771 158 46 christi
1111 771 57 46 in

393 804 234 52 eucharistia
580 804 109 52 non
643 804 140 52 habet
736 804 171 52 ordinem
861 804 202 52 naturalem
1016 804 93 52 ad
1047 804 125 52 oculum

387 845 102 58 nec
446 845 160 58 ratione
562 845 131 58 loci:
650 845 102 58 nec
708 845 160 58 ratione
825 845 233 58 quantitatis:
1014 845 102 58 nec
1058 845 102 58 ratio

389 890 82 56 ne
430 890 164 56 coloris.
553 890 109 56 ergo
622 890 96 56 non
677 890 137 56 potest
772 890 205 56 naturaliter
936 890 96 56 ibi
991 890 150 56 percipi
1087 890 82 56 ali-

390 928 104 54 quo
449 928 133 54 sensu
538 928 207 54 corporali.
701 928 118 54 quia
775 928 104 54 ibi
834 928 133 54 habet
923 928 118 54 esse
982 928 178 54 spirituale

396 976 117 52 sicut
474 976 183 52 substantia
618 976 196 52 spiritualis
774 976 104 52 puta
840 976 144 52 angelus
944 976 104 52 quae
1009 976 91 52 est
1062 976 104 52 sine
1114 976 52 52 ac

395 1013 199 53 cidentibus
551 1013 242 53 sensibilibus.
750 1013 71 53 ¶
778 1013 170 53 Secundo:
906 1013 85 53 si
949 1013 85 53 de
992 1013 114 53 visu
1048 1013 114 53 glorio

392 1059 84 48 si
434 1059 125 48 oculi
517 1059 181 48 loquimur:
657 1059 223 48 consimiliter
838 1059 167 48 dicendum
963 1059 167 48 secundum
1075 1059 97 48 predi

393 1098 119 55 ctos
468 1098 119 55 doc.
542 1098 119 55 quod
617 1098 104 55 nec
677 1098 134 55 lumen
766 1098 149 55 glorie
871 1098 194 55 corporale
1020 1098 149 55 potest
1109 1098 60 55 na

391 1138 183 60 turaliter
532 1138 183 60 attingere
673 1138 99 60 rem
729 1138 99 60 non
786 1138 183 60 existente
926 1138 85 60 in
969 1138 127 60 loco.
1053 1138 85 60 Et
1081 1138 85 60 quia

398 1182 154 55 corpus
506 1182 170 55 christi
629 1182 93 55 in
675 1182 231 55 eucharistia
860 1182 108 55 non
922 1182 108 55 est
984 1182 93 55 vt
1030 1182 93 55 in
1061 1182 108 55 loco-

393 1221 132 53 ideo
475 1221 116 53 non
541 1221 165 53 potest
657 1221 248 53 approximare
855 1221 165 53 organo
970 1221 116 53 nec
1020 1221 149 53 distare

392 1265 237 48 determinate
581 1265 95 48 ab
629 1265 110 48 eo:
692 1265 126 48 quod
771 1265 221 48 requiritur
944 1265 95 48 ad
976 1265 189 48 terminandi

393 1306 161 57 visum.
506 1306 81 57 ¶
538 1306 177 57 Tertio:
667 1306 97 57 si
715 1306 97 57 de
763 1306 177 57 visione
892 1306 225 57 miraculosa
1053 1306 113 57 loqui

391 1355 99 42 mur
447 1355 141 42 dicunt
546 1355 127 42 iidem
630 1355 183 42 praedicti
771 1355 127 42 doct.
856 1355 113 42 quod
926 1355 99 42 nec
983 1355 99 42 per
1025 1355 141 42 miraculi

389 1389 192 50 ordinata
533 1389 192 50 potentia
676 1389 160 50 potest
788 1389 176 50 eleuari
916 1389 160 50 oculus
1011 1389 160 50 corporat

391 1435 88 50 ad
435 1435 175 50 videndum
567 1435 219 50 existentiam
742 1435 205 50 substantie
903 1435 190 50 separate:
1049 1435 161 50 quemad¬

389 1471 144 57 modum
485 1471 144 57 habet
581 1471 160 57 corpus
693 1471 176 57 christi
822 1471 96 57 vt
870 1471 96 57 in
918 1471 240 57 eucharistia
1094 1471 80 57 vbi

415 1517 159 57 benitus
530 1517 101 57 est
588 1517 202 57 inuisibile
747 1517 130 57 oculo
834 1517 188 57 corporali
979 1517 87 57 et
1007 1517 174 57 intangibi-

396 1554 89 55 le
441 1554 192 55 immediate
588 1554 89 55 ab
633 1554 118 55 alio
707 1554 251 55 quantumcunque
914 1554 222 55 penetrentur
1076 1554 104 55 speci

409 1599 72 51 es
445 1599 193 51 eucharistie.
602 1599 109 51 sicut
674 1599 84 51 nec
723 1599 169 51 substantia
855 1599 181 51 spiritualis
1000 1599 109 51 tangi
1072 1599 121 51 potest
1145 1599 36 51 a

409 1643 135 50 loco
493 1643 118 50 vel
561 1643 168 50 aliquo
679 1643 84 50 ¶
712 1643 118 50 Sed
780 1643 101 50 de
830 1643 202 50 potentia
982 1643 202 50 absoluta
1117 1643 67 50 di

415 1676 100 56 cit
472 1676 200 56 Scotorlis.
629 1676 114 56 quod
700 1676 114 56 deus
772 1676 171 56 absoluta
901 1676 171 56 potentia
1029 1676 143 56 posset
1115 1676 57 56 fa

403 1727 118 50 cere
477 1727 88 50 vt
521 1727 88 50 in
565 1727 133 50 oculo
654 1727 118 50 siue
727 1727 177 50 glorioso
860 1727 118 50 siue
934 1727 103 50 non
993 1727 177 50 glorioso
1110 1727 74 50 cau

413 1763 146 56 saretur
519 1763 120 56 visio
599 1763 160 56 corporis
719 1763 146 56 christi
825 1763 80 56 in
865 1763 213 56 eucharistia.
1039 1763 107 56 quia
1092 1763 93 56 visio

419 1807 100 50 est
476 1807 128 50 forma
561 1807 185 50 absoluta:
704 1807 114 50 ideo
775 1807 143 50 potest
875 1807 128 50 fieri
960 1807 157 50 tanquam
1060 1807 114 50 absolu

413 1853 97 50 tum
469 1853 139 50 absque
566 1853 166 50 respectu
690 1853 291 50 praesentialitatis
940 1853 83 50 ad
981 1853 166 50 obiectum
1092 1853 83 50 sin-

412 1894 229 48 implicatione
598 1894 286 48 contradictionis.
841 1894 100 48 sed
899 1894 129 48 nulla
985 1894 129 48 visio
1070 1894 100 48 sic
1113 1894 72 48 cau

417 1932 100 59 sata
479 1932 125 59 posset
566 1932 150 59 corporis
678 1932 75 59 vt
716 1932 87 59 hoc
766 1932 62 59 ¶
791 1932 75 59 Si
828 1932 162 59 obiicitur
953 1932 100 59 quod
1015 1932 162 59 aliquando
1127 1932 50 59 in

410 1980 234 54 eucharistia
598 1980 172 54 apparet
722 1980 140 54 spies
816 1980 172 54 paruuli
941 1980 109 54 vel
1003 1980 156 54 frustu
1097 1980 78 54 can

411 2015 89 64 nis
462 2015 77 64 et
501 2015 179 64 huiusmodi.
641 2015 153 64 Dicendum
756 2015 153 64 secundum
870 2015 115 64 Rich.
947 2015 102 64 quod
1011 2015 115 64 illud
1087 2015 89 64 non
1125 2015 64 64 est

413 2064 149 48 corpus
518 2064 179 48 christi.
652 2064 120 48 quia
727 2064 164 48 maiores
846 2064 134 48 habet
936 2064 224 48 dimensiones
1100 2064 90 48 cor-

419 2099 85 62 pos
468 2099 134 62 christi
565 2099 98 62 quam
626 2099 98 62 illa
687 2099 98 62 quae
748 2099 195 62 ibiapparent.
907 2099 98 62 etsi
968 2099 98 62 vere
1028 2099 134 62 apperet
1114 2099 73 62 cor-

419 2141 93 60 pus
472 2141 160 60 christi:
592 2141 107 60 tunc
658 2141 93 60 non
712 2141 146 60 apperet
818 2141 80 60 vt
858 2141 93 60 sub
911 2141 160 60 sactero:
1031 2141 93 60 sed
1071 2141 120 60 extende

415 2186 124 55 retur
498 2186 124 55 extra
581 2186 207 55 dimensiones
747 2186 207 55 sacramenti.
913 2186 111 55 Unde
982 2186 138 55 quando
1064 2186 111 55 appare

423 2226 76 59 vt
461 2226 151 59 paruulus
575 2226 88 59 vel
625 2226 177 59 huiusmodi:
764 2226 101 59 tunc
827 2226 189 59 describitur
978 2226 76 59 in
1003 2226 177 59 imaginatione

426 2271 93 49 vel
479 2271 80 49 in
519 2271 120 49 sensu
598 2271 146 49 communi
705 2271 159 49 videntis
824 2271 93 49 vel
877 2271 199 49 confunditur
1024 2271 159 49 tantummodo

418 2309 115 49 ipsa
490 2309 129 49 spies
576 2309 129 49 panis
662 2309 187 49 quihusdam
806 2309 230 49 accidentibus
993 2309 129 49 pueri
1079 2309 101 49 vel
1122 2309 58 49 ca

417 2351 91 65 nis
469 2351 104 65 quae
534 2351 117 65 tamen
611 2351 91 65 non
663 2351 104 65 sunt
728 2351 142 65 proprie
831 2351 181 65 accidentia
974 2351 155 65 corporis
1077 2351 104 65 christ

425 2394 116 56 vel
475 2394 216 56 lineamenta.

501 2449 139 75 Sed
581 2449 119 75 de
640 2449 338 75 intellectuali
919 2449 219 75 visione
1058 2449 119 75 quod

430 2523 122 42 ritur
512 2523 95 42 Quo
566 2523 204 42 intellectus
729 2523 149 42 creatus
838 2523 204 42 naturaliter
1001 2523 136 42 possit
1082 2523 95 42 vide-

414 2557 83 51 re
456 2557 387 51 existentiasupernaturalem
802 2557 166 51 corporis
926 2557 152 51 christi
1037 2557 69 51 n
1051 2557 138 51 euchari.

422 2595 115 57 stia.
499 2595 90 57 Ubi
550 2595 154 57 secundum
665 2595 166 57 Scotorli.
793 2595 90 57 in.
844 2595 115 57 iiii.
921 2595 90 57 di.
972 2595 77 57 x.
1011 2595 77 57 q.
1049 2595 77 57 ii
1087 2595 64 57 ¶
1100 2595 77 57 Prim

414 2651 150 36 notatur
523 2651 109 36 quod
591 2651 191 36 intelletus
741 2651 150 36 creatus
850 2651 95 36 vel
905 2651 95 36 est
959 2651 136 36 omnino
1041 2651 136 36 eparatue

426 2684 75 65 a
456 2684 179 65 materia:
590 2684 134 65 sicut
679 2684 104 65 est
739 2684 164 65 angelus
858 2684 104 65 vel
918 2684 194 65 diabolus.
1067 2684 104 65 vel
1112 2684 75 65 est

1209 286 130 64 similis
1304 286 71 64 in
1339 286 165 64 operatione
1469 286 106 64 licet
1540 286 83 64 non
1587 286 118 64 omnino
1670 286 165 64 separatus:
1800 286 71 64 vt
1835 286 83 64 est
1871 286 118 64 intelle-

1209 336 102 53 ctus
1273 336 114 53 anime
1349 336 165 53 separate.
1476 336 89 53 vel
1527 336 89 53 est
1578 336 216 53 communiunctus
1755 336 140 53 corpori
1844 336 140 53 corruptie

1214 377 106 52 bili
1280 377 93 52 qui
1333 377 93 52 non
1387 377 186 52 intelligit
1533 377 106 52 nisi
1599 377 93 52 per
1653 377 199 52 phantasmata
1812 377 66 52 ¶
1839 377 146 52 Secundo
1932 377 53 52 no

1217 421 122 55 tatur
1299 421 135 55 ibidem
1393 421 108 55 quod
1461 421 189 55 cognoscere
1610 421 203 55 naturaliter
1772 421 95 55 est
1812 421 176 55 congnoscere

1224 460 234 53 concurrentibus
1419 460 130 53 causis
1510 460 195 53 naturalibus
1665 460 156 53 scilicet
1782 460 130 53 actiuo
1873 460 78 53 et
1899 460 91 53 passi

1214 503 102 52 uo:
1272 503 131 52 sicut
1359 503 189 52 concurrit
1504 503 218 52 intellectus
1678 503 131 52 agens
1765 503 87 52 et
1808 503 189 52 possibil.
1939 503 44 52 E

1217 546 106 50 quia
1283 546 120 50 sicut
1363 546 80 50 in
1403 546 146 50 corpore
1509 546 120 50 visus
1589 546 80 50 se
1629 546 133 50 habet:
1722 546 93 50 ita
1775 546 80 50 in
1815 546 120 50 anima
1882 546 106 50 intel-

1205 589 203 48 tellectus
1362 589 94 48 i.
1409 589 125 48 Eth.
1487 589 125 48 Ideo
1565 589 141 48 sicut
1659 589 157 48 oculus
1769 589 219 48 corporalis
1925 589 63 48 na

1215 636 171 43 turaliter
1346 636 118 43 habet
1425 636 132 43 videre
1517 636 79 43 ea
1557 636 105 43 sola
1623 636 105 43 quae
1688 636 105 43 sunt
1754 636 118 43 infra
1833 636 132 43 sensum
1912 636 79 43 per-

1219 674 209 48 ceptibilia:
1386 674 98 48 ita
1442 674 209 48 intellectus
1610 674 209 48 naturaliter
1777 674 126 48 habet
1847 674 153 48 intellige

1214 715 79 48 re
1253 715 79 48 ea
1293 715 105 48 sola
1358 715 105 48 quae
1424 715 145 48 subsunt
1529 715 145 48 rationi
1634 715 171 48 naturali.
1766 715 145 48 Nimirum
1858 715 131 48 secundum

1226 752 104 70 Aur.
1291 752 78 70 et
1330 752 104 70 Tho.
1395 752 117 70 Primo
1472 752 130 70 quidam
1563 752 104 70 sunt
1628 752 117 70 infra
1706 752 156 70 rationem
1822 752 156 70 scilicet
1926 752 65 70 que

1212 795 109 51 sensu
1285 795 182 51 percipimus.
1430 795 133 51 Secundo
1527 795 121 51 quidam
1612 795 97 51 sunt
1672 795 109 51 iuxta
1745 795 157 51 rationem:
1866 795 73 51 qa
1890 795 97 51 s.lice

1220 836 159 58 naturali
1339 836 146 58 ratione
1445 836 185 58 percipimus
1591 836 79 58 vt
1630 836 106 58 vera
1696 836 79 58 et
1736 836 132 58 falsa:
1829 836 119 58 iusta
1908 836 79 58 et
1935 836 66 58 non

1218 880 128 54 iusta.
1308 880 128 54 Tertio
1398 880 128 54 quidam
1487 880 103 54 sunt
1551 880 115 54 supra
1628 880 167 54 rationem:
1756 880 103 54 quae
1820 880 115 54 solum
1884 880 103 54 diuina

1221 932 195 40 reuelatione
1377 932 78 40 ex
1416 932 156 40 sciptura
1533 932 78 40 et
1572 932 169 40 huiusmodi
1702 932 247 40 compreheduntur:
1910 932 78 40 vt
1936 932 52 40 ea

1223 964 104 75 quae
1288 964 104 75 sunt
1353 964 117 75 fidei
1431 964 78 75 et
1470 964 169 75 huiusmodi
1600 964 260 75 supernaturaliter
1809 964 195 75 intelligimus.

1265 1005 136 56 Tertio
1361 1005 150 56 notatur
1470 1005 136 56 ibidem
1565 1005 109 56 quod
1634 1005 136 56 videre
1729 1005 136 56 ipsius
1811 1005 177 56 intellectus

1222 1038 167 59 importat
1347 1038 250 59 intellectionem
1555 1038 194 59 intuitiuam
1708 1038 83 59 vt
1750 1038 222 59 distinguitur
1917 1038 83 59 conr

1219 1097 263 49 intellectionem
1438 1097 248 49 abstractiuam.
1643 1097 102 49 Nam
1701 1097 219 49 intellectio
1876 1097 102 49 est
1920 1097 73 49 du-

1214 1139 121 49 plex.
1294 1139 94 49 Una
1348 1139 175 49 intuitiua
1482 1139 108 49 quae
1550 1139 94 49 est
1603 1139 202 49 intellectio
1765 1139 94 49 rei
1818 1139 81 49 vt
1859 1139 81 49 in
1899 1139 81 49 se
1926 1139 67 49 res

1228 1179 87 49 est
1277 1179 162 49 praesens.
1402 1179 100 49 Alia
1464 1179 187 49 abstractiua
1614 1179 100 49 quae
1676 1179 87 49 est
1726 1179 150 49 cognitio
1838 1179 87 49 rei
1875 1179 125 49 secundum

1221 1214 98 53 quod
1282 1214 134 53 relucet
1380 1214 73 53 in
1416 1214 122 53 aliqua
1502 1214 196 53 similitudine
1661 1214 86 53 qua
1710 1214 122 53 potest
1795 1214 98 53 esse
1856 1214 98 53 siue
1905 1214 98 53 alicus

1221 1257 165 63 praesentis
1351 1257 94 63 siue
1410 1257 82 63 non
1457 1257 177 63 praesentis.
1598 1257 71 63 et
1634 1257 106 63 etiam
1704 1257 94 63 siue
1763 1257 165 63 existentis
1893 1257 94 63 siue
1940 1257 59 63 non

1224 1294 222 57 existentis.
1402 1294 133 57 Solus
1491 1294 118 57 emim
1565 1294 222 57 intellectus
1742 1294 148 57 causat
1831 1294 178 57 abstractum

1229 1336 98 66 iii.
1290 1336 73 66 de
1326 1336 122 66 anima.
1412 1336 98 66 Unde
1473 1336 85 66 hoc
1521 1336 85 66 est
1570 1336 146 66 quaestio
1680 1336 73 66 de
1716 1336 183 66 intelligere
1851 1336 158 66 naturaliter

1227 1379 88 62 et
1271 1379 88 62 de
1315 1379 147 62 videre
1418 1379 264 62 intellectionis
1639 1379 206 62 intuitiue.
1800 1379 73 62 ¶
1830 1379 103 62 His
1874 1379 132 62 primis-

1231 1422 99 58 sis
1288 1422 156 58 ponitur
1401 1422 156 58 Concluo
1515 1422 142 58 Prima.
1614 1422 199 58 Existentia
1770 1422 170 58 corporis
1883 1422 128 58 christi

1230 1465 87 51 in
1274 1465 218 51 eucharistia
1448 1465 102 51 non
1507 1465 145 51 potest
1608 1465 218 51 naturaliter
1783 1465 145 51 videri
1884 1465 87 51 ab
1913 1465 102 51 intel

1229 1512 142 47 lectum
1328 1512 142 47 creato
1427 1512 170 47 sensibus
1555 1512 170 47 alligato
1682 1512 156 47 quandiu
1796 1512 99 47 est
1852 1512 85 47 in
1895 1512 99 47 vie
1937 1512 71 47 sta

1228 1552 96 51 tu.
1283 1552 177 51 Probatio.
1419 1552 109 51 quia
1488 1552 123 51 talis
1569 1552 205 51 intellectus
1733 1552 96 51 non
1788 1552 191 51 intelligit
1924 1552 82 51 nisi

1226 1592 84 51 ex
1268 1592 225 51 sensibilibus
1451 1592 211 51 naturaliter
1619 1592 98 51 per
1675 1592 225 51 phantasmata.
1858 1592 98 51 sed
1900 1592 112 51 corpus

1235 1632 125 61 christi
1325 1632 68 61 in
1359 1632 170 61 eucharistia
1496 1632 79 61 est
1541 1632 136 61 secundum
1643 1632 91 61 esse
1700 1632 170 61 spirituale.
1836 1632 91 61 ergo
1893 1632 102 61 sicut
1949 1632 57 61 nec

1237 1680 186 54 angelicos
1380 1680 171 54 spiritus
1508 1680 171 54 possumus
1637 1680 214 54 intelligere
1808 1680 100 54 per
1851 1680 157 54 phantasma

1230 1720 88 46 ta
1274 1720 220 46 sensibilia:
1450 1720 102 46 ita
1508 1720 102 46 nec
1567 1720 146 46 corpus
1669 1720 161 46 christi
1786 1720 88 46 in
1816 1720 190 46 eucharistia

1256 1763 64 58 ¶
1282 1763 140 58 Secunda
1384 1763 179 58 conclusio:
1524 1763 102 58 quod
1588 1763 191 58 intellectus
1741 1763 89 58 non
1792 1763 166 58 alligatus
1907 1763 102 58 sensi-

1230 1801 102 61 bus
1289 1801 131 61 sicut
1376 1801 102 61 est
1435 1801 161 61 angelus
1552 1801 88 61 et
1595 1801 131 61 anima
1683 1801 175 61 separata
1814 1801 146 61 potest
1902 1801 102 61 natur

1246 1846 135 52 taliter
1344 1846 111 52 licet
1418 1846 86 52 non
1467 1846 148 52 plenarie
1578 1846 123 52 videre
1664 1846 172 52 existentia
1799 1846 148 52 corporis
1897 1846 111 52 christi

1231 1887 92 49 in
1277 1887 168 49 sactro.
1399 1887 199 49 Probatio.
1552 1887 122 49 quia
1629 1887 107 49 ex.
1690 1887 107 49 ii.
1751 1887 168 49 Metaph.
1873 1887 138 49 Sicut
1950 1887 61 49 se

1236 1925 117 54 habet
1314 1925 182 54 vnumquoque
1458 1925 78 54 ad
1497 1925 117 54 esse:
1575 1925 91 54 ita
1627 1925 78 54 et
1666 1925 78 54 ad
1705 1925 143 54 cogsci.
1809 1925 91 54 Sed
1862 1925 104 54 quia
1914 1925 91 54 intel

1236 1969 124 56 lectus
1323 1969 124 56 potest
1410 1969 124 56 videre
1497 1969 99 56 quod
1559 1969 99 56 deus
1621 1969 174 56 omnipotens
1757 1969 124 56 potest
1844 1969 124 56 facere
1919 1969 87 56 talem

1238 2015 198 48 existentiam
1396 2015 238 48 supernaturalem
1595 2015 159 48 corporis
1714 2015 145 48 christi
1820 2015 79 48 in
1846 2015 172 48 eucharistia

1232 2054 132 49 eoquod
1324 2054 92 49 non
1377 2054 158 49 includit
1495 2054 250 49 contradictionem
1705 2054 79 49 in
1745 2054 118 49 fieri
1824 2054 92 49 nec
1876 2054 79 49 in
1903 2054 105 49 facto.

1237 2090 105 67 ergo
1302 2090 131 67 potest
1394 2090 91 67 hoc
1446 2090 196 67 naturaliter
1603 2090 183 67 cognoscere
1747 2090 131 67 aliquo
1838 2090 105 67 modo
1903 2090 105 67 etsi
1956 2090 65 67 non

1236 2139 194 58 plenarie.
1385 2139 104 58 Hec
1445 2139 89 58 et
1489 2139 209 58 Scotorlis.
1653 2139 75 58 ¶
1683 2139 149 58 Siquis
1787 2139 104 58 di.
1847 2139 164 58 Quomodo
1951 2139 60 58 su

1230 2178 240 60 pernaturalia
1425 2178 120 60 sunt
1500 2178 195 60 visibilia
1651 2178 225 60 intellectui
1816 2178 195 60 naturaliter

1242 2226 75 54 Ad
1279 2226 87 54 hoc
1329 2226 100 54 idem
1391 2226 150 54 Scotorl.
1503 2226 125 54 supra.
1590 2226 137 54 videtur
1690 2226 137 54 sentire
1790 2226 100 54 quod
1852 2226 100 54 bene
1902 2226 112 54 existen

1240 2263 96 54 tia
1295 2263 247 54 supernaturalis
1501 2263 96 54 est
1555 2263 205 54 cogscibilis
1720 2263 137 54 aliquo
1816 2263 123 54 modo:
1898 2263 110 54 etsi
1953 2263 68 54 non

1233 2307 175 61 plenarie
1365 2307 205 61 cognitione
1526 2307 190 61 naturali.
1672 2307 102 61 Nam
1731 2307 88 61 si
1774 2307 117 61 deus
1848 2307 161 61 crearet
1950 2307 73 61 ali

1238 2348 126 53 quam
1317 2348 142 53 nouam
1412 2348 173 53 speciem
1538 2348 95 53 in
1585 2348 142 53 mundo
1680 2348 315 53 supernaturaliter
1932 2348 79 53 non

1242 2393 135 49 videtur
1340 2393 110 49 ratio
1414 2393 123 49 quaere
1499 2393 86 49 non
1548 2393 123 49 posset
1634 2393 74 49 ab
1671 2393 184 49 intellectum
1818 2393 184 49 naturaliter
1953 2393 74 49 cog-

1230 2428 140 54 nosci:
1328 2428 140 54 saltem
1426 2428 140 54 aliquo
1523 2428 126 54 modo:
1607 2428 112 54 etsi
1677 2428 98 54 non
1733 2428 182 54 plenarie.
1872 2428 112 54 Unde
1928 2428 98 54 tenem

1239 2476 92 50 dum
1291 2476 92 50 est
1344 2476 105 50 quod
1410 2476 237 50 supernaturalia
1607 2476 118 50 licet
1686 2476 79 50 ad
1726 2476 132 50 plenum
1818 2476 105 50 sint
1870 2476 145 50 supernatu

1231 2515 157 53 raliter
1345 2515 258 53 cognoscibilia:
1560 2515 129 53 tamen
1646 2515 143 53 aliquo
1746 2515 115 53 modo
1818 2515 129 53 vicem
1889 2515 129 53 semiple

1230 2559 93 49 ne
1277 2559 124 49 sunt
1355 2559 140 49 etiam
1448 2559 233 49 naturaliter
1635 2559 264 49 cognoscibilia
1852 2559 93 49 ab
1883 2559 140 49 intelle

1232 2600 136 51 lectum
1328 2600 150 51 creato.
1436 2600 82 51 et
1477 2600 95 51 per
1532 2600 190 51 consequens
1681 2600 163 51 secundum
1803 2600 109 51 Sco.
1871 2600 109 51 omni
1926 2600 95 51 intel

1237 2640 138 54 lectui
1334 2640 96 54 non
1389 2640 165 54 alligato
1513 2640 165 54 sensibus
1637 2640 83 54 in
1678 2640 220 54 intelligendo
1857 2640 110 54 siue
1912 2640 110 54 angeli

1230 2688 118 52 siue
1304 2688 133 52 anime
1392 2688 177 52 separate
1525 2688 103 52 per
1584 2688 162 52 naturam
1702 2688 103 52 est
1761 2688 177 52 visibile
1879 2688 147 52 naturali
