2240 3348
188 266 267 75 intellectione
408 266 204 75 intuitiua
565 266 157 75 corpus
675 266 173 75 christi
800 266 110 75 sub
847 266 126 75 sacra-

191 317 139 67 mento:
289 317 126 67 licet
372 317 98 67 non
428 317 167 67 plenarie
554 317 98 67 sed
609 317 84 67 in
651 317 167 67 generali
777 317 181 67 inquantum
902 317 70 67 est

193 361 105 63 deo
253 361 209 63 possibile.
417 361 90 63 Et
462 361 105 63 suo
522 361 120 63 modo
597 361 165 63 dicedum
717 361 90 63 de
762 361 135 63 aliis
836 361 135 63 abscon-

191 405 143 65 ditis
286 405 206 65 mysteriis
444 405 158 65 fidei.
555 405 111 65 Sed
619 405 190 65 plenarie
761 405 190 65 cognitio
888 405 79 65 in-

203 467 124 44 tuiua
286 467 138 44 talium
382 467 96 44 est
437 467 96 44 per
492 467 151 44 gloriam
602 467 83 44 et
644 467 220 44 reuelationem
823 467 96 44 dei
878 467 96 44 vel
919 467 55 44 au

195 501 203 48 toritatem
352 501 203 48 scripture
508 501 156 48 sacre:
618 501 94 48 vt
665 501 141 48 patet
759 501 94 48 de
790 501 172 48 demonibus

211 543 118 61 infra.
294 543 71 61 §.
317 543 47 61 vi

211 581 129 80 ¶
263 581 207 80 Quid
392 581 155 80 de
470 581 233 80 anima
625 581 310 80 christi.
832 581 129 80 Cum

199 648 88 54 em
243 648 118 54 ipsa
317 648 221 54 naturaliter
494 648 133 54 nouit
582 648 177 54 seipsam:
715 648 88 54 et
759 648 191 54 vbicumque
891 648 74 54 est

194 688 174 56 plenarie
325 688 131 56 nouit
413 688 87 56 se
456 688 131 56 esse:
543 688 116 56 quia
616 688 218 56 cognitionem
791 688 131 56 habet
863 688 102 56 perfe

209 734 177 44 ctissimam.
348 734 88 44 sed
399 734 101 44 quia
462 734 76 44 in
500 734 189 44 eucharistia
651 734 101 44 est.
714 734 101 44 ergo
778 734 164 44 huiusmodi
891 734 76 44 exi-

195 770 175 48 stentiam
327 770 146 48 potest
429 770 146 48 videre
532 770 175 48 naturali
663 770 263 48 intellectione.
868 770 102 48 Dicen

201 814 90 49 dum
253 814 90 49 est
304 814 154 49 secundum
420 814 129 49 Guill.
510 814 77 49 et
548 814 142 49 Richar.
651 814 77 49 de
690 814 116 49 meud.
767 814 103 49 vil.
831 814 116 49 super
896 814 77 49 est.

199 859 107 50 iiii.
271 859 203 50 sententiarum.
437 859 107 50 dist.
509 859 72 50 x.
545 859 95 50 quod
604 859 131 50 quamuis
700 859 95 50 visu
759 859 83 50 non
807 859 107 50 beato
867 859 95 50 nequia

206 904 128 42 videri
296 904 128 42 corpus
386 904 141 42 christi
489 904 77 42 in
527 904 193 42 eucharistia
681 904 154 42 scilicet
797 904 167 42 intuitiue
913 904 51 42 et

196 943 184 48 plenarie:
338 943 85 48 vt
380 943 198 48 praedictum
536 943 113 48 est.
607 943 198 48 Ueruntamen
763 943 85 48 ab
791 943 170 48 intellectu

198 985 138 49 beato
290 985 153 49 potest
397 985 153 49 videri
504 985 107 49 per
566 985 169 49 gloriam
688 985 199 49 plenarie.
841 985 92 49 Et
872 985 92 49 quia

204 1022 110 48 anima
277 1022 134 48 christi
374 1022 61 48 a
399 1022 158 48 principio
520 1022 85 48 sue
569 1022 195 48 conceptionis
727 1022 97 48 fuit
788 1022 110 48 beata
849 1022 122 48 secundum

195 1065 149 51 partem
299 1065 208 51 superiorem
463 1065 193 51 rationis:
611 1065 119 51 ideo
686 1065 104 51 non
745 1065 134 51 mirum
834 1065 119 51 quod
894 1065 74 51 sui

193 1108 212 43 existentia
359 1108 273 43 supernaturalem
586 1108 91 43 in
632 1108 212 43 sacramento
798 1108 136 43 nouit
874 1108 91 43 ple-

192 1148 132 58 narie
280 1148 103 58 per
339 1148 161 58 gloriam
456 1148 88 58 et
500 1148 132 58 etiam
589 1148 103 58 per
647 1148 161 58 naturam
750 1148 220 58 communiunctam

168 1195 154 39 deitati

204 1224 123 86 ¶
254 1224 222 86 Utrum
402 1224 197 86 mali
525 1224 247 86 angeli
673 1224 296 86 cognoscant

192 1303 221 49 trinitatis
366 1303 158 49 divine
476 1303 237 49 sacramentu:
666 1303 95 49 et
713 1303 237 49 eucharistie
887 1303 79 49 my-

193 1343 175 51 sterium:
324 1343 131 51 atque
412 1343 87 51 ea
455 1343 102 51 que
514 1343 116 51 sunt
587 1343 218 51 articulorum
761 1343 146 51 fidei:
849 1343 116 51 Respo-

201 1385 116 49 detur
278 1385 154 49 secundum
394 1385 180 49 praedictos
535 1385 154 49 Scotist.
651 1385 77 49 et
689 1385 128 49 Aureo.
779 1385 77 49 ac
818 1385 103 49 Tho.
869 1385 90 49 super

207 1422 113 48 iiii.
283 1422 113 48 dist.
358 1422 75 48 x.
396 1422 113 48 alios
472 1422 101 48 quam
534 1422 176 48 communiter
673 1422 163 48 doctores:
799 1422 101 48 quod
849 1422 113 48 quamuis

198 1465 163 54 demones
317 1465 89 54 ex
361 1465 89 54 vi
406 1465 104 54 sue
465 1465 148 54 nature
569 1465 163 54 possint
687 1465 148 54 facere
791 1465 89 54 se
821 1465 148 54 praesen-

186 1506 106 49 tes
246 1506 211 49 sacramento
412 1506 241 49 eucharistie:
608 1506 90 49 et
653 1506 90 49 in
699 1506 211 49 praesentia
849 1506 121 49 audire

191 1549 190 49 trinitatis
341 1549 163 49 mysteria
463 1549 81 49 et
504 1549 149 49 aliorum
612 1549 190 49 articlorum
761 1549 122 49 fidei
843 1549 81 49 ex
870 1549 95 49 scri-

201 1595 160 52 pturis.
318 1595 116 52 tame
391 1595 218 52 intelligere
565 1595 175 52 plenarie
696 1595 131 52 omnia
783 1595 102 52 non
827 1595 131 52 possunt

191 1639 98 46 nec
247 1639 141 46 intuit
346 1639 98 46 iue
402 1639 155 46 videre.
514 1639 141 46 Ratio.
613 1639 112 46 quia
683 1639 127 46 talia
767 1639 112 46 sunt
838 1639 127 46 supra
908 1639 56 46 na

199 1674 163 47 turales
317 1674 192 47 rationes.
465 1674 177 47 Cognitio
598 1674 133 47 autem
687 1674 192 47 naturalis
835 1674 118 47 quam
894 1674 74 47 ha-

198 1716 118 45 bent
272 1716 162 45 demones
390 1716 88 45 et
434 1716 133 45 anime
522 1716 177 45 separate
655 1716 147 45 nondum
758 1716 133 45 beate
846 1716 103 45 non
890 1716 74 45 est

196 1760 137 46 supra
287 1760 182 46 rationem
424 1760 213 46 naturalem:
591 1760 106 46 sed
652 1760 137 46 iuxta
743 1760 167 46 eandem.
865 1760 91 46 vt
895 1760 76 46 pa-

200 1801 107 45 tuit
267 1801 134 45 supra.
361 1801 81 45 §.
401 1801 121 45 iiii.
482 1801 107 45 Unde
549 1801 121 45 etiam
629 1801 134 45 angeli
723 1801 107 45 boni
790 1801 94 45 non
831 1801 134 45 secundum

193 1848 173 49 rationem
322 1848 187 49 naturalem
466 1848 230 49 apprehendunt
654 1848 144 49 diuina
754 1848 173 49 mysteria
870 1848 86 49 quae

196 1886 118 55 sunt
270 1886 133 55 supra
358 1886 192 55 naturalem
506 1886 192 55 rationem.
653 1886 103 55 sed
712 1886 236 55 apprehendunt
889 1886 74 55 per

196 1929 183 43 gloriam.
333 1929 92 43 Et
379 1929 122 43 quia
455 1929 168 43 demones
577 1929 92 43 et
623 1929 137 43 anime
715 1929 183 43 separate
837 1929 122 43 nondum

207 1970 107 49 btem
274 1970 134 49 carent
368 1970 148 49 gloria:
475 1970 107 49 ideo
542 1970 94 49 non
596 1970 161 49 cogscunt
716 1970 201 49 naturaliter
864 1970 107 49 plena-

209 2011 94 48 rie
262 2011 94 48 nec
316 2011 174 48 intuitiue
449 2011 107 48 ipsa
516 2011 120 48 fidei
597 2011 174 48 mysteria.
730 2011 94 48 sed
784 2011 134 48 tantum
877 2011 80 48 ex
904 2011 67 48 au-

196 2050 168 48 toritate
322 2050 182 48 scripture
462 2050 84 48 et
504 2050 84 48 in
546 2050 168 48 generali
671 2050 126 48 prout
755 2050 98 48 deo
797 2050 168 48 possibilia

202 2095 90 69 Ex
247 2095 105 69 qua
307 2095 210 69 cognitione
472 2095 105 69 fit
532 2095 120 69 quod
608 2095 165 69 demones
728 2095 165 69 credunt
848 2095 90 69 et
878 2095 90 69 con-

191 2134 242 51 tremiscunt:
385 2134 145 51 Iaco.
465 2134 65 51 ii

225 2166 110 91 ¶
269 2166 132 91 An
335 2166 242 91 angeli:
511 2166 308 91 trinitatis
754 2166 220 91 divine
886 2166 88 91 et

203 2240 129 54 ndei
283 2240 193 54 mysteria
428 2240 193 54 plenarie
572 2240 209 54 coguerint
733 2240 96 54 ab
781 2240 161 54 initio
878 2240 96 54 mun-

200 2282 94 45 di:
253 2282 81 45 Et
294 2282 161 45 arguitur
414 2282 107 45 quod
482 2282 107 45 sic.
549 2282 107 45 quia
616 2282 134 45 angeli
710 2282 107 45 boni
777 2282 81 45 ab
817 2282 134 45 initio
898 2282 67 45 mun

207 2323 79 59 di
246 2323 105 59 sunt
312 2323 79 59 in
351 2323 131 59 gloria
443 2323 197 59 confirmati.
601 2323 105 59 ergo
667 2323 158 59 sequitur
785 2323 105 59 quod
851 2323 92 59 per
890 2323 79 59 glo-

189 2372 125 48 riam
268 2372 204 48 habuerunt
424 2372 188 48 noticiam
565 2372 157 48 talium
675 2372 94 48 in
722 2372 125 48 deo.
800 2372 110 48 Sed
863 2372 94 48 in
894 2372 63 48 op

192 2407 161 50 positum
309 2407 102 50 est
368 2407 117 50 quod
441 2407 102 50 ait
500 2407 190 50 Apostolus
646 2407 117 50 Eph.
719 2407 117 50 iii.
778 2407 190 50 Sacramentum

204 2448 152 50 scilicet
319 2448 140 50 christi
420 2448 114 50 fidei
496 2448 190 50 absconditum
648 2448 63 50 a
674 2448 140 50 seculis
775 2448 127 50 inquit
864 2448 76 50 in
890 2448 63 50 deo

199 2495 106 46 qui
259 2495 136 46 omnia
350 2495 166 46 creauit
470 2495 90 46 vt
516 2495 211 46 innotescat
681 2495 226 46 principibus
862 2495 90 46 et
893 2495 75 46 po-

198 2538 185 45 testatibus
343 2538 79 45 in
383 2538 198 45 celestibus.
541 2538 106 45 glo.
607 2538 79 45 id
646 2538 92 45 est
699 2538 158 45 angelis:
818 2538 92 45 per
857 2538 106 45 eccle-

200 2574 89 57 siam
255 2574 67 57 id
289 2574 78 57 est
333 2574 78 57 per
377 2574 144 57 apiulorum
488 2574 211 57 praedicationem.
666 2574 166 57 Respondetur
799 2574 133 57 secundum
887 2574 78 57 Lyram

195 2616 80 49 in
235 2616 147 49 postil.
341 2616 147 49 ibidem.
448 2616 133 49 cocor.
541 2616 160 49 Bonauen.
661 2616 93 49 in.
715 2616 80 49 ii
755 2616 120 49 dist.
835 2616 107 49 iii.
888 2616 80 49 per.

198 2658 99 50 iii.
259 2658 87 50 ar.
309 2658 87 50 ii.
358 2658 74 50 q.
395 2658 74 50 i.
432 2658 99 50 quod
494 2658 124 50 angeli
581 2658 124 50 sancti
667 2658 136 50 quamuis
766 2658 62 50 a
791 2658 161 50 principio
902 2658 62 50 sue

190 2701 288 59 glorificationis
432 2701 167 59 viderum
553 2701 167 59 diuinam
674 2701 197 59 essentiam
826 2701 91 59 et
856 2701 106 59 etiam

1013 281 187 63 trinitatem
1160 281 174 63 diuinarum
1294 281 201 63 personarum:
1454 281 80 63 ac
1494 281 161 63 mysteria
1615 281 120 63 fidei
1682 281 120 63 christi

1018 340 137 44 Tamen
1109 340 107 44 non
1170 340 107 44 ita
1231 340 183 44 perfecte
1369 340 92 44 et
1415 340 137 44 plene
1506 340 229 44 cognouerunt
1674 340 122 44 ventu-

1020 376 70 51 ra
1055 376 139 51 scilicet
1160 376 93 51 quod
1218 376 105 51 pater
1288 376 139 51 mitteret
1392 376 116 51 filium
1474 376 70 51 et
1508 376 151 51 spiritums
1625 376 128 51 sanctum
1718 376 70 51 in
1741 376 58 51 mun

1023 417 107 58 dum
1084 417 91 58 et
1129 417 244 58 manifestaret
1328 417 168 58 diuinam
1449 417 213 58 trinitatem
1617 417 168 58 omnibus
1724 417 76 58 do-

1022 464 94 49 nec
1075 464 241 49 praedicantibus
1276 464 174 49 apostolis
1410 464 107 49 fuit
1477 464 174 49 impletum.
1611 464 107 49 quia
1678 464 107 49 ante
1732 464 67 49 ha-

1018 502 161 48 buerunt
1135 502 205 48 tantummodo
1296 502 190 48 simplicem
1442 502 175 48 noticiam
1574 502 102 48 que
1633 502 146 48 potest
1720 502 88 48 dici

1026 548 191 48 abstractiua
1179 548 165 48 inquantum
1306 548 89 48 est
1357 548 89 48 rei
1408 548 89 48 non
1459 548 191 48 praesentis.
1611 548 89 48 sed
1662 548 127 48 quando
1738 548 64 48 fu-

1015 589 86 51 it
1058 589 171 51 impletum
1186 589 185 51 habuerunt
1328 589 171 51 noticiam
1457 589 257 51 experimentalem
1671 589 114 51 siue
1728 589 71 51 in-

1013 632 186 50 tuitiuam.
1156 632 129 50 sicut
1241 632 200 50 astrologus
1399 632 100 50 per
1456 632 129 50 motum
1542 632 114 50 celi
1599 632 200 50 certitudina-

1020 670 132 51 liter
1108 670 190 51 cognoscit
1255 670 176 51 eclipsim
1386 670 176 51 futuram.
1518 670 132 51 tamen
1606 670 132 51 adhuc
1679 670 117 51 perfe-

1018 717 127 45 ctius
1102 717 183 45 cognoscit
1243 717 127 45 quand
1328 717 127 45 videt
1412 717 99 45 eam
1468 717 127 45 actum
1553 717 211 45 existentem.
1708 717 84 45 vnde

1019 757 95 54 cum
1074 757 123 54 dicit
1156 757 191 54 apistuolus
1306 757 109 54 ibi:
1374 757 95 54 per
1428 757 191 54 ecclesiam.
1578 757 82 54 ly
1619 757 109 54 per:
1687 757 95 54 non
1728 757 68 54 im-

1023 798 127 53 portat
1112 798 216 53 causalitatem:
1290 798 89 53 sic
1341 798 203 53 intelligendo
1506 798 102 53 quod
1569 798 165 53 apostolis
1696 798 89 53 vel
1735 798 64 53 ec-

1015 842 145 49 clesia
1117 842 189 49 docuerint
1262 842 160 49 angelos
1378 842 116 49 dici
1451 842 160 49 christi
1567 842 203 49 mysteriis.
1712 842 87 49 quia

1019 885 84 43 et
1061 885 168 43 conuerso
1187 885 126 43 fuit:
1271 885 126 43 vicem
1355 885 112 43 quod
1426 885 140 43 angeli
1524 885 182 43 docuerunt
1664 885 112 43 eos.
1720 885 84 43 quia

1028 921 110 46 per
1091 921 172 46 angelos
1216 921 157 46 divine
1326 921 251 46 reuelationes
1530 921 219 46 deferuntur
1702 921 94 46 ad
1733 921 63 46 ho

1023 968 125 53 mines.
1111 968 213 53 Intelligendum
1287 968 88 53 est
1337 968 100 53 ergo
1400 968 88 53 sic
1450 968 100 53 quod
1513 968 163 53 apostolis
1625 968 176 53 praedicanti-

1012 1005 101 47 bus
1069 1005 129 47 fidem
1155 1005 201 47 trinitatis
1313 1005 187 47 reuelatam
1457 1005 187 47 explicite
1601 1005 72 47 a
1630 1005 158 47 christo
1745 1005 86 47 in

1022 1050 181 46 euangelio
1161 1050 84 46 et
1203 1050 167 46 mysteria
1328 1050 167 46 christi:
1454 1050 84 46 et
1496 1050 167 46 gentibus
1621 1050 111 46 actu
1677 1050 125 46 conuer-

1017 1085 112 60 sis
1081 1085 96 60 ad
1129 1085 159 60 fidem:
1240 1085 191 60 viderunt
1384 1085 159 60 angeli
1495 1085 207 60 intuitiue
1655 1085 143 60 fidem
1734 1085 64 60 my

1012 1132 192 49 steriorum
1160 1132 162 49 christi
1278 1132 89 49 in
1322 1132 177 49 gentibus
1455 1132 103 49 iam
1514 1132 236 49 manifestatam
1692 1132 103 49 actu:

1026 1177 119 47 quam
1101 1177 283 47 manifestationem
1339 1177 104 47 non
1399 1177 104 47 sic
1458 1177 179 47 viderant
1592 1177 194 47 intuitiue
1726 1177 75 47 an-

1012 1221 115 46 tea.
1083 1221 115 46 Unde
1155 1221 129 46 licet
1241 1221 100 46 quo
1298 1221 86 46 ad
1341 1221 215 46 cognitionem
1514 1221 100 46 qua
1571 1221 201 46 necessaria
1714 1221 72 46 est

1011 1262 87 46 de
1055 1262 189 46 trinitate
1200 1262 87 46 et
1244 1262 160 46 christi
1360 1262 189 46 mysteriis
1505 1262 87 46 ad
1548 1262 160 46 gloriam
1650 1262 145 46 essenti-

1013 1304 110 50 alem
1082 1304 69 50 a
1110 1304 179 50 principio
1248 1304 138 50 angeli
1344 1304 124 50 vicem
1427 1304 124 50 beati
1510 1304 152 50 fuerunt
1620 1304 165 50 perfecte
1730 1304 69 50 il-

1021 1344 198 48 luminati.
1173 1344 137 48 tamen
1265 1344 107 48 quo
1326 1344 91 48 ad
1371 1344 168 48 gloriam
1493 1344 244 48 accidentalem
1676 1344 122 48 postea

1012 1384 205 52 profecerunt
1176 1384 205 52 experientia
1340 1384 82 52 et
1381 1384 205 52 reuelatione
1544 1384 82 52 et
1585 1384 177 52 industria
1708 1384 82 52 pro-

1009 1432 119 64 pria
1083 1432 223 64 conferendo.
1262 1432 89 64 Et
1306 1432 104 64 pro
1365 1432 134 64 tanto
1455 1432 178 64 dicuntur
1588 1432 104 64 non
1648 1432 134 64 plene
1722 1432 74 64 an-

1019 1469 110 62 tea
1066 1469 205 62 cognouisse.

1026 1505 106 84 ¶
1068 1505 149 84 Sed
1153 1505 128 84 an
1217 1505 213 84 possit
1366 1505 170 84 esse
1473 1505 170 84 quod
1579 1505 213 84 angeli
1707 1505 85 84 vi

1017 1569 163 58 dentes
1131 1569 179 58 diuinam
1261 1569 212 58 essentiam
1424 1569 114 58 non
1489 1569 179 58 videant
1620 1569 147 58 omnia
1701 1569 98 58 con-

1013 1617 114 42 tenta
1089 1617 76 42 in
1127 1617 114 42 ipsa:
1203 1617 164 42 Arguitur.
1329 1617 101 42 quia
1392 1617 177 42 Gregorius.
1531 1617 114 42 iiii.
1606 1617 139 42 dialis.
1695 1617 88 42 dicit

1015 1657 117 46 Quid
1088 1657 102 46 est
1147 1657 117 46 quod
1220 1657 102 46 non
1278 1657 161 46 videant
1395 1657 102 46 qui
1454 1657 175 46 videntem
1585 1657 132 46 omnia
1658 1657 132 46 vident.

1010 1703 171 49 Exemplum
1138 1703 85 49 de
1181 1703 157 49 speculo
1295 1703 114 49 quae
1366 1703 114 49 viso
1437 1703 171 49 videntur
1565 1703 85 49 ea
1608 1703 100 49 que
1651 1703 142 49 resplen-

1018 1742 107 44 dent
1084 1742 80 44 in
1124 1742 93 44 eo.
1177 1742 200 44 Respondetur
1337 1742 160 44 secundum
1457 1742 93 44 Tho
1510 1742 80 44 i.
1550 1742 107 44 par.
1617 1742 80 44 q.
1657 1742 107 44 xii.
1710 1742 80 44 art.

1013 1784 125 44 viii.
1096 1784 152 44 concor.
1207 1784 125 44 Guil.
1290 1784 83 44 in
1332 1784 139 44 primo.
1429 1784 125 44 dist.
1512 1784 152 44 xliiii.
1623 1784 83 44 et
1664 1784 125 44 Fran.
1734 1784 69 44 di.

1016 1826 139 46 xlvii.
1114 1826 139 46 primi.
1211 1826 111 46 quod
1281 1826 209 46 intellectus
1448 1826 153 46 creatus
1559 1826 139 46 videns
1643 1826 153 46 essentiam

1021 1868 170 49 diuinam:
1148 1868 99 49 non
1205 1868 184 49 propterea
1346 1868 127 49 videt
1431 1868 127 49 omnia
1516 1868 156 49 secreta
1629 1868 85 49 in
1672 1868 113 49 deo:
1728 1868 71 49 nec

1018 1908 142 51 omnia
1113 1908 110 51 que
1176 1908 142 51 facit
1270 1908 110 51 vel
1333 1908 158 51 facere
1444 1908 158 51 potest
1554 1908 110 51 vel
1617 1908 126 51 vult
1680 1908 110 51 deus.

1015 1955 114 44 quia
1086 1955 129 44 omnia
1172 1955 114 44 illa
1243 1955 143 44 videre
1344 1955 129 44 esset
1429 1955 243 44 comprehendere
1629 1955 100 44 dei
1672 1955 129 44 infini-

1021 1992 94 48 tam
1074 1992 134 48 sctiam
1168 1992 80 48 et
1208 1992 174 48 virtutem.
1342 1992 94 48 sed
1396 1992 121 48 videt
1476 1992 134 48 tantum
1570 1992 80 48 ea
1610 1992 94 48 que
1664 1992 107 48 deus
1718 1992 80 48 vult

1017 2029 150 54 videri
1122 2029 90 54 in
1167 2029 120 54 ipso
1241 2029 75 54 a
1271 2029 150 54 beato:
1376 2029 90 54 vt
1421 2029 135 54 dicit
1511 2029 224 54 Augustinus.
1675 2029 120 54 Uerum-

1020 2074 133 51 tamen
1109 2074 148 51 quanto
1213 2074 118 51 quis
1287 2074 178 51 beatorum
1420 2074 133 51 plura
1509 2074 89 51 in
1553 2074 104 51 deo
1612 2074 148 51 videt:
1701 2074 89 51 tan-

1021 2119 86 53 to
1064 2119 201 53 perfectius
1221 2119 143 53 videt.
1322 2119 100 53 sed
1379 2119 129 53 omnia
1465 2119 143 53 videre
1566 2119 100 53 non
1623 2119 143 53 potest
1709 2119 86 53 nisi

1007 2163 172 50 diuinus
1133 2163 235 50 intellectus
1320 2163 110 50 qui
1383 2163 141 50 solus
1477 2163 172 50 seipsum
1587 2163 203 50 comphendit.

1018 2205 84 49 Ad
1060 2205 211 49 autoritatem
1229 2205 127 49 autem
1313 2205 169 49 Gregorii
1440 2205 155 49 dicedum
1553 2205 113 49 quod
1609 2205 183 49 intelligen-

1022 2249 80 45 da
1062 2249 93 45 est
1115 2249 146 45 quantum
1221 2249 173 45 vnicuique
1354 2249 160 45 sufficit
1474 2249 80 45 ad
1514 2249 106 45 suam
1580 2249 146 45 gloriam
1673 2249 120 45 videtur

1018 2284 142 53 quisque
1122 2284 155 53 beatorum
1238 2284 117 53 omnia
1316 2284 104 53 sibi
1381 2284 207 53 expedientia.
1549 2284 117 53 sicut
1627 2284 78 53 et
1666 2284 78 53 in
1691 2284 104 53 specu-

1012 2327 84 52 lo
1054 2327 112 52 viso
1124 2327 98 52 non
1180 2327 98 52 est
1237 2327 154 52 necesse
1349 2327 126 52 omnia
1433 2327 140 52 videri
1531 2327 112 52 nisi
1601 2327 154 52 speculu
1700 2327 98 52 totum

1018 2374 117 47 visu
1091 2374 248 47 comprehendat.
1296 2374 102 47 sed
1355 2374 175 47 speculum
1486 2374 161 47 diuinum
1603 2374 102 47 est
1647 2374 146 47 incompre

1025 2418 163 45 pesibile
1148 2418 177 45 creature.
1284 2418 95 45 Nam
1338 2418 82 45 si
1379 2418 150 45 singuli
1488 2418 163 45 viderent
1610 2418 122 45 omnia
1692 2418 82 45 in
1719 2418 68 45 deo

1018 2446 106 63 anon
1084 2446 132 63 essent
1176 2446 212 63 reuelationes
1348 2446 185 63 superiorum
1494 2446 79 63 ad
1534 2446 198 63 inferiores.
1692 2446 66 63 ¶
1719 2446 79 63 Si
1745 2446 53 63 di

1022 2491 83 52 cas.
1073 2491 114 52 Quomodo
1156 2491 83 52 ergo
1208 2491 155 52 quietabitur
1331 2491 134 52 appetitus
1435 2491 93 52 beati
1497 2491 62 52 in
1528 2491 72 52 deo
1569 2491 72 52 qui
1610 2491 103 52 semper
1672 2491 124 52 natraliter

1010 2539 117 48 scire
1088 2539 182 48 desiderat:
1231 2539 78 48 ex
1270 2539 78 48 i.
1309 2539 117 48 Meta.
1387 2539 156 48 Dicendum
1503 2539 104 48 quod
1568 2539 104 48 bene
1620 2539 169 48 quietabitur

1012 2580 91 61 quia
1068 2580 113 61 semper
1147 2580 113 61 tantum
1227 2580 102 61 videt
1295 2580 68 61 in
1328 2580 79 61 deo
1374 2580 124 61 quantum
1464 2580 79 61 est
1509 2580 102 61 capax
1577 2580 68 61 et
1611 2580 136 61 sufficit
1702 2580 79 61 sibi.

1013 2635 123 81 ¶
1063 2635 148 81 De
1136 2635 345 81 cognitione
1407 2635 320 81 angelorum
1653 2635 148 81 et
1703 2635 98 81 de

1012 2705 154 68 angelis
1124 2705 154 68 plurima
1236 2705 98 68 li.
1292 2705 98 68 ii.
1348 2705 84 68 §.
1390 2705 140 68 lxvii.
1488 2705 84 68 et
1516 2705 210 68 consequentur.
