2220 3297
354 298 158 56 austerus
472 298 79 56 et
512 298 118 56 durus
591 298 145 56 propter
696 298 145 56 rigorem
801 298 158 56 iusticie
920 298 79 56 in
959 298 145 56 iudicio
1051 298 79 56 equa

350 353 81 46 et
391 353 122 46 recto
472 353 108 46 quod
540 353 95 46 est
594 353 176 46 virtutis.
730 353 108 46 quia
797 353 122 46 sicut
879 353 108 46 nunc
946 353 108 46 deus
1014 353 95 46 est
1055 353 81 46 pius

359 389 82 55 et
400 389 192 55 mansuetus.
552 389 96 55 ita
607 389 82 55 in
648 389 151 55 iudicio
758 389 110 55 erit
827 389 96 55 per
882 389 124 55 omnia
964 389 137 55 iustus
1047 389 82 55 Item

355 428 128 48 icitur
445 428 167 48 fenerator
574 428 77 48 et
612 428 167 48 vsurarius
741 428 167 48 inquantum
869 428 154 48 requirit
985 428 77 48 ab
1010 428 116 48 hominie

349 478 127 45 opera
434 478 184 45 meritoria
575 478 113 45 vite
646 478 141 45 eterne
745 478 99 45 que
801 478 127 45 tamen
886 478 99 45 non
942 478 184 45 seminauit
1069 478 57 45 in

349 521 231 42 naturalibus
534 521 108 42 que
595 521 139 42 dedit
688 521 154 42 homini
796 521 93 42 ad
842 521 231 42 adquirendum
1027 521 93 42 et
1058 521 77 42 sic

354 555 125 48 exigit
442 555 100 48 plus
505 555 100 48 quam
568 555 125 48 dedit.
655 555 75 48 Et
693 555 88 48 hoc
743 555 113 48 iuste
818 555 125 48 facit.
906 555 100 48 quia
969 555 75 48 si
1007 555 100 48 homo
1057 555 75 48 faci

359 602 75 46 at
397 602 100 46 quod
460 602 75 46 in
498 602 75 46 se
535 602 88 46 est
585 602 151 46 secundum
698 602 138 46 naturam
799 602 113 46 datam
874 602 63 46 a
899 602 100 46 deo.
962 602 100 46 tunc
1025 602 100 46 deus
1075 602 63 46 in-

344 643 141 50 fundit
443 643 113 50 sibi
513 643 155 50 gratiam
626 643 99 50 per
683 643 113 50 quam
754 643 141 50 potest
852 643 113 50 opus
923 643 170 50 exercere
1036 643 99 50 meri-

355 684 139 49 torium
452 684 111 49 vite
522 684 153 49 eterne.
633 684 83 49 Et
675 684 125 49 talia
758 684 181 49 inquantum
897 684 125 49 iusta
980 684 139 49 fenora
1064 684 69 49 com

342 726 161 50 ueniunt
459 726 117 50 deo.
533 726 190 50 Similiter
679 726 146 50 nomina
782 726 190 50 animalium
928 726 88 50 vt
972 726 161 50 vulpes.
1074 726 59 50 bu

349 763 88 54 fo.
400 763 113 54 draco
475 763 75 54 et
512 763 163 54 huiusmodi
637 763 175 54 vituperium
775 763 213 54 significantia
950 763 88 54 non
988 763 150 54 transferum

352 815 99 57 tur
408 815 85 57 in
451 815 127 57 deum.
536 815 113 57 quia
606 815 127 57 esset
691 815 212 57 blasphemare
846 815 85 57 etc.

411 841 185 79 Quid
526 841 139 79 de
596 841 347 79 passionibus
873 841 162 79 que
942 841 185 79 trans-

348 906 118 56 latiue
431 906 142 56 dicuntur
538 906 71 56 de
573 906 95 56 deo:
632 906 178 56 Respondetur
775 906 142 56 secundum
881 906 95 56 doc.
940 906 166 56 praedictos
1059 906 71 56 quod

346 954 83 47 in
388 954 96 47 deo
443 954 124 47 nulla
525 954 138 47 passio
622 954 138 47 cadere
718 954 138 47 potest
814 954 165 47 secundum
938 954 96 47 rem
994 954 96 47 sed
1035 954 110 47 alique

362 997 167 47 passiones
490 997 205 47 attribuuntur
657 997 90 47 deo
709 997 180 47 tantummodo
850 997 154 47 secundum
953 997 193 47 similitudinis

354 1031 125 55 modum.
441 1031 87 55 per
491 1031 150 55 effectum
603 1031 87 55 non
653 1031 87 55 per
703 1031 150 55 affectum
815 1031 150 55 loquendo
927 1031 87 55 per
977 1031 137 55 figuram
1064 1031 75 55 quae

365 1076 129 49 citur
450 1076 271 49 Anthropospatos.
679 1076 129 49 Sicut
765 1076 100 49 cum
822 1076 157 49 dicitur
936 1076 114 49 deus
993 1076 143 49 penitere

359 1118 120 55 Ben.
434 1118 120 55 vii.
508 1118 164 55 Dolere.
628 1118 164 55 irasci.
748 1118 105 55 vel
807 1118 194 55 obliuisci
957 1118 105 55 vel
1002 1118 134 55 recorda

352 1159 83 51 ri
394 1159 97 51 vel
449 1159 166 51 admirari
574 1159 97 51 vel
629 1159 125 51 odire
712 1159 194 51 peccatorem
864 1159 83 51 et
906 1159 194 51 huiusmodi.
1044 1159 97 51 Intel

349 1194 139 57 ligenda
451 1194 101 57 sunt
514 1194 76 57 ad
552 1194 114 57 modum
628 1194 215 57 similitudinis
806 1194 76 57 in
844 1194 152 57 effectu.
958 1194 152 57 scilicet
1059 1194 76 57 quia

362 1240 124 59 deus
439 1240 93 59 ad
485 1240 139 59 modum
578 1240 217 59 penitentis
748 1240 93 59 et
795 1240 186 59 dolentis
934 1240 93 59 se
980 1240 139 59 ondit
1058 1240 77 59 cum

345 1284 150 51 mundum
450 1284 165 51 diluuio
570 1284 165 51 deleuit
690 1284 120 51 quem
766 1284 180 51 fecerat.
901 1284 165 51 tanquam
1021 1284 90 51 si
1051 1284 90 51 arti

349 1333 91 48 fex
401 1333 169 48 penitendo
531 1333 156 48 destruat
648 1333 104 48 quod
713 1333 156 48 operatus
829 1333 91 48 est
881 1333 104 48 Item
946 1333 130 48 irasci
1024 1333 117 48 dicitur

359 1377 101 53 cum
416 1377 130 53 penam
503 1377 144 53 infert
603 1377 86 53 et
647 1377 130 53 punit
733 1377 130 53 Odire
819 1377 101 53 cum
877 1377 101 53 non
934 1377 187 53 approbat.
1064 1377 72 53 Ob-

350 1396 148 65 liuisci
457 1396 94 65 cum
511 1396 94 65 non
564 1396 148 65 videtur
672 1396 80 65 in
712 1396 134 65 aliquo
806 1396 188 65 subuenire.
953 1396 174 65 recordari
1074 1396 67 65 cum

354 1449 146 55 incipit
460 1449 172 55 subuenire
592 1449 93 55 vel
645 1449 172 55 exaudire.
778 1449 172 55 Similiter
911 1449 159 55 admirari
1017 1449 119 55 dicitur

363 1494 111 50 cum
426 1494 95 50 se
474 1494 127 50 deus
553 1494 142 50 ondit
648 1494 95 50 ad
695 1494 142 50 modum
790 1494 237 50 admirantis.
980 1494 95 50 et
1027 1494 111 50 sic
1075 1494 63 50 de

348 1534 139 69 aliis
440 1534 232 69 passionibus
656 1534 93 69 Ad
703 1534 108 69 hec
765 1534 108 69 vbi
826 1534 154 69 Amare.
934 1534 93 69 .
965 1534 93 69 iii.

398 1592 136 62 An
466 1592 204 62 etiam
602 1592 227 62 diuina
761 1592 227 62 nomina
897 1592 250 62 trafferan

360 1637 84 54 tur
408 1637 72 54 ad
444 1637 155 54 creaturas
563 1637 179 54 Respondetur
706 1637 143 54 secundum
814 1637 72 54 e.
850 1637 131 54 doctur.
945 1637 167 54 praedictos
1064 1637 72 54 quod

359 1680 108 59 Sic.
427 1680 149 59 propter
536 1680 149 59 aliquam
644 1680 203 59 similitudis
807 1680 258 59 participationem
1024 1680 81 59 vt
1051 1680 81 59 pats

362 1724 77 55 in
401 1724 180 55 scriptura.
542 1724 90 55 vbi
594 1724 142 55 iudices
697 1724 77 55 et
736 1724 155 55 praelati
852 1724 90 55 dii
903 1724 206 55 appellantur.
1071 1724 77 55 et
1096 1724 52 55 iu

359 1764 89 52 sti
410 1764 152 52 dicuntur
524 1764 89 52 deo
574 1764 127 52 pleni.
663 1764 76 52 et
701 1764 89 52 dii
752 1764 76 52 et
790 1764 114 52 filii
866 1764 89 52 dei
916 1764 101 52 etc.
979 1764 139 52 Psalmus
1081 1764 89 52 Ego

355 1805 98 56 dixi
416 1805 86 56 dii
465 1805 111 56 estis
539 1805 74 56 et
576 1805 111 56 filii
650 1805 135 56 excelsi
748 1805 111 56 omnes
822 1805 98 56 etc.
908 1805 98 56 Nota
970 1805 98 56 ergo
1019 1805 123 56 secundum

357 1850 112 54 Guil.
431 1850 75 54 in
469 1850 112 54 primo
543 1850 87 54 di.
593 1850 87 54 ii.
643 1850 100 54 quod
705 1850 100 54 deus
767 1850 137 54 dicitur
867 1850 199 54 tripliciter.
1029 1850 87 54 Uno
1066 1850 75 54 modo

357 1888 242 59 nuncupatiue.
554 1888 91 59 i.
599 1888 151 59 Corum.
705 1888 136 59 viii.
796 1888 91 59 Si
841 1888 151 59 quidem
947 1888 121 59 sunt
1023 1888 106 59 dii
1068 1888 76 59 mul

350 1932 88 50 ti.
401 1932 88 50 Nam
451 1932 75 50 et
488 1932 75 50 si
526 1932 100 50 sunt
588 1932 88 50 qui
638 1932 150 50 dicantur
751 1932 88 50 dii
801 1932 100 50 siue
864 1932 75 50 in
901 1932 100 50 celo
964 1932 100 50 siue
1026 1932 75 50 in
1051 1932 88 50 terra

362 1974 120 51 nobis
441 1974 120 51 tamen
521 1974 106 51 vnus
588 1974 93 51 est
641 1974 106 51 deus
707 1974 160 51 scilicet
827 1974 120 51 verus
907 1974 93 51 Sic
960 1974 120 51 etiam
1040 1974 106 51 Idem
1093 1974 40 51 d

361 2023 178 51 quibusdam
498 2023 123 51 dicit
581 2023 137 51 quorum
677 2023 110 51 deus
745 2023 137 51 venter
841 2023 110 51 est.
910 2023 151 51 Secundo
1019 2023 110 51 modo
1074 2023 55 51 de

359 2054 138 54 dicitur
460 2054 175 54 adoptione.
597 2054 75 54 et
635 2054 88 54 sic
685 2054 200 54 intelligitur
848 2054 113 54 illud
923 2054 138 54 Psalmus
1023 2054 88 54 Ego
1061 2054 75 54 dixi

364 2096 92 60 dii
416 2096 131 60 estis.
508 2096 105 60 Isto
574 2096 105 60 modo
639 2096 105 60 enim
705 2096 210 60 communicatur
876 2096 118 60 nobis
954 2096 184 60 diuinitas.
1085 2096 66 60 non

370 2144 112 52 quod
440 2144 98 52 nos
496 2144 168 52 informet
623 2144 126 52 sicut
707 2144 140 52 albedo
805 2144 182 52 parietem.
945 2144 112 52 quia
1016 2144 112 52 deus
1072 2144 70 52 vel

363 2184 129 51 deitas
453 2184 116 51 nulli
531 2184 155 51 inherere
647 2184 129 51 potest
738 2184 77 51 vt
776 2184 129 51 forma.
867 2184 90 51 sed
918 2184 103 51 quia
983 2184 90 51 per
1022 2184 116 51 gratiam

358 2227 84 51 in
400 2227 113 51 deum
471 2227 253 51 transformamur.
682 2227 84 51 et
724 2227 197 51 perfectius
879 2227 99 51 per
935 2227 155 51 gloriam
1048 2227 84 51 in
1076 2227 56 51 fu

361 2271 125 54 turo.
444 2271 83 54 et
486 2271 69 54 a
514 2271 97 54 deo
569 2271 180 54 adoptamur
708 2271 83 54 in
750 2271 139 54 filios
847 2271 166 54 Tertious
972 2271 111 54 deus
1027 2271 111 54 dicitu

351 2305 149 56 natura
455 2305 164 56 Psalmus
574 2305 119 56 Deus
648 2305 149 56 deorum
753 2305 164 56 dominus
871 2305 164 56 locutus
990 2305 119 56 est.
1050 2305 89 56 Isto

354 2353 94 51 modo
413 2353 82 51 non
460 2353 176 51 commnicatur
601 2353 70 51 ad
636 2353 106 51 extra
707 2353 82 51 sed
754 2353 106 51 solum
824 2353 70 51 ad
859 2353 117 51 intra.
941 2353 141 51 scilicet
1047 2353 94 51 quia
1094 2353 47 51 di

366 2396 98 66 uina
427 2396 123 66 natura
513 2396 86 66 vel
562 2396 147 66 essentia
672 2396 61 66 a
697 2396 110 66 patre
771 2396 196 66 communicatur
930 2396 110 66 filio
1004 2396 74 66 et
1028 2396 123 66 spiritui

350 2437 186 70 sancto.
486 2437 119 70 Hec
553 2437 102 70 ex
587 2437 119 70 Guil.

536 2489 420 91 Dinitas
841 2489 191 91 a
880 2489 267 91 terna

546 2558 89 63 rio
597 2558 128 63 numero
687 2558 179 63 personarum
827 2558 141 63 dicitur
930 2558 77 63 in
968 2558 128 63 diuis.
1070 2558 77 63 Unde

558 2608 168 59 quaritur.
687 2608 116 59 Utrum
764 2608 129 59 possit
855 2608 103 59 dici
919 2608 168 59 ternarius
1035 2608 103 59 perso-

355 2624 106 75 narum
426 2624 106 75 sicut
497 2624 130 75 dicitur
591 2624 153 75 trinitas:
709 2624 177 75 Respondetur
850 2624 141 75 secundum
956 2624 106 75 Bona.
1027 2624 71 75 in
1051 2624 82 75 primo

366 2696 84 67 di.
414 2696 96 67 xix.
474 2696 96 67 quod
533 2696 72 67 in
569 2696 107 67 diuis
641 2696 107 67 licet
712 2696 84 67 sit
760 2696 167 67 distinctio
891 2696 167 67 personalis
1023 2696 107 67 tamen
1082 2696 60 67 non

1182 279 106 68 est
1243 279 213 68 diuersitas
1410 279 198 68 numeralis
1562 279 106 68 seu
1623 279 167 68 numerus
1745 279 228 68 simpliciter
1912 279 76 68 ni-

1175 338 81 59 si
1216 338 149 59 addatur
1324 338 230 59 determinatio.
1513 338 149 59 dicendo
1622 338 108 59 quod
1689 338 95 59 ibi
1743 338 95 59 est
1797 338 149 59 numerus
1892 338 81 59 per-

1196 381 147 50 sonarum
1303 381 107 50 quai
1370 381 120 50 dicit
1450 381 227 50 distinctionem
1637 381 80 50 in
1677 381 214 50 hypostasibus
1851 381 94 50 non
1905 381 80 50 in
1931 381 54 50 na

1193 424 113 48 tura.
1269 424 101 48 vnde
1332 424 88 48 ibi
1382 424 76 48 in
1420 424 126 48 numero
1509 424 176 48 personarum
1647 424 176 48 requiritur
1786 424 176 48 necessario
1912 424 63 48 di-

1192 463 163 56 stinctio
1314 463 190 56 personarum
1463 463 95 56 cum
1518 463 149 56 vnitate
1626 463 149 56 nature.
1734 463 81 56 Et
1775 463 108 56 quia
1843 463 95 56 hoc
1883 463 95 56 nomen

1194 505 150 52 trinitas
1306 505 113 52 dicit
1381 505 163 52 huiusmodi
1506 505 213 52 distinctionem
1681 505 88 52 cum
1731 505 138 52 vnitate
1831 505 113 52 quasi
1894 505 88 52 trium

1198 550 163 50 vnitas.
1317 550 193 50 Ternarius
1465 550 133 50 autem
1554 550 133 50 dicit
1643 550 252 50 distinctionem
1851 550 119 50 sine
1910 550 74 50 vni

1203 587 101 52 tate
1266 587 101 52 Ideo
1329 587 101 52 bene
1392 587 139 52 dicitur
1493 587 151 52 trinitas
1607 587 176 52 personarum
1745 587 76 52 in
1783 587 139 52 diuins.
1884 587 88 52 sed
1922 587 63 52 non

1206 630 106 61 citur
1277 630 166 61 ternarius.
1407 630 95 61 Item
1466 630 106 61 eodem
1537 630 95 61 modo
1597 630 142 61 secundum
1703 630 106 61 Bona.
1774 630 83 61 non
1821 630 130 61 dicitur
1904 630 71 61 deus

1194 672 164 52 triplex.
1317 672 109 52 quia
1386 672 82 52 ly
1427 672 150 52 triplex
1536 672 137 52 sercat
1632 672 219 52 pluralitatem
1796 672 191 52 essentialium

1205 720 151 47 formarum
1318 720 88 47 vel
1369 720 126 47 saltem
1457 720 151 47 partium.
1570 720 100 47 puta
1632 720 126 47 pamnus
1720 720 138 47 dicitur
1821 720 151 47 triplex.
1921 720 63 47 in-

1211 757 141 59 quantum
1314 757 154 59 secundum
1429 757 128 59 partes
1519 757 128 59 alias.
1609 757 77 59 et
1647 757 115 59 alias
1724 757 90 59 est
1776 757 205 59 triplicatus.
1930 757 51 59 Et

1208 794 105 66 quia
1274 794 79 66 in
1313 794 92 66 deo
1366 794 92 66 non
1418 794 132 66 potest
1510 794 105 66 esse
1576 794 158 66 formarum
1694 794 210 66 essentialium
1852 794 145 66 multipli-

1196 846 102 68 catio
1264 846 79 68 nec
1309 846 136 68 partium.
1411 846 91 68 ergo
1456 846 57 68 etc

1251 883 161 68 An
1332 883 350 68 ternarius
1601 883 296 68 numerus
1789 883 188 68 meri-

1197 939 82 56 to
1238 939 164 56 congruat
1361 939 150 56 diuinis
1471 939 164 56 personis
1594 939 205 56 Respondetur
1758 939 232 56 secundumGuil.
1935 939 55 56 in

1205 985 108 49 primo
1277 985 84 49 di.
1325 985 84 49 ii.
1373 985 84 49 per
1421 985 192 49 conclusionem
1577 985 96 49 quod
1636 985 96 49 sic.
1696 985 108 49 Ratio
1768 985 96 49 quia
1828 985 132 49 numerus
1912 985 72 49 iste

1195 1027 128 54 habet
1280 1027 128 54 prima
1365 1027 85 54 et
1408 1027 142 54 summam
1507 1027 185 54 numerorum
1649 1027 227 54 perfectionem
1834 1027 114 54 siue
1891 1027 99 54 consi

1196 1073 141 54 deretur
1299 1073 77 54 in
1338 1073 90 54 se.
1389 1073 103 54 siue
1453 1073 141 54 secundo
1556 1073 77 54 in
1595 1073 180 54 quantitate
1736 1073 167 54 continua.
1864 1073 103 54 siue
1916 1073 77 54 ter-

1198 1111 92 57 tio
1250 1111 79 57 in
1290 1111 171 57 creatura.
1421 1111 105 57 siue
1487 1111 131 57 quarto
1579 1111 79 57 in
1618 1111 171 57 principii
1749 1111 144 57 ratione
1841 1111 105 57 recta.

1215 1145 125 69 Primo
1299 1145 139 69 inquam
1396 1145 83 69 in
1438 1145 97 69 se.
1493 1145 111 69 quia
1563 1145 139 69 primus
1660 1145 97 69 est
1716 1145 153 69 numerus
1827 1145 97 69 qui
1869 1145 125 69 constat

1198 1196 83 58 ex
1240 1196 153 58 omnibus
1351 1196 111 58 suis
1420 1196 181 58 partibus.
1559 1196 125 58 habet
1643 1196 111 58 enim
1712 1196 111 58 duas
1782 1196 139 58 partes
1865 1196 125 58 integra

1200 1241 93 53 les.
1258 1241 139 53 scilicet
1363 1241 93 53 vnum
1421 1241 70 53 et
1456 1241 93 53 duo.
1514 1241 93 53 quae
1572 1241 93 53 sunt
1630 1241 70 53 in
1665 1241 81 53 hoc
1711 1241 93 53 toto
1769 1241 93 53 quod
1827 1241 81 53 est
1874 1241 105 53 tres.
1932 1241 58 53 Sed

1214 1280 133 48 vnitas
1307 1280 80 48 et
1347 1280 160 48 dualitas
1467 1280 147 48 similis
1574 1280 133 48 iuncte
1667 1280 147 48 faciunt
1773 1280 120 48 tria.
1853 1280 107 48 Ecce
1907 1280 93 48 ipsum

1200 1325 125 54 totum
1283 1325 125 54 huius
1366 1325 138 54 numeri
1491 1325 152 54 Secundo
1602 1325 83 54 in
1643 1325 194 54 quantitate
1795 1325 180 54 continua.
1920 1325 83 54 quia

1210 1376 80 42 one
1255 1376 148 42 continuum
1369 1376 68 42 et
1403 1376 91 42 omne
1460 1376 125 42 quantum
1551 1376 68 42 in
1585 1376 114 42 tribus
1665 1376 137 42 consisti
1768 1376 137 42 scilicet
1859 1376 125 42 principio

1207 1407 126 49 medio.
1295 1407 75 49 et
1333 1407 113 49 fine.
1408 1407 75 49 vt
1446 1407 113 49 habet
1522 1407 188 49 philosophus
1672 1407 113 49 primo
1748 1407 113 49 celi.
1823 1407 75 49 Et
1861 1407 113 49 etiam
1924 1407 75 49 tri-

1216 1447 98 56 pus
1272 1447 239 56 dimensionibus
1469 1447 211 56 mensuratur.
1637 1447 168 56 scilicet
1763 1447 211 56 longitudine
1918 1447 84 56 lati

1200 1496 148 48 tudine
1304 1496 89 48 et
1348 1496 252 48 profunditate.
1556 1496 89 48 ii
1601 1496 104 48 li.
1660 1496 119 48 Phy.
1734 1496 104 48 per
1779 1496 222 48 commentatorem

1241 1530 149 59 Tertio
1345 1530 89 59 in
1390 1530 149 59 creata
1494 1530 164 59 natura.
1613 1530 119 59 quia
1687 1530 89 59 in
1731 1530 178 59 qualibet
1850 1530 149 59 creatura

1207 1579 182 50 contingit
1347 1579 168 50 reporire
1473 1579 182 50 vestigium
1614 1579 112 50 quod
1684 1579 98 50 est
1740 1579 84 50 in
1782 1579 140 50 tribus
1880 1579 84 50 vt
1908 1579 98 50 docet

1211 1618 103 50 Aug.
1276 1618 91 50 vi.
1327 1618 78 50 de
1366 1618 103 50 tri.
1431 1618 155 50 scilicet
1547 1618 78 50 in
1586 1618 155 50 vnitate.
1703 1618 142 50 specie.
1806 1618 78 50 et
1845 1618 142 50 ordine.
1935 1618 65 50 Nam

1210 1660 166 51 qualibet
1335 1660 166 51 creatura
1459 1660 97 51 tam
1515 1660 166 51 corporea
1639 1660 111 51 quam
1708 1660 208 51 spiritualis
1874 1660 97 51 est
1916 1660 83 51 vnum

1208 1702 158 54 aliquid.
1326 1702 79 54 Et
1365 1702 144 54 secundo
1471 1702 131 54 aliqua
1563 1702 131 54 specie
1654 1702 158 54 formatur
1773 1702 118 54 sicut
1852 1702 131 54 figura
1930 1702 66 54 vel

1216 1742 183 59 qualitate.
1360 1742 78 59 Et
1399 1742 131 59 tertio
1490 1742 144 59 ordinem
1594 1742 144 59 aliquem
1699 1742 117 59 petit
1777 1742 91 59 vel
1829 1742 131 59 tenet.
1908 1742 91 59 sicut

1203 1786 146 63 corpus
1305 1786 131 63 tenet
1393 1786 102 63 vel
1451 1786 131 63 petit
1538 1786 146 63 locum.
1640 1786 87 63 Et
1684 1786 218 63 spiritualia
1859 1786 87 63 in
1888 1786 102 63 ponde

1210 1839 83 46 re
1252 1839 138 46 amoris
1348 1839 151 46 ordinem
1458 1839 151 46 tenent.
1568 1839 83 46 et
1609 1839 96 46 ita
1664 1839 83 46 in
1705 1839 151 46 omnibus
1815 1839 179 46 creaturis
1939 1839 55 46 re

1205 1869 122 53 lucet
1287 1869 177 53 vestigium
1423 1869 204 53 trinitatis.
1586 1869 95 53 Hec
1640 1869 163 53 Magister
1763 1869 122 53 dist.
1844 1869 109 53 iii.
1899 1869 95 53 primi

1225 1914 183 59 Preterea:
1365 1914 84 59 in
1408 1914 141 59 homine
1506 1914 98 59 qui
1562 1914 141 59 factus
1661 1914 98 59 est
1717 1914 84 59 ad
1759 1914 169 59 imaginem
1886 1914 112 59 dici
1942 1914 70 59 ha-

1209 1961 136 45 betur
1300 1961 212 45 trinitatis
1466 1961 136 45 imago
1557 1961 91 45 in
1602 1961 136 45 anima
1693 1961 91 45 vt
1738 1961 151 45 patuit
1844 1961 106 45 vbi
1904 1961 136 45 Imago

1260 2000 122 50 Quarto
1345 2000 73 50 in
1382 2000 134 50 ratione
1479 2000 171 50 principii.
1613 2000 97 50 quia
1674 2000 110 50 recte
1747 2000 110 50 ratio
1820 2000 158 50 principii
1930 2000 73 50 ter-

1205 2036 121 59 nario
1285 2036 201 59 perficitur.
1446 2036 94 59 Nam
1500 2036 121 59 primo
1580 2036 94 59 est
1634 2036 201 59 intelligere
1794 2036 188 59 principium
1929 2036 80 59 quod

1207 2084 96 50 non
1262 2084 96 50 est
1317 2084 233 50 principiatum.
1509 2084 110 50 Ecce
1577 2084 110 50 deus
1646 2084 137 50 pater.
1742 2084 82 50 Et
1783 2084 151 50 secundo
1879 2084 123 50 princi-

1216 2133 113 44 pium
1286 2133 113 44 quod
1357 2133 99 44 est
1413 2133 240 44 principiatum.
1611 2133 113 44 Ecce
1681 2133 155 44 filius.
1794 2133 85 44 Et
1837 2133 141 44 tertio
1921 2133 85 44 prin

1217 2162 150 52 tipiatum
1330 2162 100 52 quod
1393 2162 88 52 non
1443 2162 88 52 est
1493 2162 175 52 principium
1630 2162 88 52 quo
1680 2162 75 52 ad
1718 2162 125 52 intra.
1805 2162 113 52 tamen
1880 2162 88 52 est
1918 2162 75 52 eque

1209 2209 205 55 principium
1370 2209 88 55 ad
1414 2209 146 55 extra.
1516 2209 117 55 Ecce
1590 2209 175 55 spiritus
1721 2209 161 55 sanctus
1838 2209 102 55 Nec
1897 2209 102 55 est
1941 2209 58 55 mo

1215 2250 112 72 dus
1279 2250 176 72 quartus
1407 2250 256 72 reperiendus.
1615 2250 128 72 ergo
1695 2250 192 72 trinitas
1839 2250 144 72 summe
1919 2250 96 72 con-

1210 2292 157 65 gruit
1314 2292 140 65 deo.
1402 2292 122 65 Hec
1454 2292 122 65 Guil.

1251 2320 179 91 Sed
1353 2320 179 91 pro
1456 2320 179 91 quo
1558 2320 307 91 supponit
1788 2320 154 91 ly
1840 2320 179 91 deus:

1209 2391 95 59 cum
1264 2391 149 59 dicitur
1372 2391 108 59 deus
1440 2391 108 59 esse
1508 2391 149 59 trinus.
1616 2391 95 59 Nam
1670 2391 81 59 si
1711 2391 163 59 supponit
1833 2391 95 59 pro
1873 2391 136 59 essentia

1198 2435 174 57 sequitur
1328 2435 116 57 quod
1400 2435 174 57 essentia
1531 2435 145 57 diuina
1632 2435 116 57 erit
1705 2435 145 57 trina.
1806 2435 116 57 Etsi
1864 2435 145 57 supponit

1215 2481 104 50 pro
1275 2481 178 50 persona.
1408 2481 89 50 et
1453 2481 104 50 sic
1512 2481 164 50 persona
1631 2481 119 50 erit
1706 2481 134 50 trium
1795 2481 119 50 vna.
1869 2481 119 50 quia
1929 2481 74 50 tri

1196 2522 111 59 nus
1260 2522 174 59 dicitur
1386 2522 143 59 quasi
1482 2522 143 59 trium
1577 2522 127 59 vnus
1656 2522 143 59 sicut
1751 2522 95 59 et
1799 2522 190 59 trinitas
1926 2522 79 59 qua

1204 2566 90 43 si
1249 2566 135 43 trium
1339 2566 150 43 vnitas
1444 2566 90 43 vt
1489 2566 165 43 patuit.
1639 2566 90 43 i.
1684 2566 105 43 Sed
1744 2566 165 43 vtraque
1849 2566 135 43 locutio

1208 2605 87 53 est
1257 2605 111 53 falsa
1331 2605 99 53 etc.
1393 2605 185 53 Respondetur
1541 2605 148 53 secundum
1653 2605 74 53 e.
1690 2605 111 53 Bona.
1764 2605 99 53 quod
1826 2605 74 53 ly
1863 2605 124 53 trinus
1937 2605 62 53 im-

1213 2648 113 54 portat
1292 2648 124 54 similis
1382 2648 192 54 distinctionem
1540 2648 68 54 et
1574 2648 135 54 vnitatem
1675 2648 113 54 quorum
1754 2648 90 54 vnum
1811 2648 135 54 scilicet
1901 2648 90 54 distin

1203 2689 137 68 ctio
1288 2689 205 68 refertur
1442 2689 103 68 ad
1494 2689 222 68 personam.
1665 2689 154 68 aliud
1768 2689 103 68 ad
1802 2689 188 68 essentiam
