2237 3301
153 275 76 74 ad
191 275 215 74 similitudinem
368 275 177 74 conrceptus
508 275 89 74 rei
558 275 177 74 imperfecti
698 275 89 74 vel
748 275 165 74 informis.
862 275 76 74 quia

160 337 86 52 in
203 337 100 52 deo
260 337 129 52 nihil
345 337 100 52 est
403 337 186 52 sensibile
545 337 100 52 nec
602 337 214 52 imperfectum
774 337 143 52 etiam.
860 337 71 52 Sed

166 382 78 52 ibi
211 382 123 52 ponitur
300 382 112 52 verbum
379 382 146 52 inquantum
491 382 135 52 importat
592 382 146 52 conceptum
704 382 78 52 rei
749 382 157 52 perfectum.
861 382 67 52 quod

169 420 97 48 deus
229 420 109 48 vnico
302 420 97 48 actu
362 420 193 48 intelligendi
519 420 145 48 concipit
627 420 145 48 perfecte
736 420 133 48 seipsum
832 420 72 48 et
857 420 84 48 omnia

169 462 112 52 alia
239 462 126 52 facta
323 462 98 52 vel
378 462 140 52 fienda
476 462 98 52 vel
532 462 209 52 possibilia.
700 462 70 52 ¶
728 462 84 52 Ex
769 462 126 52 istis
839 462 98 52 patet

171 505 76 46 Ad
209 505 165 46 quaesitum
336 505 165 46 responsio
463 505 101 46 quod
526 505 114 46 maxia
602 505 76 46 et
640 505 165 46 multiplex
767 505 89 46 est
805 505 139 46 differen-

167 547 99 57 tia
223 547 85 57 et
266 547 241 57 dissimilitudo
464 547 127 57 verbi
549 547 141 57 nostri
648 547 85 57 ad
690 547 170 57 diuinum.
818 547 127 57 Primo
888 547 57 57 in

176 587 166 52 entitate.
304 587 102 52 quia
368 587 128 52 verbum
457 587 141 52 nostrum
560 587 89 52 est
611 587 128 52 accis.
700 587 89 52 Sed
751 587 128 52 verbum
828 587 115 52 diuinum

174 629 72 47 est
215 629 144 47 substantia
328 629 113 47 diuina.
411 629 82 47 quia
462 629 82 47 deus
514 629 144 47 intelligit
627 629 72 47 per
669 629 82 47 suam
720 629 134 47 essentiam
823 629 82 47 quae
875 629 72 47 non
906 629 41 47 pa

173 669 124 51 titur
256 669 207 51 admixtionem
422 669 193 51 accisentis
574 669 97 51 vel
629 669 166 51 alicuius
754 669 180 51 extranei.
878 669 69 51 Se-

170 721 122 43 cundo
252 721 81 43 in
292 721 230 43 simplicitate.
482 721 108 43 quia
550 721 136 43 verbum
645 721 149 43 nostrum
753 721 81 43 in
794 721 122 43 mente
862 721 81 43 mult

176 761 154 46 plicatur.
294 761 106 46 quait
365 761 95 46 enim
424 761 95 46 sunt
483 761 83 46 ibi
531 761 154 46 conceptus
649 761 142 46 perfecti
755 761 83 46 vel
802 761 130 46 formati
885 761 59 46 tos

180 797 108 53 sunt
247 797 94 53 ibi
301 797 134 53 verba.
395 797 81 53 In
435 797 94 53 deo
489 797 121 53 autem
569 797 94 53 est
623 797 134 53 verbum
717 797 134 53 omnino
798 797 161 53 simplicis-

178 840 107 52 simum
249 840 130 52 vnicum.
344 840 95 52 quia
403 840 83 52 non
451 840 118 52 potest
533 840 83 52 ibi
581 840 95 52 esse
640 840 95 52 nisi
699 840 118 52 vnicus
782 840 154 52 conceptus
889 840 47 52 in

186 879 211 44 fectissimus.
357 879 118 44 patet
436 879 79 44 ex
475 879 145 44 dictis.
581 879 132 44 Tertio
673 879 79 44 in
712 879 211 44 stabilitate.
870 879 79 44 quia

189 921 130 46 verbum
280 921 143 46 nostrum
384 921 91 46 est
436 921 104 46 quid
501 921 156 46 transies
619 921 78 46 et
658 921 156 46 volubile
775 921 78 46 ac
801 921 143 46 vanissimi

182 965 75 59 eo
220 965 101 59 quod
283 965 113 59 stati
358 965 88 59 dum
409 965 88 59 fit
459 965 151 59 transit.
572 965 75 59 et
610 965 163 59 cogitatio
735 965 151 59 voluitur
836 965 113 59 Psalmus

176 1009 137 54 Domins
272 1009 110 54 scit
341 1009 220 54 cogitationes
520 1009 151 54 hominim
629 1009 151 54 quoniam
739 1009 110 54 vane
808 1009 124 54 sunt.
890 1009 96 54 Sed

187 1051 142 57 verbum
286 1051 156 57 diuinum
399 1051 99 57 est
456 1051 156 57 eternum
569 1051 142 57 semper
668 1051 113 57 actu
739 1051 184 57 permanens
866 1051 85 57 etc.

178 1090 100 53 Hec
235 1090 114 53 Lyra
306 1090 85 53 et
348 1090 199 53 sufficiant
491 1090 85 53 etc.

185 1138 113 83 ¶
231 1138 227 83 Qualem
389 1138 385 83 conformitatem
707 1138 227 83 habeat
843 1138 113 83 ver

187 1208 99 52 bum
244 1208 156 52 nostrum
357 1208 156 52 mentale
471 1208 85 52 ad
513 1208 156 52 diuinum
627 1208 156 52 verbum.
740 1208 99 52 qua
783 1208 170 52 efficacius

183 1258 134 44 ducit
272 1258 89 44 in
317 1258 223 44 cognitionem
495 1258 193 44 creatoris
644 1258 119 44 quam
718 1258 149 44 cetere
807 1258 149 44 creature

187 1296 72 54 Et
223 1296 132 54 propter
319 1296 96 54 quam
379 1296 156 54 scriptura
498 1296 96 54 dici
558 1296 120 54 filium
642 1296 132 54 nominat
738 1296 120 54 verbum
821 1296 60 54 ¶
833 1296 120 54 Responde

187 1335 88 53 tur
237 1335 150 53 secundum
349 1335 100 53 Bon.
412 1335 75 53 e.
449 1335 88 53 di.
499 1335 125 53 xxvii.
587 1335 75 53 q.
624 1335 88 53 vl.
674 1335 150 53 Aliosque
787 1335 100 53 quod
849 1335 88 53 Una
887 1335 63 53 si-

188 1383 173 46 militudo
317 1383 101 46 vel
375 1383 216 46 conformitas
547 1383 101 46 est
605 1383 158 46 quantum
720 1383 86 46 ad
763 1383 173 46 originem
878 1383 72 46 vel

188 1426 214 47 emanationem.
362 1426 107 47 quia
429 1426 121 47 sicut
509 1426 80 47 in
549 1426 121 47 nobis
630 1426 134 47 verbum
723 1426 161 47 procedit
844 1426 67 47 a
857 1426 94 47 mente

188 1469 85 47 per
236 1469 109 47 modum
309 1469 133 47 nature.
405 1469 97 47 vnde
466 1469 133 47 dicitur
562 1469 121 47 partus
647 1469 85 47 vel
695 1469 121 47 proles
780 1469 97 47 siue
828 1469 109 47 concepi

186 1514 148 42 mentis.
293 1514 94 42 Ita
347 1514 134 42 verbum
441 1514 148 42 diuinum
549 1514 161 42 procedit
670 1514 67 42 a
697 1514 121 42 patre
777 1514 94 42 per
831 1514 121 42 modum
898 1514 54 42 na

189 1546 106 53 ture.
260 1546 94 53 quia
319 1546 153 53 gignitur.
437 1546 118 53 Uerbum
519 1546 71 53 ei
554 1546 71 53 de
590 1546 94 53 suam
649 1546 130 53 ratione
743 1546 106 53 dicit
813 1546 94 53 quid
861 1546 82 53 proce

177 1590 99 54 dens
238 1590 74 54 ab
275 1590 74 54 eo
313 1590 111 54 cuius
387 1590 86 54 est
436 1590 136 54 verbum.
535 1590 111 54 sicut
609 1590 161 54 conceptus
733 1590 62 54 a
757 1590 198 54 concipiente.
906 1590 49 54 vl

179 1637 140 46 genitus
281 1637 64 46 a
307 1637 166 46 gignente.
434 1637 76 46 Et
472 1637 89 46 sic
523 1637 89 46 ibi
574 1637 166 46 processus
701 1637 115 46 verbi
778 1637 64 46 a
803 1637 89 46 deo
841 1637 115 46 dicente

177 1674 95 50 idem
236 1674 83 50 est
284 1674 95 50 quod
343 1674 154 50 generatio
461 1674 106 50 filii
532 1674 83 50 dei
579 1674 59 50 a
603 1674 118 50 patre.
686 1674 95 50 quia
745 1674 118 50 verbum
828 1674 71 50 in
851 1674 95 50 diuins

176 1716 109 53 idem
244 1716 95 53 est
299 1716 109 53 quod
366 1716 149 53 filius.
475 1716 81 53 De
516 1716 95 53 his
570 1716 109 53 vide
638 1716 95 53 vbi
692 1716 149 53 Filius.
801 1716 81 53 §.
841 1716 81 53 i.
869 1716 81 53 Deni

177 1759 107 45 quam
243 1759 120 45 sicut
323 1759 133 45 verbum
416 1759 133 45 mentis
510 1759 186 45 concipitur
656 1759 120 45 intra
736 1759 146 45 manendo
842 1759 67 45 a
856 1759 93 45 menti

178 1803 74 44 et
215 1803 235 44 impassibliciter
412 1803 99 44 sine
474 1803 161 44 decisione
598 1803 74 44 in
635 1803 124 44 nobis.
721 1803 111 44 tamen
795 1803 124 44 verbum
882 1803 86 44 est
919 1803 37 44 a

194 1846 125 47 mente
278 1846 209 47 distinctum.
444 1846 97 47 ita
500 1846 139 47 verbum
597 1846 97 47 dei
653 1846 167 47 procedit
778 1846 97 47 per
820 1846 139 47 actionem

185 1893 164 43 manentem
308 1893 123 43 intra
390 1893 82 43 et
431 1893 95 43 non
485 1893 205 43 transeuntem
649 1893 136 43 extra.
744 1893 123 43 tamen
826 1893 82 43 ab
867 1893 82 43 eo
894 1893 55 43 ci

192 1928 88 54 ius
243 1928 88 54 est
293 1928 202 54 distinguitur
458 1928 202 54 personaliter
622 1928 63 54 ¶
647 1928 139 54 Secunda
748 1928 177 54 similitudo
874 1928 76 54 quam

193 1965 81 54 tum
240 1965 70 54 ad
275 1965 175 54 operationem
415 1965 81 54 vel
461 1965 93 54 eius
519 1965 210 54 dispositionem.
694 1965 93 54 quia
752 1965 105 54 sicut
822 1965 105 54 omnia
880 1965 70 54 quod

184 2010 144 48 operatur
292 2010 96 48 homo
352 2010 108 48 prius
423 2010 180 48 praecogitat
567 2010 108 48 mente
639 2010 191 48 concipiendo.
794 2010 72 48 et
830 2010 84 48 sic
866 2010 84 48 dispe

186 2055 104 43 nit.
251 2055 91 43 ita
303 2055 104 43 deus
369 2055 117 43 pater
447 2055 117 43 omnia
525 2055 157 43 facienda
643 2055 170 43 disposuit
773 2055 78 43 ab
812 2055 131 43 eterno
891 2055 65 43 per

188 2096 130 43 verbum
279 2096 104 43 quod
344 2096 104 43 idem
408 2096 91 43 est
460 2096 104 43 quod
525 2096 169 43 conceptus
655 2096 194 43 intellectus
810 2096 143 43 diuini.
901 2096 52 43 Si

187 2142 176 45 artificiata
328 2142 82 45 per
375 2142 153 45 artificem
492 2142 176 45 producuntur
633 2142 82 45 per
680 2142 153 45 conceptum
798 2142 106 45 artis
868 2142 94 45 siue
915 2142 47 45 in

181 2183 199 44 tellectus.
337 2183 100 44 Nam
394 2183 128 44 domus
480 2183 85 44 in
522 2183 85 44 re
565 2183 128 44 extra
650 2183 199 44 producitur
807 2183 71 44 a
835 2183 114 44 domo
892 2183 57 44 st

186 2220 88 53 est
237 2220 75 53 in
274 2220 125 53 anima.
362 2220 100 53 vii.
424 2220 113 53 Meta.
499 2220 100 53 Ideo
562 2220 100 53 Ioam
624 2220 75 53 i.
662 2220 113 53 Omnia
737 2220 88 53 per
787 2220 113 53 ipsum
849 2220 113 53 sanctue

179 2263 135 45 verbum
274 2263 122 45 facta
356 2263 108 45 sunt
423 2263 108 45 etc.
491 2263 68 45 ¶
518 2263 135 45 Tertia
613 2263 190 45 similitudo
762 2263 149 45 quantum
870 2263 81 45 ad
897 2263 68 45 vni

177 2301 108 54 onem
244 2301 94 54 vel
298 2301 121 54 filii
379 2301 94 54 dei
433 2301 243 54 incarnationem.
635 2301 108 54 Quia
702 2301 121 54 sicut
783 2301 135 54 verbum
864 2301 108 54 nostre

186 2346 126 46 mentis
274 2346 126 46 vnitur
362 2346 100 46 voci
425 2346 163 46 sensibili
551 2346 75 46 et
588 2346 113 46 quasi
664 2346 151 46 induitur
777 2346 100 46 voce
839 2346 75 46 vt
865 2346 100 46 scilic

182 2390 194 50 innotescat
334 2390 97 50 per
390 2390 125 50 vocem
473 2390 83 50 ad
514 2390 235 50 manifestandum
708 2390 180 50 veritatem
846 2390 111 50 quae
902 2390 69 50 est

196 2432 143 46 concepta
303 2432 72 46 in
339 2432 167 46 abscondito
470 2432 131 46 mentis.
566 2432 95 46 vnde
625 2432 72 46 et
661 2432 143 46 secundum
768 2432 95 46 Boe.
828 2432 131 46 dicitur
911 2432 60 46 ver

194 2473 97 43 bum
250 2473 125 43 quasi
333 2473 125 43 verum
416 2473 125 43 boans
499 2473 83 43 id
541 2473 97 43 est
596 2473 139 43 sonans
694 2473 222 43 manifestando
860 2473 111 43 aliis.

205 2512 81 47 Ita
252 2512 116 47 verbum
333 2512 93 47 dei.
391 2512 116 47 filius
472 2512 70 47 in
507 2512 116 47 patris
588 2512 93 47 sinu
646 2512 70 47 id
681 2512 81 47 est
727 2512 104 47 mente
797 2512 81 47 vel
832 2512 139 47 substantia

190 2557 136 47 diuina
286 2557 204 47 absconditus
449 2557 68 47 a
476 2557 149 47 seculo:
585 2557 136 47 induit
680 2557 136 47 carnem
775 2557 82 47 et
816 2557 136 47 factus
897 2557 68 47 est

192 2598 194 54 visibilis
341 2598 90 54 ad
386 2598 254 54 innotescendum
595 2598 119 54 toti
670 2598 119 54 modo
744 2598 90 54 et
774 2598 194 54 manifestam-

195 2638 75 51 do
233 2638 113 51 fidem
308 2638 188 51 trinitatis.
459 2638 100 51 Item
521 2638 113 51 sicut
597 2638 125 51 verbum
684 2638 125 51 mentis
772 2638 88 51 dum
822 2638 125 51 vnitur
897 2638 63 51 voc

195 2670 91 75 non
247 2670 144 75 transit
352 2670 78 75 in
391 2670 131 75 vocem.
482 2670 91 75 sed
535 2670 118 75 manet
613 2670 118 75 totum
692 2670 78 75 in
731 2670 118 75 mente
796 2670 170 75 proferentis

997 290 82 55 et
1038 290 178 55 integrum.
1175 290 82 55 Et
1216 290 150 55 similis
1326 290 96 55 fit
1380 290 123 55 totum
1462 290 82 55 ac
1503 290 164 55 integrum
1627 290 109 55 apud
1681 290 96 55 pluri

1000 344 98 47 mos
1056 344 182 47 audientes
1196 344 84 47 in
1238 344 154 47 illorum
1350 344 154 47 auribus
1461 344 84 47 et
1503 344 182 47 mentibus.
1643 344 98 47 Ita
1685 344 84 47 fili

1004 386 98 43 dei
1060 386 140 43 verbum
1158 386 154 43 eternum
1270 386 140 43 vnitum
1368 386 140 43 carni.
1467 386 126 43 totum
1551 386 140 43 mansit
1649 386 84 43 in
1677 386 112 43 patre.

1002 423 87 45 nec
1051 423 149 45 transuit
1163 423 75 45 in
1201 423 125 45 carnem
1288 423 87 45 per
1338 423 212 45 conuersionem.
1512 423 87 45 sed
1562 423 112 45 totus
1637 423 125 45 filius
1711 423 75 45 dici

1011 468 75 44 in
1049 468 126 44 patre.
1137 468 75 44 Et
1175 468 113 44 totus
1250 468 75 44 in
1288 468 138 44 vergine
1388 468 138 44 mstere.
1489 468 88 44 non
1539 468 189 44 conuersione
1677 468 101 44 deitat

997 509 73 42 in
1033 509 134 42 carnem.
1130 509 85 42 sed
1179 509 182 42 assumptione
1325 509 182 42 humanitatis
1470 509 73 42 in
1507 509 109 42 deum.
1580 509 146 42 scilicet
1689 509 85 42 per
1725 509 61 42 vni

1003 551 127 60 onem.
1087 551 85 60 vt
1130 551 127 60 dicit
1214 551 197 60 Athanasius
1369 551 85 60 in
1412 551 197 60 spermbolo.
1567 551 99 60 Hec
1609 551 183 60 sufficiant.

1061 591 112 72 ¶
1105 591 202 72 Quare
1240 591 135 72 in
1307 591 202 72 nobis
1442 591 224 72 verbum
1576 591 202 72 mentale

1007 656 75 53 non
1050 656 118 53 dicitur
1136 656 107 53 filius
1211 656 75 53 vel
1254 656 118 53 genitus
1340 656 118 53 proprie
1425 656 97 53 sicut
1490 656 118 53 dicitur
1576 656 64 53 in
1608 656 86 53 deo.
1651 656 139 53 Respondetur

1008 695 141 56 secundum
1114 695 82 56 Tho
1161 695 71 56 i.
1197 695 118 56 parte.
1279 695 71 56 q.
1315 695 118 56 xxvii.
1397 695 82 56 ar.
1444 695 71 56 ii
1480 695 71 56 in
1515 695 153 56 solutione
1633 695 82 56 ar.
1680 695 82 56 ii.
1715 695 71 56 Quod

1008 736 192 48 intelligere
1161 736 77 48 in
1200 736 115 48 nobis
1276 736 89 48 non
1327 736 89 48 est
1378 736 102 48 ipsa
1442 736 179 48 substantia
1583 736 204 48 intellectus.
1736 736 51 48 vn

1003 780 136 46 verbum
1099 780 177 46 procedens
1235 780 82 46 in
1276 780 123 46 nobis
1357 780 95 46 per
1412 780 204 46 operationem
1575 780 204 46 intellectus
1725 780 68 46 non

1004 821 93 57 est
1057 821 146 57 eiusdem
1163 821 133 57 nature
1256 821 93 57 cum
1309 821 80 57 eo
1349 821 66 57 a
1375 821 93 57 quo
1429 821 173 57 procedit.
1561 821 106 57 Ideo
1628 821 93 57 non
1668 821 119 57 proprie

1010 862 106 44 sibi
1076 862 159 44 competit
1196 862 119 44 ratio
1275 862 212 44 generationis
1448 862 93 44 vel
1501 862 133 44 filii.
1594 862 93 44 Sed
1634 862 159 44 intellige-

1015 906 71 49 re
1051 906 130 49 diuinum
1146 906 83 49 est
1193 906 95 49 ipsa
1252 906 166 49 substantia
1383 906 202 49 intelligentis
1549 906 130 49 propter
1644 906 95 49 quod
1691 906 95 49 verbum

1006 946 188 50 procedens
1150 946 87 50 in
1194 946 101 50 deo
1252 946 174 50 procedit
1382 946 87 50 vt
1425 946 159 50 eiusdem
1541 946 145 50 nature
1628 946 174 50 subsistens

1011 987 100 51 Ideo
1073 987 137 51 proprie
1173 987 137 51 dicitur
1272 987 137 51 genitum
1372 987 75 51 et
1410 987 137 51 filius.
1509 987 87 51 Nam
1559 987 112 51 verbo
1634 987 125 51 diuino
1709 987 87 51 compe

1011 1029 83 51 tit
1058 1029 106 51 ratio
1129 1029 177 51 filiationis
1271 1029 83 51 per
1319 1029 106 51 omnem
1390 1029 118 51 modum.
1473 1029 71 51 vt
1508 1029 106 51 patet
1579 1029 83 51 vbi
1626 1029 130 51 Filius.
1721 1029 71 51 §.
1745 1029 47 51 i.

1027 1078 100 88 ¶
1067 1078 181 88 Utrum
1188 1078 201 88 verbum
1328 1078 241 88 secundum
1509 1078 201 88 eandem
1629 1078 161 88 rtonem

1004 1147 151 50 formalem
1118 1147 138 50 dicatur
1218 1147 75 50 de
1256 1147 88 50 deo
1306 1147 75 50 et
1344 1147 163 50 creatura.
1469 1147 188 50 Respondetur
1620 1147 151 50 secundum
1721 1147 75 50 Fra.

1008 1198 133 47 mayro.
1101 1198 80 47 e.
1141 1198 93 47 di.
1194 1198 133 47 xxvii.
1288 1198 107 47 quod
1355 1198 133 47 verbum
1448 1198 147 47 diuinum
1555 1198 80 47 et
1595 1198 133 47 verbum
1675 1198 120 47 creatum

1010 1238 100 45 sunt
1073 1238 151 45 aliquous
1186 1238 138 45 eiusdem
1287 1238 151 45 rationis
1400 1238 163 45 formalis.
1525 1238 75 45 et
1563 1238 75 45 in
1601 1238 88 45 deo
1651 1238 75 45 et
1689 1238 75 45 in
1714 1238 75 45 crea

1014 1280 118 43 tura.
1092 1280 79 43 No
1132 1280 131 43 quidem
1223 1280 144 43 eiusdem
1328 1280 157 43 rationis
1446 1280 183 43 specifice.
1590 1280 92 43 sed
1629 1280 157 43 tantummodo

1014 1321 94 48 sic
1067 1321 214 48 intelligendo
1241 1321 107 48 quod
1308 1321 188 48 conueniunt
1456 1321 80 48 in
1496 1321 147 48 ratione
1603 1321 161 48 generali
1710 1321 94 48 verbi

1022 1363 178 51 Probatio.
1159 1363 110 51 quia
1228 1363 164 51 quicquid
1351 1363 164 51 conuenit
1474 1363 123 51 verbo
1556 1363 137 51 creato
1638 1363 151 51 inquantum

1021 1404 138 50 verbum
1118 1404 166 50 conuenit
1242 1404 83 50 et
1284 1404 124 50 verbo
1367 1404 138 50 diuino
1463 1404 180 50 inquantum
1602 1404 152 50 verbum.
1698 1404 97 50 Talia

1011 1453 113 45 autem
1087 1453 163 45 quacumque
1212 1453 88 45 sic
1262 1453 75 45 se
1300 1453 125 45 habent
1388 1453 100 45 sunt
1450 1453 138 45 eiusdem
1551 1453 150 45 rationis
1651 1453 138 45 generalis

1019 1486 63 48 ¶
1045 1486 76 48 Si
1082 1486 177 48 obiicitur.
1221 1486 114 48 tamen
1297 1486 139 48 aliquid
1398 1486 151 48 conuenit
1511 1486 114 48 verbo
1587 1486 126 48 diuino
1675 1486 101 48 quod
1726 1486 63 48 non

1022 1526 143 56 puenit
1122 1526 158 56 creato.
1237 1526 115 56 quia
1308 1526 143 56 verbum
1409 1526 158 56 diuinum
1524 1526 100 56 est
1581 1526 86 56 de
1624 1526 143 56 genere
1710 1526 86 56 sub-

1012 1561 132 62 stantie
1108 1561 84 62 vel
1156 1561 168 62 substantia
1288 1561 120 62 diuina
1372 1561 72 62 et
1409 1561 96 62 eius
1469 1561 144 62 obiectum
1577 1561 84 62 est
1625 1561 120 62 diuina
1697 1561 96 62 essen-

1004 1612 107 44 tia.
1070 1612 94 44 Sed
1124 1612 134 44 verbum
1217 1612 147 44 creatum
1324 1612 94 44 est
1378 1612 160 44 accisens
1498 1612 80 44 de
1538 1612 134 44 genere
1632 1612 187 44 qualitatis

1012 1654 85 48 et
1054 1654 114 48 eius
1125 1654 170 48 obiectum
1253 1654 170 48 interdum
1381 1654 99 48 est
1438 1654 128 48 lapis
1523 1654 114 48 etc.
1594 1654 99 48 Hec
1651 1654 128 48 autem
1722 1654 71 48 non

1015 1697 98 45 sunt
1076 1697 135 45 eiusdem
1175 1697 148 45 rationis
1285 1697 172 45 respectus.
1421 1697 98 45 ergo
1482 1697 98 45 etc.
1544 1697 148 45 Dicendum
1654 1697 148 45 secundum
1753 1697 49 45 e.

1019 1739 119 51 Fran.
1098 1739 106 51 quod
1164 1739 93 51 hoc
1217 1739 93 51 non
1270 1739 93 51 est
1323 1739 172 51 inquantum
1455 1739 145 51 verbum.
1561 1739 93 51 sed
1614 1739 145 51 propter
1706 1739 93 51 aliam

1016 1786 141 46 rationem.
1124 1786 65 46 et
1157 1786 76 46 sic
1200 1786 76 46 non
1243 1786 162 46 concluditur
1373 1786 87 46 quod
1427 1786 130 46 scilicet
1525 1786 76 46 non
1568 1786 141 46 conueniat
1676 1786 65 46 in
1698 1786 97 46 ratione

1008 1827 181 50 generali
1144 1827 151 50 verbi.
1249 1827 106 50 sed
1309 1827 136 50 solum
1400 1827 90 50 de
1445 1827 286 50 disconuenientia
1671 1827 121 50 diuer-

1016 1862 156 55 sitatis
1115 1862 170 55 specifice-

1062 1900 96 81 ¶
1100 1900 135 81 Sed
1177 1900 154 81 quae
1274 1900 135 81 est
1351 1900 251 81 generalis
1544 1900 174 81 ratio
1641 1900 154 81 verbi:

1014 1966 78 52 in
1053 1966 104 52 quae
1118 1966 117 52 omnia
1196 1966 104 52 ista
1261 1966 169 52 conueniut
1391 1966 117 52 verbo
1470 1966 156 52 increato
1587 1966 78 52 et
1626 1966 143 52 creato.
1717 1966 78 52 Dici

1012 2015 113 46 idem
1082 2015 127 46 Fran.
1167 2015 113 46 quod
1237 2015 127 46 sicut
1322 2015 183 46 generalis
1462 2015 127 46 ratio
1547 2015 169 46 formalis
1673 2015 113 46 albi
1730 2015 70 46 in-

1028 2047 146 56 quantum
1134 2047 120 56 album
1214 2047 93 56 est
1267 2047 106 56 esse
1334 2047 226 56 disgregatiuum
1520 2047 133 56 visus.
1613 2047 80 56 et
1653 2047 93 56 hec
1693 2047 106 56 semper

1017 2092 92 45 est
1069 2092 144 45 eiusdem
1174 2092 158 45 rationis
1293 2092 171 45 inquantum
1424 2092 118 45 album
1503 2092 79 45 in
1542 2092 184 45 quocumque.
1687 2092 105 45 siue
1739 2092 66 45 al-

1015 2134 102 47 bum
1074 2134 102 47 sit
1132 2134 87 47 in
1175 2134 145 47 lapide
1277 2134 116 47 siue
1350 2134 131 47 ligno
1437 2134 102 47 vel
1496 2134 131 47 alio.
1583 2134 102 47 Sic
1641 2134 87 47 in
1670 2134 131 47 proposi

1014 2178 80 50 to
1054 2178 106 50 esse
1120 2178 173 50 productum
1253 2178 199 50 quiditatiue
1412 2178 93 50 non
1466 2178 199 50 denominatie
1625 2178 93 50 per
1678 2178 120 50 actum
1745 2178 66 50 di-

1016 2220 133 56 cendi:
1109 2220 93 56 est
1162 2220 120 56 ratio
1242 2220 173 56 generalis
1375 2220 120 56 verbi
1455 2220 173 56 inquantum
1575 2220 106 56 verbum

1180 2259 289 105 Erbum.
1382 2259 318 105 secundo
1585 2259 202 105 dicet

1199 2351 86 55 vt
1242 2351 101 55 est
1299 2351 86 55 in
1342 2351 101 55 deo
1400 2351 144 55 propte
1500 2351 72 55 ¶
1529 2351 187 55 Queritur.
1673 2351 115 55 Quid
1730 2351 72 55 est

1134 2374 62 61 ¶
1158 2374 125 61 verbum
1246 2374 137 61 diuinum
1346 2374 187 61 diffinitie.
1496 2374 162 61 Respondet
1621 2374 150 61 secundum
1721 2374 87 61 Fran.

1016 2436 127 43 mayro.
1105 2436 76 43 in
1143 2436 152 43 conflat.
1257 2436 127 43 primi.
1345 2436 76 43 e.
1383 2436 89 43 di.
1434 2436 127 43 xxvii.
1523 2436 101 43 quod
1586 2436 76 43 ex
1624 2436 89 43 quo
1662 2436 139 43 generalis

1027 2478 123 48 recula
1113 2478 98 48 est.
1174 2478 98 48 quod
1236 2478 98 48 omne
1297 2478 185 48 constitutum
1445 2478 172 48 diffinitur
1580 2478 86 48 per
1630 2478 86 48 sua
1667 2478 135 48 principia

1021 2520 260 52 constitutiua.
1235 2520 123 52 Ideo
1312 2520 92 52 et
1358 2520 153 52 verbum
1465 2520 169 52 diuinum
1588 2520 92 52 eo
1633 2520 123 52 modo
1695 2520 107 52 debet

1014 2565 242 49 conuenienter
1210 2565 211 49 diffiniri.
1376 2565 211 49 Declaratur
1542 2565 151 49 regula
1648 2565 121 49 hec.
1708 2565 91 49 Pri-

1017 2602 81 48 mo
1057 2602 81 48 in
1097 2602 188 48 grammatica
1245 2602 94 48 vbi
1298 2602 134 48 Oratio
1392 2602 188 48 diffinitur
1540 2602 107 48 quod
1607 2602 94 48 est
1661 2602 81 48 ex
1688 2602 107 48 nomine

1024 2652 86 38 et
1067 2652 129 38 verbo
1153 2652 186 38 constans.
1296 2652 158 38 Secundo
1411 2652 86 38 in
1454 2652 158 38 logica.
1569 2652 115 38 Spes
1626 2652 172 38 diffinitur

1016 2686 103 66 quod
1080 2686 141 66 constat
1183 2686 77 66 ex
1221 2686 128 66 genere
1311 2686 77 66 et
1349 2686 205 66 differentia.
1516 2686 128 66 Tertio
1606 2686 77 66 in
1632 2686 179 66 philosophia.
