2221 3288
213 296 99 61 in
262 296 148 61 verbo
361 296 165 61 diuino
476 296 230 61 importatur
657 296 148 61 ratio
756 296 181 61 factiua
871 296 115 61 eorum

218 352 110 52 que
281 352 126 52 deus
360 352 141 52 facit
454 352 94 52 et
501 352 110 52 sic
564 352 157 52 verbum
674 352 141 52 habet
768 352 204 52 respectum
925 352 94 52 ad

210 397 202 46 creaturam
366 397 155 46 etiam.
474 397 124 46 Unde
552 397 124 46 Aug.
629 397 124 46 lib.
707 397 186 46 lxxxiii.
846 397 93 46 q.
877 397 109 46 dicit

213 440 120 48 quod
288 440 150 48 nomine
393 440 135 48 verbi
483 440 240 48 significatur
679 440 105 48 non
739 440 135 48 solum
814 440 165 48 respectus

212 479 101 53 ad
263 479 168 53 patrem
380 479 118 53 sed
448 479 151 53 etiam
549 479 101 53 ad
599 479 135 53 illa
683 479 118 53 que
750 479 118 53 per
818 479 168 53 verbum
919 479 67 53 fa

204 519 102 59 cta
263 519 116 59 sunt
335 519 189 59 operatiua
480 519 189 59 potentia.
626 519 102 59 Hec
684 519 87 59 ex
727 519 116 59 Tho.
800 519 116 59 vbi.
858 519 116 59 supra.

195 592 119 76 ¶
243 592 143 76 Ad
314 592 167 76 hec
410 592 167 76 que
505 592 167 76 hic
601 592 334 76 tractantur
839 592 143 76 plu-

193 658 101 78 ra
244 658 219 78 hambentur
412 658 118 78 vbi
480 658 219 78 Sapientia
632 658 101 78 etc.

214 735 116 87 ¶
260 735 140 87 An
330 735 233 87 verbum
493 735 140 87 in
563 735 163 87 deo
656 735 163 87 sit
749 735 186 87 idem
842 735 140 87 quod

202 807 200 55 sapientia?
359 807 214 55 Respondetur
530 807 171 55 secundum
658 807 171 55 Bonauen.
786 807 86 55 e.
829 807 100 55 di.
872 807 114 55 xxvii.

221 858 128 44 parte.
311 858 90 44 ii.
362 858 77 44 q.
401 858 103 44 iii.
465 858 103 44 quod
529 858 141 44 quamuis
632 858 167 44 sapientia
760 858 205 44 approprietur
914 858 77 44 ver-

211 892 99 48 bo
261 892 99 48 in
311 892 182 48 diuinis
443 892 149 48 tamen
542 892 215 48 differunt
707 892 165 48 verbum
823 892 99 48 et
856 892 132 48 sapien

203 932 112 52 tia
267 932 112 52 vel
331 932 192 52 noticia.
475 932 144 52 Primo
571 932 128 52 quia
652 932 208 52 sapientia
812 932 96 52 et
844 932 144 52 noticia

212 979 143 47 dicunt
312 979 200 47 essentiale
469 979 86 47 eo
512 979 114 47 quod
583 979 114 47 eque
654 979 143 47 tribus
754 979 171 47 personis
869 979 114 47 conue-

208 1021 150 51 niunt
309 1021 117 51 sed
375 1021 167 51 verbum
492 1021 150 51 dicit
593 1021 234 51 personale.
777 1021 184 51 Secundo
894 1021 100 51 quia

204 1063 152 50 verbum
310 1063 107 50 est
371 1063 183 50 proprium
508 1063 137 50 filii
599 1063 137 50 sicut
691 1063 91 50 et
736 1063 137 50 imago
828 1063 107 50 sed
873 1063 122 50 sapien

204 1107 106 48 tia
264 1107 166 48 noticia
385 1107 106 48 non
445 1107 106 48 est
505 1107 181 48 proprium
641 1107 106 48 sed
702 1107 256 48 appropriatum.
898 1107 90 48 Ter-

202 1143 99 53 tio
258 1143 113 53 quia
329 1143 183 53 sapientia
470 1143 85 53 de
512 1143 155 53 ratione
625 1143 99 53 sui
681 1143 141 53 nomins
780 1143 127 53 dicit
864 1143 113 53 quid
921 1143 56 53 ab

212 1185 198 55 solutum.
360 1185 115 55 Sed
426 1185 165 55 verbum
541 1185 148 55 dicit
640 1185 214 55 relatiuum
805 1185 115 55 tam
871 1185 99 55 ad
904 1185 82 55 di-

212 1232 160 49 centem
324 1232 96 49 id
372 1232 112 49 est
436 1232 128 49 deum
516 1232 160 49 patrem
627 1232 128 49 quam
707 1232 96 49 ad
755 1232 208 49 creaturas
899 1232 96 49 etc.

207 1268 92 53 De
253 1268 107 53 his
314 1268 214 53 partranseo
481 1268 107 53 hic
542 1268 92 53 ob
588 1268 214 53 brevitatem
756 1268 122 53 quia
832 1268 137 53 satis
909 1268 76 53 ha-

201 1313 150 63 bentur
306 1313 90 63 in
351 1313 270 63 praecedentibus
576 1313 210 63 praesertim
742 1313 105 63 vbi
802 1313 195 63 Sapientia
937 1313 60 63 et

202 1355 150 66 variis
307 1355 180 66 passibus
442 1355 90 66 et
488 1355 90 66 in
518 1355 210 66 sequentibus.

213 1397 122 62 ¶
261 1397 146 62 An
334 1397 170 62 dei
432 1397 244 62 filius
602 1397 292 62 inquotum
797 1397 195 62 verbum

214 1461 149 47 dicatur
323 1461 95 47 dei
377 1461 190 47 sapientia:
527 1461 204 47 Respondetur
689 1461 163 47 secundum
812 1461 176 47 Magistrum
934 1461 54 47 in

208 1499 122 56 primo
290 1499 122 56 dist.
371 1499 136 56 xxvii.
466 1499 108 56 quod
534 1499 95 56 non
588 1499 95 56 est
642 1499 122 56 talis
724 1499 149 56 locutio
819 1499 176 56 concedenda.

223 1541 81 47 Et
264 1541 136 47 probat
359 1541 95 47 per
413 1541 109 47 Aug.
481 1541 81 47 v.
522 1541 81 47 de
563 1541 122 47 trin.
644 1541 136 47 dicit.
739 1541 95 47 Non
793 1541 81 47 eo
834 1541 136 47 verbum
915 1541 68 47 quo

220 1586 147 49 sapientia
333 1586 136 49 dicitur:
434 1586 90 49 quia
491 1586 113 49 verbum
570 1586 68 49 ad
604 1586 68 49 se
638 1586 79 49 non
683 1586 124 49 dicitur
773 1586 79 49 sed
819 1586 113 49 tantum
886 1586 102 49 relati-

213 1624 92 56 ue
259 1624 92 56 ad
305 1624 108 56 eum
367 1624 139 56 cuius
459 1624 108 56 est
521 1624 154 56 verbum
628 1624 139 56 sicut
721 1624 154 56 filius
829 1624 92 56 ad
859 1624 139 56 patren-

221 1672 160 48 dicitur.
340 1672 173 48 Sapientia
473 1672 106 48 vero
540 1672 80 48 eo
580 1672 106 48 quod
646 1672 173 48 essentia.
779 1672 106 48 Unde
846 1672 120 48 patet
912 1672 80 48 quia

219 1712 144 52 filius
320 1712 159 52 dicitur
435 1712 159 52 notione
551 1712 144 52 verbum
652 1712 87 52 et
695 1712 144 52 imago:
796 1712 101 52 sed
854 1712 101 52 non
897 1712 101 52 noti-

211 1762 85 52 one
259 1762 134 52 dicitur
357 1762 170 52 sapientia:
490 1762 97 52 quia
551 1762 158 52 sapientia
673 1762 134 52 dicitur
770 1762 146 52 secundum
867 1762 134 52 essentiam

215 1795 95 65 non
270 1795 162 65 secundum
391 1795 190 65 relationem
527 1795 81 65 etc.

206 1841 109 64 ¶
250 1841 130 64 An
315 1841 304 64 concedatur
554 1841 174 64 quod
663 1841 196 64 pater
793 1841 130 64 et
837 1841 152 64 fili-

210 1892 80 58 et
250 1892 161 58 spiritus
370 1892 147 58 sanctus
478 1892 107 58 sunt
545 1892 107 58 vnum
612 1892 134 58 verbum
705 1892 121 58 sicut
786 1892 107 58 sunt
853 1892 94 58 vna
893 1892 107 58 sapien

217 1943 93 45 tia:
275 1943 174 45 Respondetur
414 1943 139 45 secundum
518 1943 69 45 e.
553 1943 150 45 magistrum
669 1943 81 45 cum
715 1943 93 45 Aug.
773 1943 116 45 ibidem
854 1943 93 45 quod
900 1943 104 45 quamuis

206 1984 116 46 ista.
284 1984 116 46 pater
361 1984 78 46 et
400 1984 129 46 filius
490 1984 78 46 et
529 1984 155 46 spiritus
645 1984 142 46 sanctus
749 1984 103 46 sunt
813 1984 90 46 vna
852 1984 142 46 sapientia

214 2024 101 48 bene
278 2024 177 48 concedatur
417 2024 76 48 eo
455 2024 101 48 quod
518 2024 164 48 sapientia
644 2024 215 48 essentialiter
821 2024 152 48 dicitur.
922 2024 76 48 Ideo

215 2067 107 45 Aug.
282 2067 94 45 ibi
335 2067 107 45 ait.
402 2067 121 45 Pater
483 2067 80 45 et
523 2067 134 45 filius
617 2067 80 45 et
657 2067 161 45 spiritus
778 2067 148 45 sanctus
885 2067 107 45 sunt
939 2067 67 45 vna

215 2108 175 45 sapientia
349 2108 81 45 et
389 2108 94 45 vna
443 2108 161 45 essentia
564 2108 108 45 ergo
631 2108 108 45 etc.
698 2108 188 45 Ueruntamen
846 2108 94 45 non
886 2108 108 45 conce-

225 2149 110 43 ditur
298 2149 97 43 quod
359 2149 110 43 pater
432 2149 73 43 et
468 2149 122 43 filius
554 2149 73 43 et
590 2149 146 43 spiritus
700 2149 134 43 sanctus
797 2149 97 43 sunt
858 2149 97 43 vnum
907 2149 97 43 verbum

214 2194 105 42 nec
274 2194 120 42 quod
349 2194 105 42 vna
409 2194 135 42 imago
498 2194 105 42 sed
558 2194 150 42 filius
663 2194 135 42 solus
753 2194 105 42 est
812 2194 135 42 imago
887 2194 105 42 patri

229 2237 92 42 et
275 2237 168 42 verbum.
397 2237 229 42 quemadmodum
580 2237 137 42 solus
671 2237 92 42 et
717 2237 153 42 filius
824 2237 92 42 vt
870 2237 107 42 ait
915 2237 92 42 Aug.

227 2276 114 61 quia
298 2276 143 61 verbum
398 2276 86 61 et
441 2276 129 61 imago
527 2276 229 61 personaliter
712 2276 171 61 dicuntur
841 2276 100 61 sic
898 2276 86 61 et
927 2276 71 61 fi-

224 2314 118 65 lius
298 2314 118 65 ergo
357 2314 89 65 etc.

179 2339 96 97 .
217 2339 96 97 ¶
256 2339 154 97 Quid
352 2339 115 97 de
409 2339 154 97 ista
505 2339 192 97 filius
639 2339 230 97 secundum
812 2339 154 97 quod
889 2339 115 97 ver-

244 2408 86 57 bum
293 2408 86 57 est
342 2408 86 57 hoc
391 2408 98 57 quod
453 2408 123 57 pater:
539 2408 111 57 Dicit
613 2408 148 57 magister
724 2408 123 57 ibidem
810 2408 98 57 quod
872 2408 86 57 est
909 2408 98 57 negan-

247 2460 74 44 da
284 2460 86 44 sed
333 2460 86 44 hec
382 2460 172 44 concedenda
517 2460 123 44 Filius
602 2460 147 44 secundum
713 2460 98 44 quod
774 2460 159 44 sapientia
897 2460 86 44 est
934 2460 61 44 hoc

246 2503 104 53 quod
311 2503 130 53 pater.
402 2503 78 53 Et
441 2503 130 53 probat
532 2503 91 53 per
584 2503 195 53 Augustinum.
739 2503 104 53 vii.
804 2503 78 53 de
843 2503 117 53 trin.
908 2503 91 53 eadem

254 2543 121 51 ratione
342 2543 99 51 vicem
409 2543 88 51 quia
464 2543 144 51 sapientia
574 2543 188 51 essentialiter
729 2543 121 51 dicitur
817 2543 77 51 sed
861 2543 110 51 verbum
928 2543 77 51 sicut

266 2587 68 60 et
300 2587 114 60 filius
379 2587 125 60 dicitur
470 2587 137 60 relatiue
573 2587 91 60 ergo
630 2587 91 60 etc.
687 2587 57 60 ¶
709 2587 68 60 Si
743 2587 148 60 obiicitur
857 2587 91 60 quia
914 2587 68 60 ly
937 2587 68 60 hoc:

271 2621 82 59 est
318 2621 117 59 neutri
400 2621 129 59 generis
494 2621 94 59 ergo
553 2621 129 59 videtur
647 2621 94 59 quod
705 2621 94 59 stet
764 2621 82 59 pro
811 2621 152 59 essentia.
928 2621 70 59 Et
951 2621 59 59 ita

266 2669 113 59 verbum
345 2669 136 59 secundum
447 2669 91 59 quod
503 2669 113 59 verbum
583 2669 113 59 semper
662 2669 79 59 est
707 2669 79 59 hoc
753 2669 91 59 quod
809 2669 113 59 pater.
888 2669 102 59 vicem
945 2669 68 59 vnum

266 2712 74 65 per
309 2712 138 65 essentiam
415 2712 159 65 Respondetur
542 2712 127 65 secundum
637 2712 127 65 Bonauem.
733 2712 95 65 circa
796 2712 127 65 littera:
891 2712 85 65 quod
934 2712 74 65 licet

1048 282 97 71 sit
1104 282 139 71 neutri
1201 282 153 71 generis
1312 282 83 71 ly
1354 282 97 71 hoc
1410 282 125 71 tamen
1493 282 223 71 determinatur
1674 282 83 71 et
1702 282 139 71 restrin-

1053 353 138 50 gitur
1145 353 92 50 ad
1191 353 260 50 demonstrandum
1405 353 92 50 et
1451 353 230 50 importandum
1635 353 184 50 proprium
1757 353 77 50 si-

1048 396 200 46 gnificatum
1205 396 157 46 termini
1319 396 100 46 sub
1377 396 157 46 ratione
1491 396 157 46 formali
1605 396 100 46 per
1662 396 129 46 illam
1734 396 100 46 redu-

1062 434 175 50 plicationem
1203 434 105 50 vicem
1273 434 140 50 secundum
1378 434 105 50 quod.
1448 434 82 50 Nam
1495 434 70 50 ly
1530 434 140 50 secundum
1635 434 94 50 quod
1694 434 105 50 dicit
1752 434 82 50 habi-

1045 477 129 43 tudinem
1139 477 82 43 sub
1186 477 129 43 ratione
1279 477 129 43 formali
1373 477 82 43 cum
1420 477 129 43 dicitur
1513 477 117 43 filius
1595 477 140 43 secundum
1701 477 94 43 quod
1747 477 94 43 verbum

1058 518 91 43 est
1110 518 91 43 hoc
1162 518 103 43 quod
1226 518 129 43 pater.
1317 518 78 43 Et
1356 518 103 43 quia
1420 518 207 43 significatum
1588 518 116 43 verbi
1666 518 91 43 est
1705 518 142 43 personale

1058 559 101 50 ergo
1121 559 88 50 ibi
1172 559 75 50 ly
1209 559 88 50 hoc
1260 559 138 50 tenetur
1360 559 201 50 personaliter
1524 559 138 50 propter
1612 559 226 50 determinationem.

1073 603 126 49 dcirco
1161 603 138 49 negatur
1262 603 101 49 quia
1325 603 126 49 sensus
1413 603 88 49 est
1463 603 75 49 id
1501 603 88 49 est
1551 603 138 49 aliquid
1652 603 113 49 filio
1714 603 126 49 conuenit

1044 648 159 52 inquantum
1166 648 123 52 verbum
1252 648 74 52 id
1289 648 86 52 est
1338 648 86 52 sub
1387 648 135 52 ratione
1485 648 110 52 verbi
1558 648 98 52 quod
1620 648 147 52 conuenit
1730 648 110 52 patri
1791 648 49 52 et

1056 684 89 55 hoc
1107 684 127 55 falsum
1196 684 89 55 est
1247 684 89 55 sed
1298 684 102 55 illa
1362 684 191 55 conceditur.
1515 684 127 55 Filius
1604 684 153 55 secundum
1719 684 102 55 quod
1770 684 76 55 sapi

1050 728 113 48 entia
1126 728 88 48 est
1176 728 88 48 hoc
1226 728 100 48 quod
1289 728 125 48 pater:
1377 728 100 48 quia
1439 728 201 48 significatum
1603 728 163 48 sapientie
1728 728 88 48 est
1766 728 75 48 esse

1046 770 125 47 tiale.
1134 770 75 47 et
1172 770 88 47 sic
1222 770 113 47 lyhoc
1297 770 88 47 ibi
1348 770 138 47 tenetur
1448 770 226 47 essentialiter.
1636 770 100 47 Unde
1699 770 125 47 sensus
1774 770 63 47 est

1055 810 77 50 id
1094 810 90 50 est
1145 810 142 50 aliquid
1248 810 116 50 filio
1325 810 154 50 conuenit
1441 810 90 50 vel
1493 810 193 50 attribuitur
1647 810 167 50 inquantum
1763 810 77 50 sapi

1059 857 107 41 entia
1130 857 95 41 quod
1190 857 143 41 conuenit
1297 857 107 41 etiam
1368 857 119 41 patri.
1451 857 71 41 Et
1487 857 83 41 hoc
1534 857 107 41 verum
1605 857 95 41 est:
1665 857 95 41 quia
1724 857 107 41 patri
1784 857 59 41 ita

1050 893 141 60 conuenit
1156 893 94 60 esse
1214 893 152 60 sapientem
1331 893 105 60 sicut
1402 893 70 60 et
1437 893 105 60 filio
1507 893 70 60 et
1542 893 129 60 spiritu
1636 893 129 60 sancto.
1730 893 82 60 sed
1765 893 82 60 patri

1046 938 91 57 non
1098 938 156 57 conuenit
1215 938 104 57 esse
1280 938 130 57 verbum
1371 938 104 57 quod
1437 938 156 57 conuenit
1554 938 117 57 filio
1619 938 78 57 etc.

1059 994 122 75 ¶
1107 994 146 75 An
1180 994 219 75 pater
1327 994 244 75 habeat
1497 994 268 75 aliquam
1668 994 170 75 sapie

1054 1047 111 52 tiam
1124 1047 84 52 ex
1165 1047 97 52 suo
1221 1047 125 52 verbo
1305 1047 153 52 diuino:
1416 1047 84 52 Et
1458 1047 167 52 arguitur
1583 1047 111 52 quod
1653 1047 97 52 sic
1709 1047 111 52 quia
1764 1047 70 52 vel

1057 1098 103 49 bum
1116 1098 133 49 dicit
1205 1098 250 49 similitudinem
1411 1098 177 49 interius
1543 1098 192 49 concepta.
1676 1098 162 49 Sapientia

1047 1140 135 49 autem
1137 1140 135 49 dicit
1227 1140 165 49 habitum
1347 1140 105 49 vel
1407 1140 225 49 habilitatem
1586 1140 90 49 ad
1616 1140 225 49 cognoscendum.

1064 1178 100 54 Sed
1121 1178 86 54 in
1164 1178 129 54 nobis
1250 1178 86 54 ex
1293 1178 215 54 conceptione
1466 1178 244 54 similitudinis
1666 1178 86 54 et
1695 1178 158 54 specierum

1066 1219 138 47 oritur
1163 1219 83 47 et
1204 1219 96 47 fit
1259 1219 179 47 habilitas
1397 1219 83 47 in
1438 1219 221 47 intelligendo
1617 1219 96 47 vel
1659 1219 179 47 cognoscendo

1060 1260 69 48 et
1095 1260 81 48 sic
1141 1260 161 48 adquiritur
1268 1260 161 48 sapientia.
1394 1260 92 48 ergo
1452 1260 69 48 et
1487 1260 69 48 in
1521 1260 81 48 deo
1567 1260 69 48 ex
1602 1260 104 48 verbo
1671 1260 115 48 oritur
1740 1260 92 48 aliquo

1059 1300 177 49 sapientia
1195 1300 109 49 etc.
1263 1300 68 49 ¶
1290 1300 95 49 Sed
1345 1300 81 49 in
1385 1300 163 49 opositum
1508 1300 95 49 est
1562 1300 109 49 quia
1630 1300 95 49 sic
1684 1300 122 49 pater
1752 1300 95 49 esset

1048 1342 152 52 sapiens
1159 1342 180 52 sapientia
1297 1342 138 52 genita
1394 1342 111 52 quod
1463 1342 97 52 est
1519 1342 138 52 contra
1616 1342 111 52 Aug.
1685 1342 97 52 vii
1740 1342 83 52 de
1768 1342 69 52 tri

1057 1386 121 50 nitate
1141 1386 60 50 e
1166 1386 157 50 magistrum
1286 1386 72 50 in
1322 1386 109 50 primo
1395 1386 109 50 dist.
1467 1386 72 50 v.
1503 1386 60 50 ¶
1527 1386 181 50 Respondetur
1672 1386 97 50 ergo
1720 1386 121 50 secundum

1061 1427 160 53 Bonauen.
1181 1427 93 53 di.
1234 1427 134 53 xxvii.
1328 1427 120 53 primi
1408 1427 134 53 parte.
1501 1427 93 53 ii.
1555 1427 80 53 q.
1595 1427 107 53 iii.
1661 1427 80 53 in
1688 1427 147 53 solutione

1056 1481 150 48 vltimi
1161 1481 195 48 argumenti
1311 1481 120 48 quod
1386 1481 150 48 aliter
1490 1481 105 48 est
1550 1481 90 48 in
1595 1481 135 48 nobis
1685 1481 105 48 vbi
1730 1481 120 48 sapien

1058 1514 89 46 tia
1109 1514 89 46 est
1160 1514 89 46 per
1210 1514 215 46 adquisitionem
1388 1514 76 46 et
1426 1514 127 46 aliter
1515 1514 76 46 in
1553 1514 101 46 deo:
1616 1514 101 46 quia
1679 1514 76 46 in
1717 1514 114 46 nobis
1781 1514 63 46 fit

1052 1557 175 51 habilitas
1186 1557 81 51 in
1226 1557 228 51 intelligendo.
1414 1557 81 51 Et
1455 1557 175 51 sapientia
1589 1557 134 51 oritur
1683 1557 81 51 ex
1710 1557 134 51 concepti

1058 1597 94 49 one
1111 1597 242 49 similitudinis.
1313 1597 94 49 sed
1366 1597 81 49 in
1407 1597 94 49 deo
1461 1597 94 49 est
1514 1597 188 49 econuerso:
1662 1597 107 49 quia
1729 1597 81 49 ex
1756 1597 94 49 intui

1047 1640 83 50 tu
1089 1640 138 50 mentis
1186 1640 125 50 summe
1269 1640 180 50 sapientis
1407 1640 138 50 oritur
1504 1640 138 50 verbum
1601 1640 111 50 quod
1670 1640 152 50 dicitur
1767 1640 83 50 sum-

1048 1682 80 58 ma
1088 1682 172 58 sapientia
1220 1682 119 58 esse:
1300 1682 93 58 ita
1353 1682 106 58 quod
1419 1682 186 58 similitudo
1565 1682 159 58 concepta
1684 1682 93 58 non
1737 1682 93 58 dat
1777 1682 66 58 sa-

1060 1732 180 44 pientiam
1195 1732 224 44 concipienti
1374 1732 105 44 imo
1434 1732 135 44 magis
1524 1732 165 44 accipit
1644 1732 90 44 ab
1688 1732 135 44 illo.
1763 1732 75 44 Cum

1050 1771 116 46 enim
1123 1771 160 46 persona
1239 1771 145 46 genita
1341 1771 87 46 in
1385 1771 102 46 deo
1443 1771 131 46 habet
1530 1771 116 46 esse
1603 1771 73 46 a
1632 1771 145 46 patris
1719 1771 131 46 persona

1062 1807 89 57 ergo
1118 1807 67 57 et
1151 1807 111 57 sapere
1229 1807 100 57 habet
1296 1807 67 57 ab
1329 1807 78 57 eo.
1374 1807 145 57 Similiter
1485 1807 67 57 et
1518 1807 134 57 spiritus
1618 1807 122 57 sanctus
1707 1807 100 57 sicut
1763 1807 78 57 habet

1048 1852 108 46 esse
1116 1852 68 46 a
1143 1852 122 46 patre
1224 1852 81 46 et
1265 1852 122 46 filio
1346 1852 95 46 ita
1400 1852 81 46 ab
1440 1852 95 46 eis
1495 1852 149 46 accipit
1603 1852 189 46 sapientiam
1738 1852 108 46 infini

1061 1896 92 56 tam
1114 1896 106 56 etc.
1180 1896 106 56 vnde
1246 1896 185 56 argumentum
1391 1896 185 56 praemissum
1536 1896 92 56 non
1589 1896 185 56 concludit.
1734 1896 66 56 ¶
1761 1896 79 56 Et
1787 1896 53 56 ex

1052 1935 100 55 his
1109 1935 129 55 patet
1195 1935 115 55 quod
1267 1935 129 55 pater
1353 1935 100 55 non
1410 1935 100 55 est
1467 1935 158 55 sapiens
1582 1935 186 55 sapientia
1711 1935 129 55 genita.

1053 1985 121 45 vide
1129 1985 106 45 vbi
1189 1985 212 45 Sapientia.
1356 1985 91 45 §.
1401 1985 106 45 ix.
1462 1985 91 45 et
1492 1985 136 45 sequen.

1106 2017 101 80 ¶
1146 2017 141 80 Sed
1227 2017 303 80 difficultas
1469 2017 141 80 est
1550 2017 161 80 quia
1630 2017 202 80 scriptu-

1057 2080 66 52 ra
1090 2080 66 52 et
1123 2080 131 52 ecclesia
1221 2080 98 52 canit
1287 2080 88 52 quod
1342 2080 98 52 omnia
1407 2080 66 52 in
1440 2080 142 52 sapientia
1549 2080 98 52 fecit
1615 2080 98 52 pater
1681 2080 66 52 id
1714 2080 77 52 ist
1757 2080 66 52 in
1779 2080 55 52 ver

1059 2122 115 49 bo.
1124 2122 99 49 Et
1174 2122 231 49 Athanasius
1355 2122 99 49 in
1405 2122 264 49 altercatione
1619 2122 165 49 contra
1718 2122 132 49 Arrium

1062 2165 72 54 de
1098 2165 107 54 filio
1170 2165 84 54 dei
1217 2165 119 54 dicit.
1301 2165 96 54 quod
1361 2165 96 54 ipse
1420 2165 143 54 scilicet
1528 2165 119 54 filius
1611 2165 131 54 dicitur
1707 2165 119 54 sensus
1778 2165 60 54 quo

1058 2205 143 47 cuncta
1158 2205 200 47 cogitantur
1314 2205 71 47 a
1343 2205 143 47 patre.
1443 2205 185 47 sapientia
1585 2205 100 47 qua
1642 2205 171 47 cogitata
1756 2205 86 47 dis-

1072 2249 182 50 onuntur:
1209 2249 152 50 Uirtus
1315 2249 106 50 qua
1376 2249 198 50 disposita
1528 2249 258 50 perficiantur.
1725 2249 122 50 Uerbum

1068 2290 102 52 quo
1127 2290 174 52 perfecta
1257 2290 218 52 nunciantur.
1431 2290 131 52 Lumen
1519 2290 102 52 quo
1577 2290 145 52 cuncta
1664 2290 174 52 clorescunt

1062 2333 83 52 Hec
1110 2333 107 52 ille.
1181 2333 142 52 Dicendum
1287 2333 142 52 secundum
1394 2333 130 52 Aureol.
1489 2333 71 52 et
1524 2333 166 52 communiter
1655 2333 130 52 doctur.
1749 2333 95 52 quod
1797 2333 59 52 ta-

1061 2377 94 52 lia
1114 2377 94 52 non
1168 2377 108 52 ideo
1236 2377 162 52 dicuntur
1357 2377 108 52 quod
1425 2377 121 52 pater
1505 2377 94 52 sit
1559 2377 148 52 sapiens
1667 2377 175 52 sapientia
1789 2377 67 52 ge-

1059 2422 117 44 nita
1133 2422 102 44 sed
1191 2422 102 44 per
1250 2422 278 44 appropriationem
1484 2422 117 44 quia
1557 2422 132 44 pater
1645 2422 146 44 filium
1733 2422 117 44 genuit

1053 2459 107 49 cui
1114 2459 261 49 appropriantur
1329 2459 138 49 talia
1421 2459 138 49 vicem
1513 2459 199 49 sapientia
1666 2459 153 49 virtus
1758 2459 92 49 etc.

1070 2500 105 51 Nam
1130 2500 166 51 dicitur
1251 2500 136 51 pater
1341 2500 136 51 omnia
1431 2500 90 51 in
1477 2500 196 51 sapientia
1627 2500 166 51 fecisse
1748 2500 90 51 id
1778 2500 75 51 est

1052 2540 113 60 cum
1116 2540 209 60 sapientia
1277 2540 113 60 que
1341 2540 113 60 est
1406 2540 177 60 filius.
1534 2540 241 60 appropriate
1711 2540 145 60 loquen-

1067 2585 77 54 do
1106 2585 142 54 quoniam
1209 2585 155 54 indiuisa
1325 2585 103 54 sunt
1390 2585 116 54 opera
1467 2585 193 54 trinitatis.
1622 2585 77 54 Et
1660 2585 90 54 sic
1712 2585 77 54 ly
1751 2585 90 54 In:
1789 2585 52 54 no

1062 2634 85 47 tat
1110 2634 85 47 ibi
1159 2634 218 47 subautoritatem
1340 2634 73 47 in
1377 2634 109 47 filio
1449 2634 85 47 qui
1498 2634 85 47 hoc
1546 2634 109 47 ipsum
1619 2634 109 47 habet
1692 2634 61 47 a
1716 2634 109 47 patre
1776 2634 73 47 quod

1065 2667 111 67 res
1128 2667 142 67 creat
1223 2667 95 67 vt
1271 2667 111 67 bec
1334 2667 142 67 dicit
1429 2667 142 67 etiam
1524 2667 174 67 Bonaue.
1650 2667 79 67 ¶
1682 2667 95 67 Ad
1729 2667 111 67 hec
1777 2667 79 67 vbi

1066 2710 203 71 Sapientia.
1225 2710 203 71 presertim.
1385 2710 87 71 §.
1428 2710 116 71 xii.
1486 2710 87 71 etc.
