2356 3277
587 248 464 115 Byssus
865 248 278 115 Qui-

634 343 105 60 bus
694 343 134 60 modis
783 343 194 60 accipitur
933 343 134 60 varie
1023 343 90 60 in
1052 343 105 60 scri-

630 387 149 57 pturis.
739 387 108 57 Nota
806 387 162 57 secundum
928 387 149 57 Alexan.
1036 387 81 57 de
1063 387 81 57 ales

632 426 169 59 aliosque.
762 426 143 59 Abyssus
866 426 143 59 dicitur
969 426 78 59 ab
1008 426 65 59 a
1034 426 104 59 quod
1086 426 65 59 est

620 474 109 53 sine
689 474 82 53 et
730 474 137 53 byssus
826 474 109 53 quod
894 474 96 53 est
949 474 123 53 genus
1031 474 109 53 lini
1086 474 68 53 can

360 508 216 56 didissimi.
529 508 93 56 Et
575 508 108 56 sic
637 508 170 56 abyssus
761 508 139 56 quasi
853 508 123 56 sine
930 508 200 56 claritate
1069 508 77 56 can

372 561 134 49 doris.
465 561 93 49 vel
519 561 147 49 abyssus
625 561 80 49 id
665 561 93 49 est
719 561 134 49 absque
812 561 120 49 visu:
892 561 107 49 quia
959 561 107 49 eius
1012 561 134 49 altitudo

366 606 146 45 videri
469 606 102 45 non
527 606 161 45 potest.
644 606 117 45 Unde
717 606 88 45 in
761 606 205 45 scripturis
922 606 190 45 accipitur
1053 606 88 45 pre-

376 642 107 49 cipue
447 642 178 49 dupliciter.
590 642 59 49 ¶
614 642 83 49 Uno
661 642 95 49 modo
721 642 202 49 litteraliter.
887 642 71 49 Et
922 642 83 49 sic
970 642 143 49 secundum
1065 642 83 49 Lyram

357 682 157 55 illud
461 682 140 55 Ecc.
549 682 105 55 i.
601 682 175 55 Abyssi
723 682 227 55 profundum
898 682 140 55 quis
967 682 175 55 dimensus

377 726 109 50 est:
445 726 176 50 Exponitur
581 726 109 50 quod
649 726 149 50 abyssus
757 726 95 50 est
812 726 109 50 ipsa
880 726 204 50 profunditas
1029 726 122 50 impene-

371 776 190 43 trabilis
514 776 143 43 maris
609 776 159 43 oceani
720 776 111 43 que
783 776 143 43 licet
878 776 111 43 sit
942 776 206 43 mensurata
1085 776 63 43 in

373 816 189 44 aliquibus
519 816 131 44 locis
606 816 131 44 aride
694 816 204 44 propinquis
854 816 87 44 ab
898 816 131 44 ipsis
985 816 146 44 nautis
1072 816 73 44 non

377 852 110 51 tamen
450 852 73 51 in
487 852 135 51 omnibus
585 852 86 51 sed
634 852 73 51 in
670 852 122 51 paucis
756 852 184 51 respectiue.
903 852 98 51 ergo
964 852 135 51 dicitur
1062 852 86 51 non
1099 852 61 51 men

367 893 153 47 suratus
478 893 167 47 absolute
604 893 84 47 et
646 893 209 47 simpliciter
813 893 84 47 ab
855 893 153 47 aliquo.
966 893 111 47 Unde
1022 893 125 47 abyssus

373 934 217 51 litteraliter
550 934 95 51 est
604 934 149 51 pelagus
713 934 163 51 immensum
835 934 95 51 vel
889 934 163 51 spelunca
998 934 149 51 profundis

372 978 131 47 sima
453 978 180 47 aquarum
584 978 245 47 latitantium
781 978 131 47 vnde
862 978 164 47 fontes
977 978 98 47 et
1010 978 147 47 flumina

372 1018 197 53 procedunt
523 1018 91 53 vt
569 1018 167 53 dicitur
690 1018 136 53 libro
781 1018 227 53 Catholicon.
963 1018 76 53 ¶
993 1018 121 53 Alio
1054 1018 91 53 modo

365 1065 175 48 Abyssus
492 1065 175 48 capitur
619 1065 238 48 metaphorice
810 1065 95 48 in
857 1065 143 48 sacra
953 1065 206 48 scriptura
1095 1065 64 48 et

374 1104 158 53 pluribus
492 1104 132 53 modis.
585 1104 119 53 Primo
664 1104 145 53 capitur
769 1104 171 53 aliquando
901 1104 92 53 pro
953 1104 171 53 peccatis.
1072 1104 79 53 Unde

362 1145 144 54 Ansel.
462 1145 115 54 lib.
534 1145 187 54 orationum
677 1145 144 54 dicit.
778 1145 158 54 Abyssus
893 1145 115 54 sunt
964 1145 158 54 peccata
1065 1145 86 54 mea:

370 1197 118 45 quia
444 1197 323 45 incomprehensibilia
723 1197 118 45 sunt
796 1197 162 45 pondere
914 1197 88 45 et
943 1197 206 45 profunditate

362 1230 249 56 Inextimabilia
567 1230 117 56 sunt
641 1230 146 56 numero
743 1230 88 56 et
787 1230 220 56 immensitate
963 1230 117 56 quae
1021 1230 132 56 abyssus

367 1278 103 48 est
426 1278 206 48 immeabilis
588 1278 117 48 quia
661 1278 147 48 nullus
764 1278 117 48 inde
837 1278 117 48 exit
910 1278 117 48 nisi
984 1278 103 48 per
1028 1278 132 48 gratiam

376 1316 114 47 dei.
447 1316 199 47 extrahatur
603 1316 85 47 et
646 1316 114 47 sine
717 1316 128 47 fundo
802 1316 100 47 est
859 1316 114 47 quia
930 1316 100 47 qui
987 1316 142 47 sponte
1073 1316 85 47 pec-

380 1359 96 50 cat
435 1359 137 50 merito
531 1359 82 50 in
572 1359 246 50 profundissimum
777 1359 164 50 infernum
900 1359 137 50 cadit.
996 1359 82 50 si
1037 1359 96 50 hic
1078 1359 68 50 per

361 1401 106 44 dei
421 1401 258 44 misericordiam
634 1401 106 44 non
694 1401 212 44 liberatur.
861 1401 106 44 Hec
922 1401 152 44 Ansel.
1013 1401 136 44 ibidem.

410 1440 153 52 Secundo
521 1440 153 52 Abyssus
632 1440 181 52 aliquando
771 1440 181 52 accipitur
910 1440 97 52 pro
966 1440 125 52 penis
1035 1440 125 52 inferni

367 1483 84 44 vt
409 1483 98 44 cum
465 1483 154 44 Psalmus
577 1483 140 44 dicit.
675 1483 140 44 psalm.
773 1483 98 44 lx.
829 1483 154 44 Abyssus
941 1483 154 44 abyssum
1039 1483 126 44 inuocat

372 1521 89 50 in
417 1521 119 50 voce
491 1521 238 50 cataractarum
684 1521 149 50 tuarum
788 1521 119 50 etc.
863 1521 119 50 Quod
937 1521 178 50 tractans
1056 1521 104 50 Isid.

359 1572 92 45 de
405 1572 138 45 summo
497 1572 123 45 bono
574 1572 123 45 lib.
650 1572 92 45 i.
696 1572 107 45 et.
758 1572 92 45 ii
804 1572 138 45 dicit
896 1572 169 45 Abyssum
1003 1572 154 45 inuocare

375 1612 148 44 abyssum
482 1612 94 44 est
536 1612 81 44 de
576 1612 148 44 iudicio
684 1612 202 44 conscientie
845 1612 94 44 ire
899 1612 81 44 ad
939 1612 161 44 iudicium
1046 1612 108 44 damna-

379 1652 118 44 tionis
462 1652 153 44 perpetue.
580 1652 71 44 In
615 1652 94 44 voce
674 1652 82 44 ait
721 1652 189 44 cataractarum
874 1652 118 44 tuarum
957 1652 71 44 id
992 1652 82 44 est
1039 1652 71 44 in
1063 1652 94 44 praedi

373 1692 160 50 catione
490 1692 189 50 sanctarum
635 1692 232 50 scripturarum
823 1692 189 50 tonantium
968 1692 131 50 super
1041 1692 116 50 pecco-

362 1732 126 47 res.
441 1732 173 47 Nimirum
567 1732 126 47 hanc
646 1732 158 47 eandem
756 1732 236 47 autoritatem
945 1732 189 47 exponens
1071 1732 79 47 Ho-

362 1777 136 45 norius
458 1777 191 45 Solitarius
608 1777 123 45 super
690 1777 150 45 Psalmus
799 1777 123 45 dicit
881 1777 109 45 quod
949 1777 123 45 sicut
1031 1777 150 45 videmus

373 1816 88 50 in
417 1816 132 50 aquis
505 1816 205 50 fluentibus
666 1816 88 50 de
710 1816 175 50 fontibus
841 1816 117 50 siue
914 1816 88 50 de
958 1816 146 50 pluuia
1046 1816 102 50 vicem

364 1862 126 47 quod
443 1862 173 47 abyssus
569 1862 141 47 prior
663 1862 110 47 hoc
726 1862 110 47 est
789 1862 173 47 cauerna
914 1862 110 47 que
977 1862 141 47 prius
1056 1862 94 47 acci

369 1902 108 47 pit
430 1902 138 47 aquas
522 1902 92 47 et
569 1902 123 47 ipsa
646 1902 169 47 impleta
769 1902 215 47 posteriori
938 1902 185 47 infundit
1061 1902 77 47 cum

361 1949 182 48 impetu.
494 1949 100 48 Et
544 1949 116 48 sic
610 1949 216 48 posterior
776 1949 182 48 abyssus
909 1949 149 48 quasi
992 1949 149 48 inuocan

365 1983 96 56 do
413 1983 191 56 expectat
556 1983 96 56 vt
604 1983 127 56 sibi
683 1983 143 56 prior
779 1983 143 56 aquas
874 1983 207 56 infundat.
1034 1983 96 56 In
1065 1983 80 56 vo-

361 2032 87 40 ce
405 2032 233 40 cataractarum
594 2032 117 40 quae
667 2032 175 40 dicuntur
798 2032 175 40 aperture
930 2032 131 40 quasi
1002 2032 146 40 fenestre

364 2070 182 45 fulgurum
501 2070 91 45 in
546 2070 167 45 nubibus
668 2070 106 45 per
729 2070 122 45 quas
805 2070 152 45 pluuie
911 2070 213 45 descendunt
1063 2070 76 45 cum

363 2105 159 52 impetu
474 2105 95 52 et
522 2105 207 52 grandines
681 2105 127 52 voce
761 2105 191 52 tonitrui
904 2105 143 52 magni
999 2105 127 52 etc.
1063 2105 79 52 Ita

354 2148 73 47 a
384 2148 145 47 simili
485 2148 189 47 scriptura
631 2148 131 47 dicit
718 2148 116 47 quod
790 2148 160 47 abyssus
907 2148 160 47 penarum
1008 2148 131 47 inferna

358 2191 109 53 lium
426 2191 150 53 inuocat
535 2191 191 53 expectando
685 2191 150 53 abyssum
794 2191 191 53 peccatorum
944 2191 82 53 vt
985 2191 109 53 sibi
1039 2191 109 53 infun-

356 2233 104 51 dat
416 2233 223 51 peccatrices
594 2233 149 51 animas
698 2233 89 51 de
743 2233 134 51 penis
832 2233 164 51 tamquam
951 2233 179 51 cauernis
1071 2233 74 51 hu-

354 2281 113 51 ius
419 2281 178 51 miserie
548 2281 97 51 ad
597 2281 146 51 penas
694 2281 178 51 tanquam
824 2281 195 51 cauernas
970 2281 178 51 inferni
1083 2281 65 51 in

373 2319 109 53 voce
442 2319 150 53 christi
551 2319 164 53 dicentis
674 2319 82 53 in
714 2319 164 53 iudicio.
837 2319 96 53 Ite
892 2319 177 53 maledicti
1028 2319 82 53 in
1056 2319 96 53 ignem

366 2364 157 47 eternum
480 2364 86 47 et
523 2364 186 47 sanctorum
666 2364 243 47 approbantium.
880 2364 71 47 ¶
908 2364 143 47 Tertio
1008 2364 114 47 modo
1065 2364 86 47 abys

365 2397 94 51 sus
418 2397 174 51 accipitur
552 2397 174 51 aliquando
685 2397 94 51 pro
739 2397 147 51 diuinis
846 2397 160 51 iudiciis
966 2397 160 51 secundum
1073 2397 67 51 il-

355 2444 116 44 lud
422 2444 166 44 Psalm.
538 2444 182 44 Iudicia
671 2444 116 44 dei
737 2444 182 44 abyssus
870 2444 166 44 multa.
986 2444 133 44 Hinc
1052 2444 83 44 An-

364 2488 145 47 selmus
465 2488 116 47 vbi.
537 2488 145 47 supra.
638 2488 159 47 subdit.
754 2488 159 47 Abyssus
870 2488 130 47 etiam
957 2488 159 47 iudicia
1058 2488 87 47 sunt

348 2527 198 47 diuina.
492 2527 144 47 Unde
582 2527 198 47 abyssus
726 2527 234 47 diuinorum
905 2527 180 47 inquit
1013 2527 126 47 supra

353 2577 100 48 me
403 2577 133 48 est.
486 2577 182 48 Abyssus
619 2577 182 48 inferni
752 2577 166 48 subtus
868 2577 100 48 me
917 2577 133 48 est.
984 2577 149 48 Abyssus

360 2612 215 52 peccatorum
529 2612 138 52 intra
621 2612 92 52 me
667 2612 123 52 est.
744 2612 123 52 Illa
821 2612 108 52 que
883 2612 138 52 supra
975 2612 92 52 me
1006 2612 138 52 imminet

351 2658 142 68 timeo
446 2658 95 68 ne
493 2658 95 68 in
541 2658 95 68 me
588 2658 158 68 irruat
699 2658 95 68 et
746 2658 95 68 me
793 2658 111 68 cum
857 2658 158 68 abysso
951 2658 190 68 peccatorum

1203 251 97 67 in
1251 251 177 67 abyssum
1380 251 177 67 inferni
1509 251 177 67 obruat.
1638 251 113 67 Hec
1702 251 129 67 Ans.
1783 251 129 67 etc.
1863 251 81 67 ¶
1879 251 113 67 Abys-

1211 298 110 53 sus
1274 298 126 53 ergo
1353 298 158 53 exinde
1464 298 205 53 aliquando
1621 298 174 53 dicitur
1748 298 221 53 theologice
1905 298 95 53 sapi

1209 350 123 48 entie
1292 350 206 48 profunditas
1456 350 123 48 iuxta
1538 350 137 48 dictum
1634 350 178 48 apostolis
1771 350 110 48 Rho.
1840 350 96 48 xi.
1894 350 96 48 vbi
1935 350 69 48 ait

1205 385 71 52 O
1233 385 171 52 altitudo
1361 385 199 52 diuitiarum
1518 385 185 52 sapientie
1660 385 85 52 et
1703 385 171 52 scientie
1831 385 114 52 dei.
1888 385 100 52 quam-

1209 426 345 47 incomprehensibilia
1507 426 126 47 sunt
1586 426 173 47 iudicia
1712 426 126 47 eius
1790 426 94 47 et
1821 426 173 47 inuestiga

1220 468 114 54 biles
1296 468 89 54 vie
1347 468 101 54 eius
1411 468 152 54 scilicet
1525 468 89 54 non
1575 468 127 54 tantum
1664 468 127 54 humano
1753 468 89 54 sed
1804 468 114 54 etiam
1867 468 127 54 angelico

1211 511 143 45 sensu.
1311 511 157 45 Proinde
1425 511 86 45 et
1468 511 186 45 scriptura
1611 511 129 45 Eccli
1696 511 86 45 i.
1739 511 100 45 cum
1796 511 171 45 dixisset
1910 511 86 45 Are-

1212 557 108 49 nam
1273 557 139 49 maris
1366 557 93 49 et
1412 557 154 49 pluuie
1520 557 154 49 guttas
1628 557 93 49 et
1674 557 123 49 dies
1751 557 154 49 seculi
1859 557 123 49 quis
1921 557 77 49 di-

1207 595 136 50 numeraui
1309 595 136 50 scilicet
1411 595 136 50 secundum
1513 595 193 50 certitudinem:
1671 595 68 50 et
1705 595 170 50 altitudinem
1841 595 91 50 celi
1898 595 68 50 et
1921 595 79 50 lati-

1198 638 184 47 tudinem
1332 638 150 47 terre
1432 638 100 47 et
1482 638 217 47 profundum
1649 638 167 47 abyssi
1766 638 134 47 quis
1833 638 167 47 dimensus

1217 677 107 47 est.
1284 677 94 47 mox
1337 677 174 47 subiunxit
1471 677 188 47 sapientiam
1619 677 107 47 dici
1686 677 201 47 precedentem
1847 677 121 47 omnia
1914 677 80 47 quis

1215 720 247 49 inuestigauit.
1419 720 87 49 q.
1462 720 145 49 dicit.
1564 720 145 49 nullus
1666 720 116 49 nisi
1738 720 116 49 deus
1811 720 131 49 solus
1898 720 102 49 qui
1942 720 58 49 no

1214 769 112 47 uit
1278 769 160 47 omnia.
1390 769 80 47 ¶
1423 769 160 47 Itaque
1535 769 96 47 de
1583 769 160 47 abysso
1695 769 225 47 theologice
1856 769 144 47 sapien-

1208 811 109 49 tie
1271 811 156 49 acturi
1380 811 94 49 de
1427 811 109 49 qua
1490 811 141 49 Augu.
1583 811 109 49 ii.
1646 811 187 49 Epistola
1786 811 94 49 ad
1818 811 187 49 volusianum

1211 856 113 44 dicit
1287 856 100 44 quod
1349 856 113 44 tanta
1424 856 88 44 est
1474 856 213 44 christianarum
1650 856 188 44 profunditas
1800 856 200 44 scripturarum
1950 856 50 44 vt

1213 892 84 50 si
1255 892 84 50 in
1297 892 98 50 eis
1353 892 169 50 quotidie
1480 892 225 50 proficeremus
1663 892 98 50 nec
1719 892 141 50 tantum
1817 892 126 50 plene
1888 892 112 50 posse-

1218 931 116 50 mus
1285 931 182 50 etiamsi
1417 931 116 50 eas
1483 931 149 50 solas
1582 931 99 50 ab
1632 931 182 50 ineunte
1764 931 198 50 pueritia
1896 931 116 50 vsque

1210 967 99 49 ad
1260 967 232 49 decrepitam
1442 967 232 49 senectutem
1625 967 166 49 maximo
1741 967 133 49 ocio
1824 967 149 49 summo
1907 967 99 49 stu-

1214 1008 118 47 dio
1282 1008 186 47 meliori
1417 1008 186 47 ingenio
1552 1008 219 47 conaremur
1720 1008 236 47 addiscere.
1889 1008 118 47 Uerum

1213 1051 138 54 tamen
1305 1051 108 54 hoc
1366 1051 108 54 est
1428 1051 185 54 mirabile
1566 1051 123 54 quod
1643 1051 169 54 dicente
1766 1051 154 54 Grego.
1859 1051 138 54 pelagus

1220 1097 189 44 sacrarum
1362 1097 251 44 scripturarum
1566 1097 283 44 profundissimum
1802 1097 126 44 ouis
1865 1097 141 44 peditat

1223 1139 113 46 sed
1288 1139 178 46 Camelus
1417 1139 162 46 natat.
1530 1139 113 46 hoc
1595 1139 113 46 est
1659 1139 178 46 humilis
1789 1139 194 46 attingit
1918 1139 81 46 non

1221 1181 185 46 superbus
1360 1181 124 46 quia
1437 1181 170 46 prouer.
1560 1181 108 46 xi.
1622 1181 108 46 Ubi
1684 1181 201 46 humilitas
1838 1181 108 46 ibi
1884 1181 124 46 sapien

1222 1217 102 54 tia
1281 1217 205 54 praemissis
1442 1217 73 54 ¶
1471 1217 102 54 His
1530 1217 220 54 praeambulis
1706 1217 146 54 anquam
1808 1217 88 54 ad
1837 1217 176 54 particula-

1218 1263 124 52 ria
1289 1263 267 52 descendamus
1503 1263 178 52 alique
1627 1263 249 52 questiones
1805 1263 195 52 communio-

1225 1306 99 54 res
1281 1306 113 54 sunt
1352 1306 241 54 partractande.
1550 1306 99 54 Nam
1607 1306 85 54 vt
1649 1306 156 54 habetur
1762 1306 127 54 primo
1833 1306 170 54 physicorum

1219 1351 173 51 Innata
1340 1351 121 51 est
1409 1351 156 51 nobis
1513 1351 121 51 via
1582 1351 259 51 cognoscendi
1789 1351 86 51 a
1807 1351 190 51 communio-

1211 1380 146 60 ribus
1308 1380 98 60 ad
1357 1380 179 60 propria
1487 1380 260 60 descendendo.
1699 1380 130 60 Unde
1780 1380 98 60 et
1829 1380 146 60 Pueri
1910 1380 98 60 pri-

1215 1435 92 47 mo
1261 1435 138 47 omnes
1353 1435 153 47 viros:
1460 1435 169 47 patres:
1583 1435 92 47 et
1629 1435 138 47 omnes
1721 1435 169 47 feminas
1843 1435 153 47 matres
1935 1435 77 47 ap-

1205 1471 204 71 pellantem
1362 1471 157 71 postea
1472 1471 235 71 vnumquemque
1660 1471 251 71 determinant.
1864 1471 110 71 Hec
1911 1471 94 71 ibi.

1320 1546 361 123 Rima
1545 1546 361 123 ergo
1726 1546 270 123 que-

1357 1646 121 54 stio
1432 1646 181 54 occurrit
1568 1646 90 54 de
1613 1646 166 54 salubri
1734 1646 226 54 necessitate
1900 1646 106 54 theo-

1181 1658 175 89 llogie.
1308 1658 79 89 ¶
1340 1658 143 89 Utrum
1435 1658 191 89 scientia
1578 1658 111 89 vel
1642 1658 191 89 doctrina
1785 1658 143 89 sacre
1864 1658 143 89 theolo-

1212 1727 103 54 gie
1271 1727 103 54 sit
1330 1727 206 54 necessaria
1492 1727 88 54 ad
1536 1727 162 54 salutem
1653 1727 88 54 Et
1697 1727 132 54 ratio
1786 1727 103 54 est
1830 1727 176 54 questionis

1217 1774 115 50 quia
1288 1774 186 50 scribitur
1432 1774 143 50 Eccli.
1532 1774 115 50 iii.
1604 1774 158 50 Altiora
1718 1774 86 50 te
1761 1774 86 50 ne
1804 1774 186 50 quesieris
1933 1774 72 50 Cum

1215 1819 125 48 ergo
1293 1819 219 48 theologica
1465 1819 187 48 scientia
1606 1819 109 48 sit
1668 1819 203 48 altissima
1825 1819 187 48 excedens
1950 1819 62 48 hu

1211 1855 128 57 manam
1296 1855 213 57 cognitionem
1466 1855 170 57 sequitur
1594 1855 114 57 quod
1665 1855 99 57 non
1722 1855 99 57 sit
1779 1855 213 57 necessaria.
1935 1855 71 57 Sed

1207 1895 85 62 ad
1249 1895 99 62 hoc
1306 1895 127 62 Rich.
1391 1895 85 62 de
1433 1895 127 62 medi.
1518 1895 113 62 vil.
1588 1895 85 62 in
1631 1895 155 62 proemio
1744 1895 127 62 primi
1814 1895 198 62 sententiarum

1212 1946 71 41 q.
1248 1946 71 41 i.
1283 1946 107 41 dicit
1354 1946 95 41 quod
1414 1946 83 41 est
1461 1946 130 41 altiora
1556 1946 130 41 querere
1651 1946 190 41 tripliciter.
1805 1946 83 41 Uno
1852 1946 95 41 modo
1899 1946 107 41 spiritu

1206 1979 220 59 diabolico.
1379 1979 142 59 sicut
1474 1979 173 59 faciunt
1600 1979 142 59 multi
1694 1979 189 59 heretici
1836 1979 110 59 qui
1883 1979 126 59 videli

1208 2030 104 52 cet
1268 2030 223 52 intelligere
1446 2030 208 52 quesierunt
1609 2030 163 52 altiora
1728 2030 89 52 ex
1772 2030 178 52 superbia
1906 2030 104 52 vel
1951 2030 59 52 ma

1203 2062 119 58 licia
1282 2062 106 58 quae
1349 2062 172 58 veritatem
1481 2062 172 58 destruere
1614 2062 172 58 nituntur.
1747 2062 146 58 Secundo
1853 2062 146 58 spiritu
1946 2062 66 58 hu-

1209 2106 119 54 mano
1284 2106 89 54 vt
1328 2106 149 54 aliqui
1432 2106 208 54 philosophi
1596 2106 179 54 fecerunt
1730 2106 164 54 curiose
1849 2106 89 54 et
1879 2106 134 54 presum-

1209 2152 160 47 ptuose
1321 2152 144 47 Istis
1417 2152 160 47 duobus
1529 2152 144 47 modis
1625 2152 192 47 prohibet
1768 2152 208 47 scriptura
1912 2152 112 47 prae-

1207 2195 151 45 dicta
1308 2195 185 45 querere
1443 2195 202 45 altiora.
1594 2195 118 45 Sed
1662 2195 168 45 tertio
1779 2195 135 45 modo
1864 2195 118 45 est
1914 2195 101 45 que-

1210 2241 120 43 rere
1285 2241 165 43 altiora
1405 2241 165 43 spiritu
1524 2241 150 43 diuino
1629 2241 135 43 sicut
1719 2241 165 43 faciunt
1838 2241 150 43 sancti
1928 2241 90 43 theo

1196 2275 124 58 logi
1274 2275 202 58 instinctu
1430 2275 187 58 spiritus
1570 2275 171 58 sancti.
1694 2275 93 58 Et
1741 2275 109 58 sic
1803 2275 140 58 licet
1881 2275 140 58 querere

1198 2322 180 53 altiora
1329 2322 213 53 veritatem
1493 2322 147 53 fidei
1591 2322 213 53 catholice
1755 2322 213 53 sectando.
1919 2322 131 53 Unde

1191 2357 185 56 ibidem
1320 2357 240 56 scriptura
1504 2357 185 56 subdit
1633 2357 203 56 Plurima
1781 2357 166 56 super
1873 2357 148 56 sensum

1198 2405 156 41 hominis
1311 2405 156 41 ostensa
1424 2405 113 41 sunt
1495 2405 113 41 tibi
1566 2405 170 41 scilicet
1693 2405 85 41 in
1735 2405 127 41 sacra
1806 2405 170 41 scriptura.

1205 2442 85 59 ¶
1239 2442 102 59 Ad
1290 2442 204 59 quesitum
1443 2442 136 59 ergo
1528 2442 255 59 Respondetur
1733 2442 119 59 per
1784 2442 238 59 conclusionem

1208 2487 128 50 quod
1288 2487 176 50 necesse
1416 2487 112 50 est
1480 2487 160 50 homini
1592 2487 96 50 ad
1640 2487 176 50 salutem
1768 2487 240 50 theologicam
1944 2487 80 50 do-

1199 2530 176 50 ctrinam
1327 2530 320 50 supernaturaliter
1599 2530 208 50 inspirari
1760 2530 112 50 Nec
1824 2530 192 50 sufficit
1968 2530 96 50 ad

1203 2579 197 42 salutem
1347 2579 233 42 naturalis
1526 2579 215 42 scientia
1687 2579 233 42 humanitus
1849 2579 179 42 adinuen-

1188 2607 106 51 ta.
1248 2607 91 51 Et
1294 2607 136 51 primo
1384 2607 106 51 sic
1445 2607 181 51 probatur
1581 2607 121 51 quia
1656 2607 106 51 ex.
1717 2607 106 51 ii.
1777 2607 166 51 metaph.
1898 2607 136 51 Sicut
1974 2607 60 51 se

1192 2650 159 74 habet
1299 2650 177 74 oculus
1422 2650 177 74 noctue
1546 2650 106 74 ad
1599 2650 159 74 lumen
1706 2650 159 74 solis
1812 2650 124 74 ita
1865 2650 177 74 intelle
