2272 3294
397 283 107 61 quod
464 283 107 61 bene
531 283 94 61 non
584 283 134 61 habent
678 283 121 61 ideam
758 283 174 61 inquantum
892 283 107 61 sunt
959 283 214 61 contingentia
1120 283 67 61 sed

407 343 133 61 sola
491 343 266 61 cognoscuntur
707 343 299 61 determinatione
956 343 233 61 voluntatis
1122 343 67 61 et

407 386 95 39 vt
455 386 111 39 sic
518 386 158 39 habent
629 386 158 39 viuere
739 386 95 39 in
771 386 79 39 deo

446 408 200 88 Item
571 408 175 88 quo
671 408 200 88 vita
796 408 150 88 in
871 408 175 88 deo
946 408 225 88 dicitui

410 480 109 56 fore
478 480 95 56 lux
533 480 163 56 homininm
655 480 109 56 Ioam
723 480 81 56 i.
763 480 81 56 Et
804 480 122 56 vitam
885 480 109 56 erat
953 480 136 56 inquit
1048 480 95 56 lux
1089 480 95 56 homi-

406 530 96 42 num.
466 530 60 42 ¶
490 530 96 42 Nota
551 530 145 42 secundum
659 530 108 42 Lyram
731 530 120 42 ibidem
816 530 96 42 quod
876 530 145 42 animalia
984 530 96 42 quae
1044 530 96 42 sunt
1093 530 84 42 infra

402 571 177 43 hominem
531 571 161 43 habent
643 571 129 43 bene
724 571 177 43 aliquam
852 571 241 43 cognitionem
1029 571 161 43 sensibi-

407 612 138 45 lium.
499 612 108 45 Nam
560 612 154 45 asinus
668 612 200 45 cognoscit
821 612 184 45 stabulum
960 612 169 45 suamque
1067 612 123 45 domum.

400 650 104 58 sed
460 650 119 58 homo
534 650 134 58 vltra
623 650 104 58 hec
682 650 104 58 est
742 650 134 58 capax
831 650 104 58 dei
890 650 223 58 cognoscendo
1068 650 89 58 et
1098 650 89 58 aman

408 691 90 51 do
453 691 150 51 vtpote
558 691 90 51 ad
603 691 180 51 imaginem
739 691 105 51 dei
799 691 165 51 factus.
919 691 90 51 Et
964 691 120 51 quia
1040 691 135 51 omnis
1115 691 60 51 co

400 734 159 55 gnitio
511 734 127 55 actu
590 734 111 55 fit
654 734 95 55 in
701 734 159 55 aliquo
812 734 143 55 lumie
908 734 111 55 vel
971 734 222 55 intrinseco
1130 734 63 55 vt

409 774 270 55 intellectualis.
636 774 100 55 vel
693 774 199 55 extrinseco
850 774 85 55 vt
892 774 199 55 sensualis.
1049 774 100 55 Lux
1092 774 85 55 autm

398 814 89 59 per
449 814 166 59 essentiam
577 814 102 59 quae
641 814 89 59 est
692 814 102 59 deus
755 814 77 59 et
794 814 102 59 eius
857 814 128 59 verbum
947 814 115 59 ipsum
1023 814 102 59 quod
1087 814 89 59 est
1125 814 64 59 vi-

410 865 80 48 ta
450 865 80 48 vt
490 865 80 48 in
530 865 240 48 praecedentibus
730 865 147 48 patuit.
837 865 120 48 Ticet
917 865 93 48 non
970 865 134 48 possit
1064 865 107 48 esse
1117 865 67 48 for

409 900 87 54 ma
452 900 217 54 intellectus
626 900 145 54 nostri
727 900 130 54 tamen
814 900 217 54 intellectus
988 900 130 54 agens
1075 900 101 54 qui
1119 900 72 54 est

405 947 177 53 potentia
538 947 133 53 anime
627 947 103 53 est
686 947 148 53 quedam
790 947 103 53 lux
849 947 177 53 deriuata
982 947 74 53 a
1011 947 148 53 diuina
1100 947 74 53 li.

403 985 123 57 coper
485 985 109 57 quam
554 985 137 57 potest
650 985 109 57 homo
718 985 137 57 diuina
814 985 192 57 cognoscere
964 985 137 57 aliquo
1060 985 109 57 modo
1115 985 68 57 sal

411 1026 86 50 tem
460 1026 196 50 naturaliter.
619 1026 74 50 vt
656 1026 172 50 philosophi
791 1026 196 50 cognouerunt.
950 1026 98 50 Ideo
1011 1026 135 50 Psalmus
1097 1026 86 50 dicit

399 1069 187 56 Signatum
539 1069 109 56 est
602 1069 140 56 super
695 1069 109 56 nos
757 1069 140 56 lumen
851 1069 156 56 vultus
960 1069 109 56 tui
1022 1069 171 56 domine.
1131 1069 62 56 Et

402 1110 120 50 quia
477 1110 105 50 hec
537 1110 181 50 cognitio
673 1110 196 50 naturalis
824 1110 90 50 ex
869 1110 151 50 seipso
974 1110 105 50 est
1019 1110 166 50 defectuo-

404 1152 84 50 sa
446 1152 112 50 ideo
516 1152 84 50 vt
558 1152 154 50 tenebra
670 1152 98 50 non
726 1152 224 50 comprehendit
907 1152 126 50 illam
991 1152 126 50 lucem
1061 1152 126 50 diuinan

410 1194 93 50 sed
463 1194 67 50 a
490 1194 120 50 verbo
570 1194 134 50 diuino
663 1194 107 50 quae
730 1194 93 50 est
783 1194 107 50 vita
850 1194 93 50 per
904 1194 174 50 essentiam
1024 1194 160 50 illustrata

409 1236 198 63 cognoscit
561 1236 122 63 deum
637 1236 152 63 altius
743 1236 122 63 etc.
819 1236 122 63 Ideo
895 1236 106 63 hec
956 1236 122 63 vita
1032 1236 91 63 in
1078 1236 106 63 deo
1123 1236 61 63 id

403 1282 96 63 est
458 1282 138 63 verbum
555 1282 152 63 diuinum
665 1282 96 63 est
720 1282 96 63 lux
761 1282 83 63 etc.

592 1335 384 88 Nitas
848 1335 298 88 dei
976 1335 213 88 vnu

616 1406 111 57 siue
685 1406 139 57 vnicum
782 1406 111 57 etc.
852 1406 125 57 Utrum
935 1406 125 57 dicat
1018 1406 152 57 aliquid
1115 1406 69 57 po-

621 1455 150 55 sitiuum:
733 1455 188 55 Respondetur
883 1455 150 55 secundum
996 1455 113 55 Guil.
1071 1455 75 55 in
1096 1455 88 55 primo

401 1481 118 65 dist.
480 1481 105 65 vii.
545 1481 105 65 quod
611 1481 105 65 vnum
676 1481 118 65 dicit
755 1481 118 65 puram
833 1481 197 65 privationem
990 1481 92 65 seu
1030 1481 157 65 negationem

402 1537 86 61 nec
451 1537 172 61 formaliter
586 1537 110 61 dicit
659 1537 135 61 aliquid
758 1537 160 61 positiuum
880 1537 86 61 sed
930 1537 110 61 solam
1003 1537 172 61 diuisionis
1126 1537 49 61 in

404 1591 169 44 uationem.
534 1591 234 44 Fundametaliter
729 1591 117 44 autem
807 1591 117 44 dicit
885 1591 182 44 positionem
1028 1591 104 44 quia
1093 1591 91 44 non
1132 1591 52 44 pa

409 1626 112 60 nisi
479 1626 84 60 in
521 1626 112 60 ente
591 1626 168 60 fundari.
717 1626 112 60 Unde
787 1626 112 60 ista
857 1626 98 60 est
913 1626 126 60 falsa
997 1626 112 60 homo
1067 1626 84 60 et
1095 1626 98 60 chime

403 1670 114 54 mera
474 1670 114 54 sunt
545 1670 128 54 vnum.
630 1670 71 54 ¶
658 1670 85 54 Ad
701 1670 114 54 idem
772 1670 142 54 infra.
871 1670 85 54 §.
914 1670 114 54 vii.
985 1670 99 54 et.
1028 1670 99 54 viii.

422 1712 127 60 ¶
472 1712 253 60 Quibus
649 1712 228 60 modis
801 1712 329 60 accipitur
1029 1712 152 60 vnum

403 1770 84 47 vel
451 1770 133 47 vnitas:
548 1770 96 47 Nota
608 1770 145 47 secundum
716 1770 72 47 e.
752 1770 120 47 Guill.
837 1770 120 47 supra.
921 1770 96 47 quod
981 1770 96 47 ista
1041 1770 96 47 tria
1090 1770 96 47 vnitas

405 1806 108 56 vnum
472 1806 135 56 vnitio
566 1806 135 56 habent
660 1806 188 56 principium
808 1806 161 56 conforme
929 1806 94 56 sed
983 1806 161 56 diuersum
1091 1806 94 56 finem

402 1855 80 51 et
442 1855 188 51 differunt.
589 1855 67 51 ¶
616 1855 134 51 Unitio
710 1855 107 51 enim
777 1855 148 51 capitur
884 1855 94 51 vno
938 1855 107 51 modo
1005 1855 134 51 actiue
1099 1855 80 51 et
1126 1855 67 51 sic

411 1893 89 48 est
462 1893 102 48 illa
526 1893 114 48 actio
602 1893 102 48 quae
665 1893 102 48 vnit
729 1893 127 48 aliqua
818 1893 76 48 ad
856 1893 152 48 inuicem.
970 1893 102 48 Alio
1034 1893 102 48 modo
1084 1893 102 48 passi-

406 1942 73 51 ue
442 1942 73 51 et
478 1942 85 51 sic
527 1942 85 51 est
575 1942 97 51 illa
636 1942 121 51 passio
720 1942 85 51 qua
769 1942 121 51 aliqua
853 1942 145 51 vniuntur
962 1942 181 51 formaliter.
1107 1942 73 51 et
1132 1942 60 51 op-

410 1978 148 54 ponitur
517 1978 94 54 non
571 1978 216 54 distinctioni
747 1978 94 54 sed
801 1978 175 54 diuisioni
935 1978 67 54 ¶
962 1978 135 54 Unitas
1057 1978 108 54 vero
1111 1978 67 54 tri

401 2019 161 54 pliciter
521 2019 161 54 dicitur.
642 2019 94 54 Uno
695 2019 107 54 modo
762 2019 80 54 vt
802 2019 94 54 est
856 2019 187 54 principium
1003 2019 134 54 nueri.
1097 2019 80 54 Et
1123 2019 54 54 si

404 2061 119 49 Plato
483 2061 119 49 dicit
563 2061 106 49 quod
629 2061 133 49 vnitas
722 2061 93 49 est
775 2061 119 49 rerum
855 2061 199 49 principium.
1014 2061 146 49 Secundo
1106 2061 80 49 modo

402 2102 129 53 dicitur
496 2102 117 53 vnitas
578 2102 70 53 vt
613 2102 82 53 est
660 2102 117 53 passio
742 2102 105 53 entis
812 2102 82 53 cum
858 2102 70 53 eo
894 2102 199 53 conuertibilis
1057 2102 70 53 vt
1081 2102 105 53 dicitur

401 2147 100 52 vi.
458 2147 129 52 Meta.
544 2147 144 52 Tertio
645 2147 158 52 capitur
759 2147 144 52 vnitas
860 2147 86 52 vt
903 2147 100 52 est
960 2147 158 52 quoddam
1061 2147 129 52 commune

418 2183 141 52 vniuocum
524 2183 94 52 quod
583 2183 129 52 dicitur
676 2183 70 52 de
712 2183 129 52 vnitate
806 2183 106 52 primo
876 2183 94 52 modo
935 2183 70 52 et
970 2183 129 52 secundo
1064 2183 94 52 modo
1111 2183 70 52 prae

408 2235 119 42 dicta
487 2235 66 42 ¶
513 2235 106 42 Unum
579 2235 119 42 autem
659 2235 92 42 est
712 2235 172 42 concretum
844 2235 79 42 et
883 2235 106 42 eius
949 2235 185 42 abstractum
1081 2235 106 42 vnitas

406 2269 94 51 sicut
468 2269 83 51 homo
520 2269 63 51 et
552 2269 146 51 humanitas.
666 2269 63 51 Et
697 2269 125 51 secundum
791 2269 167 51 philosophum.
927 2269 63 51 v.
958 2269 94 51 meta.
1021 2269 115 51 dicitur
1094 2269 83 51 tripul

398 2317 110 45 Primo
471 2317 98 45 vnum
532 2317 73 45 in
569 2317 171 45 substantia
704 2317 73 45 et
740 2317 86 45 sic
789 2317 135 45 dicitur
887 2317 171 45 identitas.
1022 2317 135 45 Secundo
1108 2317 73 45 vnim

400 2358 74 45 in
437 2358 172 45 quantitate
572 2358 74 45 et
609 2358 135 45 dicitur
707 2358 172 45 equalitas.
843 2358 123 45 Tertio
929 2358 98 45 vnum
990 2358 74 45 in
1027 2358 160 45 qualitate
1138 2358 49 45 et

408 2398 111 52 dicitur
488 2398 151 52 similitudo.
609 2398 81 52 Item
660 2398 121 52 secundum
750 2398 60 52 e.
780 2398 161 52 philosophum.
911 2398 60 52 i.
941 2398 121 52 Topicis.
1032 2398 101 52 Aliqua
1092 2398 101 52 dicuntur

405 2437 99 50 vnum
466 2437 74 50 in
503 2437 111 50 goere
578 2437 124 50 tantum
664 2437 111 50 sicut
738 2437 99 50 homo
800 2437 74 50 et
837 2437 136 50 asinus.
936 2437 136 50 Secundo
1035 2437 99 50 vnum
1097 2437 74 50 in
1121 2437 62 50 spi

416 2483 93 47 tie
469 2483 119 47 sicut
548 2483 132 47 sortes
641 2483 79 47 et
681 2483 119 47 plato
760 2483 79 47 in
800 2483 146 47 homine.
906 2483 132 47 Tertio
999 2483 132 47 aliqua
1078 2483 106 47 dicunt

421 2523 94 50 vnum
480 2523 129 50 numero:
574 2523 70 50 et
609 2523 82 50 hoc
656 2523 117 50 iterum
738 2523 176 50 trifurcatur
878 2523 141 50 scilicet
984 2523 94 50 Unum
1043 2523 117 50 numero
1113 2523 82 50 sicut

409 2563 195 50 subiectum
559 2563 90 50 et
604 2563 180 50 accidens
739 2563 90 50 vt
784 2563 150 50 sortes
890 2563 90 50 et
935 2563 150 50 musica
1040 2563 135 50 eius.
1115 2563 75 50 Se-

413 2609 155 49 cundo:
522 2609 124 49 vnum
600 2609 155 49 numero
708 2609 140 49 sicut
801 2609 217 49 diffinitio
972 2609 93 49 et
1003 2609 186 49 diffinitum

414 2651 72 53 vt
450 2651 97 53 homo
510 2651 72 53 et
547 2651 121 53 animal
631 2651 157 53 rationale
752 2651 97 53 etc.
812 2651 121 53 Tertio
896 2651 97 53 vnum
957 2651 109 53 sicut
1029 2651 109 53 diusa
1089 2651 97 53 nomin-

406 2692 139 62 idem
493 2692 209 62 sectatia
649 2692 104 62 vt
702 2692 174 62 Marcus
823 2692 192 62 Tullius
963 2692 157 62 Simon
1050 2692 139 62 Petrus

1230 280 90 63 Et
1275 280 90 63 ab
1320 280 105 63 hoc
1380 280 150 63 nomine
1485 280 120 63 vnum
1560 280 135 63 venit
1651 280 150 63 vnicum
1756 280 120 63 idem
1831 280 165 63 signans
1936 280 75 63 inr

1236 334 138 47 omnia
1328 334 92 47 Et
1374 334 169 47 differt
1496 334 153 47 tantum
1604 334 92 47 in
1650 334 107 47 hoc
1711 334 123 47 quod
1788 334 92 47 ex
1819 334 199 47 consuetudis

1238 376 202 54 consortium
1396 376 130 54 negat
1483 376 87 54 ly
1526 376 144 54 vnicum
1627 376 130 54 quasi
1714 376 101 54 vno
1772 376 115 54 cum:
1829 376 188 54 conuertendo

1236 417 91 49 id
1281 417 121 49 est:
1357 417 106 49 cum
1418 417 121 49 vno.
1494 417 106 49 Sed
1554 417 121 49 vnum
1630 417 106 49 non
1691 417 136 49 negat
1782 417 106 49 hoc
1827 417 182 49 consortium

1243 461 121 50 Unde
1319 461 106 50 est
1379 461 137 50 illud
1471 461 137 50 Unica
1562 461 121 50 sola
1638 461 137 50 pecus
1729 461 167 50 inficit
1850 461 121 50 omne
1911 461 106 50 pecus

1244 502 118 51 Ticet
1322 502 118 51 etiam
1401 502 170 51 aliquando
1531 502 105 51 vnum
1597 502 78 51 ad
1636 502 131 51 vnicum
1727 502 170 51 limitetur
1858 502 118 51 iuxta
1924 502 91 51 illud

1239 542 193 70 TLucani.
1384 542 112 70 Una
1448 542 145 70 salus
1544 542 161 70 victis
1657 542 161 70 nullam
1769 542 177 70 sperare
1881 542 145 70 salutem

1249 586 92 63 Ibi
1301 586 92 63 vna
1354 586 171 63 diciturid
1486 586 92 63 est
1538 586 132 63 vnica.
1630 586 92 63 Hec
1670 586 92 63 Guil.

1242 627 111 75 ¶
1286 627 244 75 Quomodo
1464 627 177 75 vnum
1574 627 155 75 vel
1663 627 222 75 vnitas
1818 627 133 75 se
1863 627 177 75 habeat

1251 691 157 48 respectu
1369 691 131 48 entis.
1461 691 66 48 ¶
1487 691 197 48 Respondetur
1644 691 157 48 secundum
1762 691 223 48 metaphysicos.
1932 691 92 48 iiii.

1253 736 90 45 li.
1305 736 141 45 metaph.
1407 736 103 45 quod
1472 736 116 45 primo
1549 736 77 45 se
1587 736 128 45 habent
1677 736 231 45 couertibiliter
1870 736 103 45 quia
1934 736 90 45 ens
1973 736 51 45 et

1258 773 92 46 vnum
1315 773 183 46 conuertuntur
1463 773 137 46 secundum
1566 773 183 46 philosophum.
1715 773 114 46 Ibidem
1795 773 114 46 Ionque
1875 773 137 46 seircant
1967 773 57 46 ean

1242 814 100 48 dem
1299 814 156 48 naturam
1412 814 100 48 ita
1469 814 114 48 quod
1540 814 128 48 vnum:
1626 814 142 48 nullam
1725 814 100 48 rem
1782 814 100 48 vel
1839 814 156 48 naturam
1953 814 100 48 ad¬

1244 857 101 48 dit
1301 857 130 48 supra
1388 857 116 48 ens.
1460 857 116 48 quia
1533 857 116 48 vnum
1605 857 159 48 additum
1720 857 116 48 enti
1793 857 145 48 nullam
1879 857 145 48 diuersi-

1242 905 133 48 tatem
1331 905 148 48 nature
1434 905 148 48 affert
1538 905 118 48 quia
1612 905 118 48 idem
1686 905 104 48 est
1745 905 148 48 dicere
1849 905 104 48 ens
1908 905 89 48 et
1937 905 89 48 vnum

1253 947 128 43 ens.
1333 947 112 43 vel
1397 947 112 43 ens
1461 947 144 43 homo.
1557 947 96 43 et
1605 947 128 43 vnus
1684 947 128 43 homo
1764 947 144 43 Tamen
1844 947 176 43 differunt

1244 982 76 49 ex
1282 982 126 49 natura
1371 982 88 49 rei
1421 982 88 49 per
1472 982 152 49 rationes
1585 982 101 49 quia
1649 982 101 49 illa
1712 982 101 49 sunt
1775 982 114 49 eadem
1851 982 76 49 in
1889 982 76 49 re
1927 982 88 49 vel
1964 982 51 49 na

1242 1024 121 54 tura
1318 1024 106 54 que
1378 1024 136 54 eadem
1469 1024 227 54 generatione
1651 1024 212 54 generantur
1818 1024 91 54 et
1863 1024 136 54 eadem
1939 1024 91 54 cor-

1249 1068 163 47 ruptione
1372 1068 217 47 corrumpuntur
1548 1068 95 47 sed
1602 1068 149 47 similis
1711 1068 190 47 generantur
1860 1068 95 47 ens
1914 1068 109 47 homo
1969 1068 54 47 et

1250 1104 106 55 vnus
1316 1104 119 55 homo.
1395 1104 106 55 ergo
1461 1104 106 55 sunt
1528 1104 106 55 idem
1594 1104 106 55 etc.
1660 1104 66 55 ¶
1686 1104 146 55 Secundo
1792 1104 119 55 Iidem
1858 1104 159 55 metaphysic

1255 1153 94 47 upra
1314 1153 117 47 dicunt
1396 1153 94 47 quod
1455 1153 82 47 ens
1501 1153 70 47 et
1537 1153 94 47 vnum
1595 1153 152 47 differunt
1712 1153 141 47 secundum
1818 1153 141 47 rationem
1923 1153 70 47 ex
1947 1153 82 47 natu-

1253 1196 75 46 ra
1291 1196 88 46 rei
1341 1196 101 46 quia
1404 1196 113 46 entis
1480 1196 113 46 ratio
1555 1196 88 46 est
1605 1196 101 46 esse
1668 1196 88 46 vel
1718 1196 113 46 dicit
1794 1196 113 46 actum
1869 1196 151 46 essendi.
1970 1196 50 46 Et

1255 1234 111 47 vnum
1325 1234 125 47 dicit
1408 1234 111 47 quod
1478 1234 97 47 est
1533 1234 181 47 indiuisum
1672 1234 83 47 in
1714 1234 83 47 se
1756 1234 83 47 et
1797 1234 153 47 diuisum
1909 1234 83 47 ab
1937 1234 83 47 alio

1243 1276 102 60 sed
1302 1276 102 60 hoc
1360 1276 102 60 non
1419 1276 131 60 dicit
1506 1276 117 60 ens.
1579 1276 117 60 Unde
1652 1276 161 60 dicendo
1769 1276 117 60 vnum
1842 1276 102 60 ens
1900 1276 102 60 ibi
1944 1276 73 60 non

1247 1323 89 45 est
1298 1323 153 45 nugatio.
1413 1323 102 45 quia
1477 1323 115 45 licet
1553 1323 153 45 serncent
1668 1323 128 45 eandem
1757 1323 140 45 naturam
1859 1323 115 45 tamen
1923 1323 102 45 diuer-

1257 1359 92 48 sis
1310 1359 198 48 rationibus.
1468 1359 105 48 quae
1534 1359 184 48 diuersitas
1678 1359 158 48 rationis
1797 1359 79 48 ex
1837 1359 132 48 natura
1929 1359 92 48 rei
1968 1359 53 48 su

1244 1404 120 49 ficit
1324 1404 80 49 ad
1364 1404 174 49 tollendum
1497 1404 187 49 nugationem
1644 1404 80 49 Ex
1684 1404 93 49 quo
1738 1404 120 49 patet
1818 1404 120 49 etiam
1898 1404 107 49 quod
1951 1404 67 49 non

1248 1447 109 51 sunt
1316 1447 177 51 synonymam
1453 1447 150 51 ratione
1561 1447 136 51 eadem.
1657 1447 68 51 ¶
1684 1447 136 51 Tertio
1779 1447 136 51 dicunt
1874 1447 109 51 quod
1929 1447 95 51 respe

1252 1489 108 52 ctu
1313 1489 139 52 entis
1406 1489 124 52 vnum
1483 1489 93 52 se
1530 1489 139 52 habet
1622 1489 108 52 per
1684 1489 139 52 modum
1777 1489 201 52 passionis
1916 1489 108 52 sicui

1248 1529 73 58 et
1284 1529 109 58 verum
1357 1529 73 58 et
1394 1529 121 58 bonum.
1479 1529 97 58 quia
1539 1529 109 58 sicut
1612 1529 121 58 passio
1697 1529 109 58 addit
1770 1529 134 58 aliquid
1867 1529 146 58 quaestio
1964 1529 61 58 non

1256 1581 102 44 est
1314 1581 87 44 de
1357 1581 203 44 intellectu
1517 1581 174 44 subiecti
1647 1581 131 44 primo
1734 1581 102 44 per
1792 1581 87 44 se
1836 1581 116 44 ita:
1908 1581 87 44 et
1937 1581 87 44 vuun

1249 1619 128 48 addit
1334 1619 156 48 aliquid
1448 1619 85 48 ad
1490 1619 99 48 ens
1547 1619 114 48 quod
1618 1619 99 48 non
1675 1619 99 48 est
1732 1619 85 48 de
1774 1619 199 48 intellectu
1916 1619 114 48 entis.

1255 1661 162 44 Similiter
1379 1661 112 44 verum
1454 1661 75 44 et
1492 1661 112 44 bonum
1567 1661 100 44 etc.
1629 1661 62 44 ¶
1654 1661 100 44 Nota
1717 1661 100 44 ergo
1779 1661 100 44 quod
1842 1661 87 44 sex
1892 1661 100 44 sunt
1942 1661 87 44 tran-

1248 1698 214 55 scendentia
1416 1698 107 55 que
1477 1698 260 55 conuertibilia
1691 1698 138 55 sunt.
1783 1698 199 55 videlicet
1920 1698 107 55 Res

1242 1748 122 43 Ets:
1318 1748 153 43 Uerum.
1425 1748 153 43 Bonum:
1532 1748 183 43 Aliquid:
1669 1748 137 43 Unum.
1761 1748 122 43 Unde
1837 1748 153 43 versus
1929 1748 107 43 Tran-

1250 1788 161 48 scendunt
1370 1788 121 48 cucta
1451 1788 94 48 que
1504 1788 134 48 signat
1598 1788 134 48 dictio
1692 1788 134 48 reubau
1786 1788 80 48 id
1826 1788 94 48 est
1880 1788 147 48 littere
1973 1788 54 48 hu

1246 1835 101 43 ius
1303 1835 188 43 dictionis
1448 1835 72 43 a
1477 1835 145 43 quibus
1578 1835 202 43 inchoantur
1737 1835 188 43 praedicta
1867 1835 159 43 transcen-

1244 1869 133 45 dentia
1337 1869 159 45 secundum
1456 1869 133 45 primas
1549 1869 159 45 litteras
1668 1869 106 45 etc.
1734 1869 119 45 Nempe
1814 1869 106 45 tria
1880 1869 119 45 horum
1946 1869 93 45 tran-

1246 1910 226 49 scendentium.
1429 1910 183 49 videlicet
1570 1910 99 49 ens
1627 1910 99 49 res
1683 1910 85 49 et
1726 1910 169 49 aliquid:
1853 1910 113 49 sunt
1923 1910 85 49 ex
1951 1910 85 49 par-

1238 1957 80 50 te
1278 1957 161 50 subiecti
1398 1957 94 50 sed
1452 1957 161 50 secundum
1573 1957 161 50 rationes
1693 1957 215 50 differentes.
1868 1957 121 50 Ticet
1935 1957 107 50 dicant

1248 1994 117 55 idem
1321 1994 87 55 in
1365 1994 160 55 natura.
1481 1994 102 55 Nam
1540 1994 146 55 primo.
1642 1994 102 55 ens
1700 1994 131 55 dicit
1787 1994 160 55 naturam
1889 1994 146 55 secundum

1247 2039 104 48 quod
1312 2039 91 48 est
1364 2039 156 48 Secundo:
1481 2039 104 48 res:
1546 2039 117 48 dicit
1624 2039 130 48 eandem
1714 2039 78 48 vt
1753 2039 91 48 est
1805 2039 78 48 in
1844 2039 91 48 sua
1883 2039 143 48 realitats

1247 2087 97 50 vel
1303 2087 180 50 quiditate
1441 2087 208 50 essentiali.
1607 2087 152 50 Tertio:
1718 2087 166 50 aliquid:
1842 2087 125 50 dicit
1925 2087 111 50 idem
1981 2087 55 50 vt

1247 2122 95 57 est
1302 2122 108 57 alio
1369 2122 108 57 quid
1437 2122 81 57 id
1477 2122 95 57 est
1531 2122 81 57 ab
1572 2122 108 57 omni
1639 2122 108 57 alio
1707 2122 108 57 quid
1775 2122 203 57 distinctum.
1937 2122 68 57 ¶
1950 2122 95 57 Deni-

1256 2167 95 51 que
1311 2167 109 51 tria
1379 2167 245 51 transcendentia
1583 2167 122 51 alia.
1665 2167 177 51 videlicet
1801 2167 122 51 verum
1882 2167 122 51 bonum
1950 2167 82 51 vnum

1245 2208 149 46 addunt
1349 2208 134 46 super
1439 2208 104 46 ens
1498 2208 134 46 quasi
1588 2208 194 46 passiones
1737 2208 149 46 entis.
1841 2208 104 46 Ita
1901 2208 119 46 quod
1960 2208 75 46 non

1235 2248 126 55 sunt
1314 2248 94 55 de
1361 2248 126 55 esse
1440 2248 236 55 quiditatiuo
1629 2248 157 55 entis.
1739 2248 110 55 sed
1802 2248 94 55 de
1849 2248 157 55 tertio
1944 2248 94 55 modo

1258 2291 155 51 dicendi
1371 2291 99 51 per
1427 2291 85 51 se
1470 2291 99 51 Nam
1526 2291 141 51 verum:
1625 2291 127 51 addit
1710 2291 127 51 super
1795 2291 99 51 ens
1851 2291 155 51 ordinem
1964 2291 99 51 ade

1254 2338 196 49 quationis
1405 2338 90 49 ad
1450 2338 226 49 intellectum
1631 2338 121 49 quia
1706 2338 166 49 veritas
1827 2338 106 49 est
1872 2338 166 49 adequatio

1252 2377 87 48 rei
1301 2377 75 48 ad
1339 2377 187 48 intellectum
1489 2377 150 48 secundum
1601 2377 100 48 quod
1664 2377 112 48 dicit
1739 2377 112 48 Isaac
1814 2377 75 48 in
1851 2377 100 48 suis
1901 2377 150 48 diffinitio

1242 2415 165 48 nibus.
1357 2415 182 48 Denique
1489 2415 149 48 bonum
1588 2415 149 48 addit
1687 2415 149 48 supra
1786 2415 116 48 ens
1852 2415 182 48 ordinem
1968 2415 83 48 vel

1233 2457 263 63 habitudinem
1444 2457 175 63 mentis
1566 2457 105 63 ad
1619 2457 228 63 appetitum
1794 2457 140 63 quia
1882 2457 158 63 Bonum
1969 2457 88 63 est

1246 2504 137 53 quod
1332 2504 154 53 omnia
1434 2504 223 53 appetunt.
1606 2504 137 53 Unum
1691 2504 137 53 vero
1777 2504 154 53 addit
1880 2504 154 53 supra
1965 2504 86 53 ens

1246 2546 241 54 indiuisionem
1442 2546 106 54 rei
1502 2546 90 54 in
1547 2546 90 54 se
1593 2546 90 54 et
1638 2546 211 54 diuisionem
1804 2546 75 54 a
1834 2546 181 54 quolibet
1955 2546 90 54 alio

1249 2583 111 61 etc.
1319 2583 97 61 Hec
1374 2583 167 61 secundum
1499 2583 236 61 metaphysicos.
1694 2583 125 61 iiii.
1777 2583 153 61 metaph.
1875 2583 83 61 lib.

1240 2630 137 74 ¶
1294 2630 219 74 Unum
1431 2630 219 74 esse
1568 2630 219 74 deum
1705 2630 328 74 probatur
1923 2630 137 74 vbi

1237 2687 154 76 Deus.
1339 2687 103 76 §.
1374 2687 68 76 i.
