2258 3285
388 278 131 79 vinus
476 278 116 79 deus
548 278 102 79 non
606 278 131 79 aliud
693 278 232 79 significatur
882 278 116 79 nisi
954 278 116 79 quod
1012 278 160 79 multitudo

391 342 142 58 deorum
490 342 214 58 excluditur.
661 342 185 58 Similiter
804 342 100 58 cum
861 342 171 58 dicitur:
989 342 114 58 vnus
1060 342 100 58 est
1103 342 71 58 pat

403 395 100 44 vel
460 395 115 44 vnus
532 395 158 44 filius:
646 395 100 44 hoc
704 395 158 44 dicitur
819 395 115 44 quia
890 395 100 44 non
948 395 115 44 sunt
1019 395 143 44 plures
1105 395 72 44 pa-

386 428 118 56 tres
460 428 104 56 vel
519 428 148 56 filii.
623 428 89 56 et
667 428 104 56 ita
726 428 89 56 de
771 428 207 56 similibus.
933 428 104 56 Sed
993 428 104 56 hec
1037 428 133 56 positio

396 469 178 56 communiter
536 469 89 56 non
587 469 140 56 tenetur
688 469 114 56 Ratio
765 469 102 56 quia
828 469 89 56 cum
879 469 114 56 vnum:
955 469 114 56 multo
1019 469 152 56 completius

398 512 86 54 et
441 512 200 54 perfectius
598 512 100 54 sit
655 512 86 54 in
698 512 100 54 deo
756 512 115 54 quam
827 512 86 54 in
870 512 186 54 creaturis
1013 512 129 54 multo
1085 512 86 54 for-

405 554 148 59 malius
509 554 103 59 ibi
568 554 163 59 dicitur
686 554 192 59 positiue.
834 554 89 59 Et
878 554 89 59 de
923 554 103 59 hoc
982 554 148 59 patuit
1071 554 103 59 etiam

405 593 99 56 vbi
461 593 169 56 Numerus.
588 593 85 56 §.
631 593 127 56 iiii.
715 593 71 56 ¶
744 593 113 56 Unde
814 593 141 56 melius
913 593 183 56 dicendunm
1040 593 141 56 secundum

394 644 152 45 eundem
500 644 182 45 Bonauen.
637 644 167 45 concor.
759 644 137 45 Guil.
850 644 91 45 et
895 644 167 45 doctur.
1017 644 122 45 quod
1078 644 106 45 exquo

391 680 126 52 ratio
475 680 167 52 vnitatis
600 680 126 52 dicit
684 680 237 52 distinctionem
879 680 98 52 cum
935 680 209 52 indiuisione
1088 680 84 52 quia

406 725 116 50 vnum
479 725 102 50 est
537 725 116 50 quod
610 725 87 50 in
654 725 87 50 se
697 725 102 50 est
755 725 189 50 indiuisum
901 725 87 50 et
944 725 160 50 diuisum
1061 725 102 50 vel
1104 725 73 50 di-

401 760 170 56 stinctum
528 760 85 56 ab
571 760 142 56 aliis.
670 760 85 56 In
713 760 156 56 diuinis
826 760 128 56 autem
911 760 170 56 essentia
1038 760 85 56 in
1081 760 85 56 se
1109 760 71 56 est

400 805 225 54 indistincta
580 805 105 54 vel
640 805 180 54 indiuisa
775 805 90 54 et
820 805 90 54 ab
865 805 135 54 aliis
955 805 105 54 per
1015 805 165 54 seipsam
1120 805 60 54 di

393 845 176 59 stincta.
525 845 191 59 similiter
672 845 191 59 vnaqueque
819 845 161 59 persona
936 845 103 59 est
995 845 88 59 in
1039 845 88 59 se
1069 845 117 59 indiui

404 885 81 57 sa
444 885 81 57 et
484 885 81 57 ab
525 885 121 57 aliis
606 885 162 57 personis
727 885 175 57 distincta
862 885 94 57 per
916 885 216 57 proprietatem
1077 885 108 57 perso-

399 925 159 58 nalem.
511 925 128 58 Ideo
590 925 96 58 in
638 925 175 58 diuinis
766 925 112 58 est
829 925 159 58 vnitas
941 925 239 58 essentialis
1116 925 64 58 et

413 969 120 56 etiam
492 969 93 56 est
546 969 80 56 in
586 969 173 56 vnaquaque
719 969 146 56 persona
825 969 133 56 vnitas
918 969 199 56 personalis.
1064 969 120 56 Quoniam

407 1014 119 60 autem
486 1014 79 60 in
526 1014 93 60 deo
579 1014 145 60 persona
684 1014 93 60 non
737 1014 93 60 est
790 1014 119 60 aliud
870 1014 79 60 ab
909 1014 159 60 essentia
1028 1014 159 60 secundum
1134 1014 53 60 na

402 1056 150 60 turam.
507 1056 120 60 Ideo
582 1056 150 60 vnitas
686 1056 180 60 essentie
821 1056 90 60 et
866 1056 165 60 persone
986 1056 105 60 non
1045 1056 120 60 sunt
1105 1056 75 60 due

402 1098 151 60 vnitates
516 1098 151 60 secundum
629 1098 88 60 rem
679 1098 189 60 essentialem
830 1098 88 60 sed
881 1098 88 60 vna
931 1098 151 60 scilicet
1045 1098 126 60 natura
1120 1098 63 60 di-

414 1146 97 46 uina
475 1146 73 46 in
511 1146 85 46 re:
559 1146 109 46 licet
632 1146 158 46 differens
753 1146 73 46 et
790 1146 158 46 distincta
911 1146 146 46 secundum
1020 1146 194 46 proprietates

399 1189 220 52 relatiuas.
572 1189 126 52 Unde
650 1189 157 52 quando
760 1189 94 52 ly
807 1189 126 52 vnus
886 1189 220 52 adiectiuum
1043 1189 141 52 adiungi

399 1221 102 64 tur
458 1221 160 64 termino
574 1221 232 64 substantiali
763 1221 131 64 dicit
850 1221 174 64 vnitatem
966 1221 218 64 substantialem

406 1260 103 56 vt
457 1260 189 56 dicendo
595 1260 138 56 vnus
681 1260 155 56 deus.
784 1260 120 56 vna
853 1260 172 56 natura
974 1260 172 56 diuina
1077 1260 103 56 etc.

408 1305 127 60 Qando
492 1305 113 60 vero
563 1305 197 60 adiungitur
718 1305 155 60 termino
831 1305 183 60 personali
972 1305 127 60 dicit
1042 1305 141 60 vnitatem

407 1345 227 63 personalem.
589 1345 91 63 vt
634 1345 167 63 dicendo
755 1345 106 63 vna
816 1345 167 63 persona
937 1345 121 63 vnum
998 1345 197 63 suppositum.

404 1388 93 65 etc.
462 1388 104 65 Patet
532 1388 93 65 ergo
590 1388 93 65 quod
648 1388 116 65 vnitas
729 1388 70 65 de
764 1388 81 65 deo
810 1388 128 65 dicitur
903 1388 151 65 quandoque
1019 1388 139 65 secundum
1111 1388 70 65 sub-

409 1435 156 64 stantiam
526 1435 78 64 et
565 1435 169 64 quandoque
695 1435 156 64 secundum
812 1435 182 64 relationem
955 1435 91 64 Hec
994 1435 91 64 Bona.

383 1485 123 85 ¶
433 1485 172 85 Sed
531 1485 196 85 quid
653 1485 147 85 de
727 1485 270 85 vnitate
923 1485 172 85 qua
997 1485 196 85 perso-

406 1547 87 60 ne
450 1547 145 60 divine
552 1547 116 60 sunt
625 1547 131 60 vnum.
712 1547 87 60 An
756 1547 102 60 sit
814 1547 160 60 aliquid
930 1547 189 60 positiuum
1076 1547 102 60 vel
1119 1547 73 60 pri

400 1586 174 58 uatiuum:
530 1586 188 58 Respondet
674 1586 130 58 Guil.
761 1586 87 58 in
805 1586 130 58 primo
891 1586 116 58 dis.
964 1586 87 58 ii
993 1586 202 58 difficultate

400 1627 94 62 ii.
453 1627 108 62 quod
521 1627 108 62 illa
588 1627 135 62 vnitas
682 1627 135 62 potest
776 1627 108 62 capi
844 1627 202 62 dupliciter.
1005 1627 94 62 Uno
1059 1627 108 62 modo
1113 1627 67 62 fun

415 1673 226 57 damentaliter.
601 1673 80 57 et
640 1673 93 57 sic
694 1673 120 57 dicit
773 1673 173 57 positiuum
906 1673 93 57 vel
959 1673 199 57 positionem.
1105 1673 80 57 quia

416 1720 146 56 diuinam
522 1720 186 56 essentiam.
668 1720 106 56 Alio
735 1720 106 56 modo
801 1720 186 56 formaliter
948 1720 80 56 et
988 1720 93 56 sic
1041 1720 120 56 dicit
1107 1720 80 56 nega

407 1750 151 74 tionem.
517 1750 110 74 quia
586 1750 192 74 formaliter
736 1750 96 74 non
791 1750 123 74 dicit
874 1750 110 74 nisi
942 1750 233 74 indiuisionem.
1120 1750 69 74 Hec

405 1803 124 67 Guil.
488 1803 83 67 Ad
529 1803 124 67 idem.
612 1803 138 67 supra.
709 1803 69 67 §
723 1803 55 67 i.

432 1824 119 100 ¶
480 1824 142 100 An
551 1824 237 100 vnitas
717 1824 356 100 attribuatur
1001 1824 166 100 vel
1072 1824 119 100 ap-

413 1898 170 65 proprietur
546 1898 121 65 patri.
631 1898 73 65 An
668 1898 133 65 spiritu
765 1898 133 65 sancto:
862 1898 182 65 Respondetur
1007 1898 146 65 secundum
1104 1898 85 65 Guil.

405 1943 77 58 in
444 1943 115 58 primo
520 1943 89 58 di.
571 1943 115 58 xxxi.
648 1943 102 58 quod
711 1943 128 58 vnitas
801 1943 140 58 dicitur
903 1943 204 58 tripliciter.
1068 1943 89 58 Uno
1107 1943 77 58 modo

416 1983 73 61 vt
452 1983 85 61 est
501 1983 122 61 passio
586 1983 110 61 entis
659 1983 146 61 secundum
769 1983 97 61 quod
830 1983 183 61 metaphysici
976 1983 122 61 dicunt
1061 1983 97 61 quod
1110 1983 73 61 ista

399 2024 108 65 tria
467 2024 122 65 vnum.
548 2024 135 65 verum.
643 2024 135 65 bonum.
738 2024 108 65 sunt
805 2024 176 65 passiones
941 2024 122 65 entis
1022 2024 95 65 vt.
1076 2024 122 65 supra
1143 2024 41 65 §

406 2064 111 66 iii.
476 2064 84 66 Et
517 2064 111 66 isto
587 2064 111 66 modo
657 2064 97 66 nec
712 2064 195 66 appropatur
866 2064 125 66 patri
949 2064 97 66 nec
1005 2064 167 66 spiritui
1116 2064 70 66 san

413 2109 107 58 cto.
479 2109 107 58 quia
546 2109 93 58 sic
599 2109 160 58 predicta
719 2109 160 58 capiendo
839 2109 213 58 conuertuntur
1013 2109 93 58 cum
1066 2109 120 58 ente.
1133 2109 53 58 et

407 2151 100 58 sic
464 2151 200 58 conueniunt
621 2151 129 58 etiam
707 2151 186 58 creaturis
850 2151 172 58 omnibus.
979 2151 71 58 ¶
1007 2151 157 58 Secundo
1107 2151 86 58 modo

412 2192 160 61 dicitur
528 2192 145 61 vnitas
629 2192 87 61 vt
673 2192 102 61 est
731 2192 203 61 principium
890 2192 145 61 numeri
992 2192 87 61 et
1035 2192 102 61 sic
1079 2192 102 61 appro

415 2238 155 57 priatur
528 2238 127 57 patri
613 2238 113 57 quia
683 2238 127 57 sicut
768 2238 141 57 vnitas
867 2238 85 57 in
909 2238 141 57 numero
1008 2238 99 57 nil
1051 2238 141 57 praesup-

419 2275 144 65 bonit.
519 2275 101 65 sic
577 2275 129 65 pater
663 2275 86 65 in
706 2275 158 65 diuinis
821 2275 144 65 nullam
922 2275 216 65 praesuponit
1080 2275 101 65 perso

396 2321 110 54 nam
459 2321 110 54 cum
522 2321 110 54 sit
584 2321 141 54 prima
679 2321 157 54 Rursum
788 2321 141 54 sicut
882 2321 94 54 ex
929 2321 172 54 vnitate
1039 2321 157 54 prodeunt

402 2362 138 58 omnes
494 2362 154 58 numeri
602 2362 108 58 sic
663 2362 92 58 ex
709 2362 138 58 patre
802 2362 123 58 alie
878 2362 169 58 persone
1001 2362 123 58 Unde
1078 2362 92 58 in
1109 2362 77 58 gre

402 2410 89 56 co
447 2410 134 56 patri
536 2410 223 56 attribuitur
714 2410 134 56 monas
803 2410 119 56 quod
877 2410 148 56 signat
981 2410 178 56 vnitatem
1100 2410 89 56 Hinc

410 2447 110 58 est
473 2447 141 58 illud
567 2447 188 58 Mercurii
708 2447 110 58 seu
770 2447 188 58 Hermetis
911 2447 219 58 Termegisti
1083 2447 94 58 in
1115 2447 78 58 li.

410 2494 267 50 diffinitionum
630 2494 126 50 dei.
708 2494 141 50 Monas
803 2494 157 50 gignit
913 2494 188 50 monadem.
1054 2494 94 50 et
1101 2494 94 50 in
1132 2494 63 50 se

422 2536 125 58 praeo
505 2536 181 58 reflectit
644 2536 167 58 ardorem:
769 2536 125 58 alias
853 2536 153 58 amorem.
964 2536 97 58 Hoc
1019 2536 97 58 est
1075 2536 111 58 Unus
1130 2536 56 58 pa

410 2575 91 56 ter
462 2575 130 56 gignit
553 2575 104 56 vnum
618 2575 130 56 filium
709 2575 78 56 et
748 2575 104 56 ambo
812 2575 156 56 spiritum
929 2575 143 56 sanctum
1033 2575 91 56 qui
1085 2575 91 56 est
1124 2575 65 56 ar-

412 2607 123 71 dor.
489 2607 139 71 Unuod
581 2607 170 71 dicitur
705 2607 123 71 Fons
782 2607 139 71 viuus
874 2607 139 71 ignis
967 2607 200 71 charitas.
1105 2607 93 71 Isto

418 2656 115 52 modo
489 2656 200 52 accipiendo
647 2656 158 52 vnitate
761 2656 172 52 scilicet
890 2656 100 52 pro
948 2656 186 52 principio
1076 2656 115 52 numeri

412 2695 115 65 Aug.
484 2695 130 65 primo
570 2695 86 65 de
613 2695 158 65 doctur.
728 2695 201 65 christiana
886 2695 187 65 attribuit
1030 2695 144 65 patri.
1117 2695 86 65 dit.

1244 268 88 90 In
1288 268 131 90 patre
1376 268 102 90 est
1434 268 161 90 vnitas.
1551 268 88 90 In
1595 268 131 90 filio
1683 268 205 90 equalitas.
1829 268 175 90 Inspiritus

1242 344 134 46 ancto
1332 344 179 46 vnitatis
1466 344 224 46 equalitatis
1644 344 119 46 quam
1719 344 194 46 concordia
1868 344 89 46 et
1913 344 75 46 ¶
1928 344 75 46 Ter

1238 385 72 50 tio
1279 385 103 50 vnitas
1351 385 113 50 capitur
1433 385 62 50 vt
1463 385 113 50 dicitur
1546 385 62 50 ab
1576 385 113 50 vnione:
1658 385 62 50 et
1689 385 82 50 quia
1740 385 123 50 spiritus
1833 385 113 50 sanctus
1905 385 92 50 dicitur

1247 430 123 42 nexus
1329 430 137 42 patris
1425 430 82 42 et
1466 430 123 42 filii
1549 430 96 42 qua
1603 430 164 42 vniuntur
1727 430 137 42 amore:
1823 430 110 42 Ideo
1877 430 110 42 vnitas

1239 462 86 49 sic
1288 462 135 49 accepta
1386 462 196 49 appropriatur
1546 462 135 49 spiritu
1644 462 135 49 sancto.
1742 462 74 49 Et
1779 462 86 49 sic
1828 462 172 49 intellecit
1951 462 49 49 ma

1243 509 138 56 gister
1340 509 83 56 in
1381 509 124 56 primo
1463 509 124 56 dist.
1546 509 83 56 x.
1587 509 96 56 vbi
1642 509 179 56 attribuit
1780 509 96 56 hec
1835 509 110 56 tria
1890 509 110 56 nomina

1235 550 131 46 spiritu
1331 550 119 46 sancto
1414 550 107 46 vicem
1486 550 143 46 vnitatem
1593 550 179 46 sanctitatem
1736 550 72 46 et
1772 550 179 46 charitatem.
1916 550 84 46 Non
1951 550 60 46 est

1236 590 97 53 ergo
1296 590 72 53 in
1333 590 97 53 ista
1393 590 193 53 attributione
1550 590 145 53 vnitatis
1659 590 193 53 contradictio
1816 590 97 53 quia
1876 590 121 53 potest
1949 590 60 53 at-

1247 629 116 58 ribui
1324 629 142 58 spiritu
1428 629 129 58 sancto
1518 629 77 58 et
1557 629 116 58 etiam
1634 629 129 58 patri.
1724 629 142 58 diuerso
1827 629 103 58 modo
1879 629 129 58 accipien

1231 676 102 60 do
1282 676 102 60 vt
1333 676 186 60 patuit.
1468 676 118 60 Hec
1519 676 135 60 Guill.

1231 714 138 75 ¶
1287 714 276 75 Qualis
1480 714 194 75 est
1591 714 221 75 vnio
1729 714 276 75 amoris
1895 714 138 75 quo

1254 764 150 60 vniuntur
1366 764 100 60 tres
1429 764 138 60 persone
1529 764 150 60 divine:.
1641 764 188 60 Respondetur
1791 764 150 60 secundum
1904 764 113 60 Guil.
1966 764 50 60 in

1239 814 111 57 primo
1313 814 111 57 dist.
1387 814 74 57 ii
1424 814 210 57 difficultate.
1597 814 86 57 iii
1646 814 99 57 quod
1708 814 86 57 est
1758 814 99 57 amor
1819 814 185 57 tripliciter
1955 814 62 57 di-

1239 856 125 49 ctus.
1322 856 111 49 Unus
1391 856 97 49 est
1447 856 111 49 amor
1516 856 208 49 essentialis
1682 856 97 49 qui
1737 856 97 49 est
1793 856 83 49 in
1834 856 138 49 tribus
1917 856 97 49 sicut

1249 895 67 50 et
1282 895 145 50 essentia.
1394 895 134 50 Secundus
1495 895 78 50 est
1539 895 78 50 qui
1584 895 78 50 est
1629 895 67 50 in
1662 895 101 50 patre
1729 895 67 50 et
1763 895 101 50 filio
1830 895 134 50 spiritum
1919 895 101 50 sanctum

1250 942 241 56 producentibus.
1451 942 80 56 et
1491 942 148 56 vocatur
1598 942 107 56 amor
1665 942 107 56 iste
1732 942 161 56 spiratio
1853 942 148 56 actiua.
1947 942 67 56 Ita

1261 984 102 56 uod
1320 984 176 56 spiratio
1452 984 146 56 actiua
1554 984 102 56 est
1613 984 102 56 qua
1671 984 176 56 vniuntur
1803 984 132 56 quasi
1876 984 132 56 vinculo

1259 1020 140 52 amoris
1357 1020 126 52 pater
1441 1020 84 52 et
1484 1020 140 52 filius
1582 1020 84 52 in
1624 1020 211 52 productione
1792 1020 168 52 spiritus
1905 1020 112 52 sancti

1259 1070 156 49 Tertius
1372 1070 99 49 est
1429 1070 114 49 amor
1500 1070 99 49 qui
1557 1070 156 49 dicitur
1671 1070 171 49 spiratio
1799 1070 171 49 passiua.
1927 1070 85 49 et
1955 1070 57 49 in

1254 1111 102 51 sta
1313 1111 175 51 vniuntur
1444 1111 131 51 pater
1532 1111 88 51 et
1576 1111 146 51 filius
1678 1111 131 51 sicut
1766 1111 88 51 in
1809 1111 102 51 suo
1853 1111 161 51 producto-

1243 1145 118 55 Hec
1311 1145 169 55 Guill.
1429 1145 101 55 Ad
1480 1145 118 55 hec
1547 1145 169 55 latius
1666 1145 118 55 vbi
1734 1145 220 55 Diligere.
1903 1145 101 55 §.
1936 1145 85 55 ii.

1260 1201 126 72 ¶
1310 1201 152 72 An
1386 1201 227 72 omnia
1538 1201 202 72 sint
1664 1201 202 72 vnum
1790 1201 177 72 vel
1866 1201 177 72 habe-

1259 1260 89 57 ant
1310 1260 102 57 esse
1374 1260 102 57 vnum
1438 1260 141 57 propter
1540 1260 141 57 patrem.
1643 1260 166 57 similiter
1770 1260 77 57 et
1809 1260 115 57 omnia
1885 1260 102 57 sunt
1937 1260 89 57 equa-

1251 1306 97 50 lia
1307 1306 153 50 propter
1418 1306 139 50 filium
1515 1306 97 50 dei
1571 1306 83 50 ac
1612 1306 125 50 omnia
1696 1306 153 50 connexa
1807 1306 83 50 et
1848 1306 83 50 in
1876 1306 153 50 concordia

1249 1345 113 58 ppter
1325 1345 150 58 spiritum
1437 1345 150 58 sanctum.
1550 1345 100 58 Nota
1613 1345 75 58 de
1650 1345 88 58 hoc
1700 1345 100 58 quod
1763 1345 100 58 Aug.
1826 1345 75 58 in
1863 1345 113 58 primo
1926 1345 100 58 libro.

1256 1387 79 54 de
1295 1387 157 54 doctrina
1413 1387 183 54 christiana
1557 1387 144 54 videtur
1662 1387 131 54 dicere
1754 1387 105 54 quod
1819 1387 105 54 sic.
1885 1387 79 54 vt
1911 1387 105 54 allega

1249 1430 84 50 tur
1297 1430 60 50 a
1321 1430 145 50 magistro
1430 1430 72 50 in
1466 1430 109 50 primo
1538 1430 121 50 libro.
1623 1430 193 50 sententiarum
1780 1430 84 50 di.
1828 1430 109 50 xxxi.
1900 1430 109 50 Dicit
1961 1430 72 50 enim

1253 1471 108 51 sic.
1321 1471 81 51 In
1362 1471 122 51 patre
1443 1471 95 51 est
1497 1471 149 51 vnitas.
1606 1471 81 51 In
1647 1471 122 51 filio
1728 1471 176 51 equalitas
1863 1471 81 51 In
1890 1471 136 51 spiritu-

1251 1515 140 47 sancto
1349 1515 168 47 vnitatis
1476 1515 211 47 equalitatis
1644 1515 98 47 que
1700 1515 182 47 concordia
1841 1515 84 47 et
1883 1515 98 47 hec
1925 1515 98 47 tria-

1264 1558 99 54 vnum
1325 1558 111 54 omnia
1399 1558 136 54 propter
1498 1558 136 54 patrem:
1597 1558 136 54 equalia
1696 1558 111 54 omnia
1770 1558 136 54 propter
1869 1558 136 54 filium.
1955 1558 74 54 con-

1257 1595 91 52 nexa
1313 1595 102 52 omnia
1382 1595 125 52 propter
1472 1595 136 52 spiritum
1575 1595 136 52 sanctum.
1677 1595 79 52 Hec
1722 1595 159 52 Augustinus
1847 1595 68 52 et
1881 1595 136 52 magister
1972 1595 68 52 ibi.

1251 1648 103 44 Sed
1310 1648 161 44 quomodo
1427 1648 103 44 hec
1486 1648 191 44 intelligi
1633 1648 161 44 debeant
1750 1648 161 44 Bonauen
1868 1648 161 44 ibidem.
1970 1648 59 44 q.

1257 1686 109 47 vlti.
1330 1686 109 47 arti.
1402 1686 97 47 vlt.
1463 1686 109 47 dicit
1535 1686 97 47 quod
1596 1686 73 47 si
1632 1686 157 47 accipitur
1753 1686 73 47 vt
1790 1686 73 47 ly
1826 1686 109 47 omnia
1887 1686 145 47 distribuat

1252 1723 94 57 pro
1305 1723 161 57 creatis.
1426 1723 108 57 tunc
1494 1723 81 57 ly
1534 1723 148 57 propter
1642 1723 121 57 dicit
1723 1723 135 57 causam
1817 1723 175 57 formalem.
1938 1723 94 57 Exen-

1267 1769 122 47 larem
1349 1769 163 47 secundum
1471 1769 95 47 rem
1525 1769 81 47 et
1565 1769 257 47 appropriationem
1782 1769 108 47 quia
1850 1769 122 47 omnis
1918 1769 108 47 vnitas

1240 1804 147 54 habet
1337 1804 196 54 exemplar
1484 1804 98 54 in
1533 1804 179 54 vnitate
1663 1804 179 54 patris.
1794 1804 98 54 et
1843 1804 147 54 omnis
1924 1804 114 54 equa-

1246 1845 113 56 litas
1322 1845 75 56 in
1359 1845 175 56 equalitate
1497 1845 125 56 filii.
1585 1845 75 56 et
1622 1845 163 56 concordia
1747 1845 75 56 in
1785 1845 138 56 spiritu
1885 1845 138 56 sancto.
1973 1845 50 56 Si

1246 1897 125 43 autem
1329 1897 83 43 ly
1371 1897 125 43 omnia
1454 1897 194 43 distribuit
1606 1897 97 43 pro
1661 1897 152 43 creatis
1772 1897 83 43 et
1814 1897 194 43 increatis:
1952 1897 83 43 tunc

1253 1932 77 62 ly
1292 1932 140 62 propter
1394 1932 115 62 dicit
1470 1932 128 62 causam
1560 1932 153 62 formalem
1675 1932 166 62 exemplar.
1802 1932 153 62 secundum
1904 1932 128 62 rationem

1240 1979 234 47 intelligendi
1431 1979 234 47 appropriatam
1621 1979 219 47 tantummodo.
1796 1979 117 47 quia
1855 1979 190 47 intellectus

1252 2020 142 48 noster
1351 2020 99 48 non
1408 2020 198 48 intelligit
1563 2020 212 48 equalitatem
1733 2020 85 48 in
1776 2020 127 48 patre
1861 2020 113 48 nisi
1918 2020 127 48 propter

1248 2062 107 47 hoc
1309 2062 123 47 quod
1386 2062 138 47 habet
1477 2062 153 47 filium
1585 2062 107 47 per
1646 2062 138 47 omnia
1738 2062 230 47 exprimentem
1906 2062 138 47 naturam

1253 2103 80 49 et
1293 2103 174 49 potentiam
1426 2103 80 49 in
1466 2103 200 49 equalitate.
1627 2103 174 49 similiter
1760 2103 80 49 et
1800 2103 80 49 de
1841 2103 134 49 aliis.
1921 2103 120 49 Denique

1245 2144 87 47 si
1289 2144 87 47 ly
1333 2144 160 47 propter
1449 2144 131 47 dicit
1536 2144 145 47 causam
1638 2144 218 47 efficientem
1812 2144 102 47 vel
1871 2144 160 47 finalem
1972 2144 73 47 cum

1246 2186 118 49 tota
1320 2186 178 49 trinitas
1453 2186 104 49 sit
1512 2186 133 49 causa
1601 2186 192 49 efficiens
1749 2186 89 49 et
1794 2186 133 49 finis
1882 2186 133 49 omnis
1956 2186 89 49 rei.

1254 2231 118 54 Ideo
1328 2231 89 54 vt
1373 2231 104 54 sic
1432 2231 104 54 tam
1491 2231 148 54 vnitas
1595 2231 118 54 quam
1669 2231 193 54 equalitas
1817 2231 118 54 quam
1876 2231 163 54 concordia

1245 2267 88 58 est
1296 2267 88 58 tam
1346 2267 138 58 propter
1447 2267 126 58 patrem
1535 2267 101 58 quam
1598 2267 138 58 propter
1698 2267 126 58 filium
1786 2267 75 58 et
1824 2267 151 58 spiritum
1925 2267 113 58 sanctum

1245 2310 121 61 Hec
1314 2310 208 61 Bonauen.
1470 2310 104 61 Ad
1522 2310 139 61 idem
1609 2310 139 61 Tho.
1695 2310 156 61 ibide
1799 2310 191 61 concor.
1921 2310 121 61 dicit

1243 2353 121 52 quod
1318 2353 136 52 exquo
1409 2353 151 52 vnitas
1515 2353 106 52 est
1575 2353 212 52 principium
1742 2353 166 52 numeri.
1863 2353 91 52 et
1908 2353 91 52 in
1938 2353 106 52 patre

1247 2395 135 48 statim
1341 2395 175 48 inuenitur
1475 2395 121 48 ratio
1556 2395 175 48 principii
1691 2395 135 48 primi.
1785 2395 94 48 Ion
1839 2395 148 48 propter
1933 2395 108 48 patrem

1243 2440 103 45 in
1294 2440 120 45 quo
1363 2440 154 45 primo
1466 2440 171 45 vnitas
1585 2440 223 45 inuenitur
1757 2440 206 45 secundum
1894 2440 154 45 ordinem

1242 2474 179 52 nature
1367 2474 161 52 omnia
1475 2474 215 52 dicuntur
1636 2474 161 52 vnum.
1744 2474 143 52 Item
1833 2474 143 52 quia
1905 2474 143 52 filius

1248 2516 138 59 primo
1340 2516 184 59 procedit
1478 2516 77 59 a
1509 2516 138 59 patre
1601 2516 154 59 alius.
1708 2516 92 59 Et
1754 2516 107 59 sic
1816 2516 200 59 equalitas
1954 2516 92 59 prie

1248 2565 90 48 mo
1293 2565 90 48 in
1338 2565 136 48 ipsis
1429 2565 151 48 duobus
1534 2565 196 48 reperitur
1685 2565 121 48 quia
1761 2565 151 48 filius
1866 2565 136 48 primo
1941 2565 106 48 omnim

1248 2598 138 54 adequatur
1355 2598 106 54 patri.
1429 2598 85 54 ergo
1482 2598 96 54 omnia
1546 2598 117 54 propter
1631 2598 106 54 filium
1705 2598 85 54 sunt
1758 2598 85 54 equa
1811 2598 85 54 lia.
1864 2598 85 54 Item
1917 2598 85 54 quia
1960 2598 106 54 spiritus

1237 2644 149 60 sanctus
1346 2644 122 60 primo
1427 2644 162 60 procedit
1549 2644 81 60 vt
1589 2644 108 60 amor
1657 2644 95 60 qui
1711 2644 122 60 habet
1792 2644 149 60 nectere
1901 2644 95 60 per
1941 2644 122 60 concor-

1247 2685 99 63 diam.
1313 2685 88 63 ergo
1368 2685 99 63 omnia
1435 2685 121 63 propter
1523 2685 132 63 spiritum
1622 2685 121 63 sanctum
1710 2685 88 63 sunt
1766 2685 110 63 conexa
1832 2685 66 63 etc.
