2232 3313
154 294 120 68 omns
229 294 165 68 homines
349 294 150 68 saluos
453 294 150 68 fiexi:
558 294 90 68 et
603 294 135 68 regno
693 294 105 68 suo
752 294 165 68 potiri.
857 294 75 68 Non

154 360 137 42 enim
240 360 103 42 ad
291 360 223 42 puniendum
462 360 223 42 plasmauit
634 360 120 42 nos
702 360 154 42 deus:
805 360 120 42 sed
856 360 69 42 ad

171 393 268 51 participandum
392 393 205 51 bonitatem
550 393 126 51 eius
629 393 95 51 vt
676 393 158 51 bonus.
786 393 126 51 Deus
849 393 95 51 enim

165 440 123 54 bona
241 440 153 54 nostra
349 440 245 54 antecedenter
548 440 138 54 vult.
640 440 107 54 Sed
701 440 199 54 peccantes
839 440 92 54 vuli

165 480 149 53 puniri
269 480 89 53 vt
314 480 164 53 iustus.
433 480 89 53 et
478 480 104 53 hec
538 480 104 53 est
597 480 179 53 voluntas
731 480 209 53 consequens
880 480 60 53 ex

160 524 145 53 nostra
262 524 145 53 causa.
364 524 102 53 Hec
422 524 174 53 Damasce.
552 524 87 53 Et
596 524 102 53 sic
654 524 131 53 patet
741 524 174 53 secundum
857 524 87 53 eun-

167 564 100 46 dem
224 564 114 46 quod
295 564 185 46 intelligi
437 564 128 46 debet
522 564 114 46 sic.
594 564 114 46 quod
665 564 114 46 deus
736 564 185 46 voluntate
864 564 71 46 an-

163 606 183 47 tecedete
300 606 122 47 vult
376 606 122 47 omns
453 606 183 47 saluari:
590 606 198 47 inquantum
743 606 107 47 dat
789 606 137 47 omnibus

162 645 203 48 hominibus
319 645 141 48 leges
413 645 141 48 bonas
507 645 219 48 dirigentes
679 645 94 48 ad
726 645 188 48 salutem.
851 645 78 48 sed

169 687 197 49 voluntate
320 687 227 49 consequenti
502 687 106 49 qua
563 687 151 49 pensat
668 687 151 49 merita
774 687 91 49 et
805 687 136 49 demeri-

165 737 111 42 ta.
229 737 111 42 non
292 737 127 42 vult
372 737 143 42 omnes
467 737 191 42 saluari.
610 737 111 42 imo
674 737 127 42 vult
753 737 143 42 iuste
833 737 111 42 malos

166 774 169 50 puniri.
289 774 77 50 ¶
319 774 169 50 Secunda
442 774 200 50 expositio
596 774 108 50 est
657 774 138 50 Augu.
749 774 138 50 libro
841 774 92 50 de
872 774 77 50 vo-

167 818 155 46 catione
280 818 197 46 sanctorum.
434 818 113 46 quod
505 818 99 46 ibi
561 818 99 46 est
617 818 211 46 distributio
772 818 169 46 accommoda.

170 856 143 48 scilicet
278 856 84 48 pro
325 856 84 48 his
373 856 143 48 homnibus
481 856 84 48 qui
529 856 167 48 saluantur.
660 856 72 48 et
696 856 84 48 sic
744 856 120 48 sensus
827 856 96 48 est.
875 856 60 48 De-

159 898 97 43 us
207 898 130 43 vult
288 898 146 43 omnes
386 898 178 43 homines
515 898 195 43 saluari.
661 898 97 43 id
710 898 113 43 est
775 898 146 43 omnes
856 898 81 43 qui

172 941 191 42 saluantur
319 941 191 42 voluntate
466 941 117 42 dei:
539 941 205 42 saluantur.
700 941 132 42 sicut
788 941 132 42 etiam
862 941 73 42 Io-

164 982 161 53 primo.
277 982 113 53 Qui
341 982 209 53 illuminat
502 982 145 53 omnem
599 982 177 53 hominem
728 982 209 53 venientem
873 982 64 53 in

164 1029 184 55 mundum.
298 1029 84 55 ¶
331 1029 167 55 Tertia
448 1029 217 55 expositio
616 1029 117 55 est
683 1029 201 55 Augusti.
833 1029 100 55 in
866 1029 84 55 En-

167 1067 146 56 chirid.
273 1067 79 56 vt
312 1067 106 56 fiat
379 1067 199 56 distributio
538 1067 93 56 pro
591 1067 172 56 generibus
723 1067 199 56 singulorum.
869 1067 66 56 non

179 1113 169 48 psingulis
309 1113 156 48 generum.
426 1113 117 48 sicut
504 1113 78 48 in
543 1113 104 48 illo
609 1113 182 48 sophismate
752 1113 78 48 Oe
791 1113 130 48 animal
869 1113 78 48 fuit

175 1152 147 49 inarca
278 1152 132 49 None.
366 1152 147 49 sensus
469 1152 103 49 est
527 1152 88 49 De
572 1152 176 49 qualibet
704 1152 147 49 genere
806 1152 103 49 vel
850 1152 103 49 statu

166 1193 151 66 hominum
276 1193 151 66 aliquos
386 1193 151 66 saluari
496 1193 110 66 vult
565 1193 124 66 deus.
648 1193 179 66 Expositio
785 1193 124 66 tamen
854 1193 96 66 prae-

159 1235 180 64 ualuit
285 1235 162 64 prima
393 1235 144 64 apud
483 1235 234 64 magistros
644 1235 180 64 nostros.

151 1271 113 82 ¶
197 1271 158 82 Sed
287 1271 136 82 an
355 1271 181 82 ista
468 1271 204 82 simul
604 1271 204 82 stare
717 1271 226 82 possint.

182 1336 175 53 videlicet
316 1336 108 53 Deus
384 1336 108 53 vult
451 1336 121 53 omnes
532 1336 148 53 homines
639 1336 135 53 saluos
734 1336 135 53 fieri.
828 1336 81 53 et
855 1336 94 53 tamen

181 1381 100 44 non
238 1381 128 44 omnes
323 1381 228 44 saluabuntur:
509 1381 100 44 sed
566 1381 143 44 paucos
666 1381 114 44 vult
737 1381 114 44 deus
794 1381 143 44 eligere-

183 1421 73 48 vt
219 1421 147 48 vtrumque
329 1421 110 48 ponit
403 1421 171 48 scriptura.
537 1421 122 48 sicut.
622 1421 122 48 supra.
708 1421 85 48 est
757 1421 147 48 argutum.
854 1421 98 48 Dicen-

174 1466 83 51 dum
222 1466 143 51 secundum
329 1466 107 51 Guil.
400 1466 71 51 e.
436 1466 83 51 di.
483 1466 71 51 xl
519 1466 83 51 vi.
566 1466 71 51 in
602 1466 119 51 solum.
685 1466 166 51 argumenti.
816 1466 95 51 iii.
864 1466 71 51 quod

174 1505 100 44 sic.
236 1505 100 44 quia
298 1505 150 44 voluntas
411 1505 175 44 antecedens
548 1505 125 44 semper
635 1505 87 44 est
685 1505 200 44 condicionata
835 1505 112 44 inquit.

174 1549 93 50 hoc
227 1549 107 50 est.
294 1549 107 50 vult
360 1549 133 50 omnens
453 1549 146 50 homines
560 1549 133 50 saluos
653 1549 133 50 fieri:
746 1549 80 50 si
786 1549 146 50 faciant
893 1549 80 50 ad

179 1588 113 47 quod
250 1588 184 47 tenentur.
391 1588 85 47 et
434 1588 99 47 sic
491 1588 99 47 non
547 1588 142 47 currit
646 1588 198 47 argumentum
802 1588 128 47 tale.
873 1588 71 47 Hec

172 1633 134 48 Guil.
261 1633 89 48 Si
306 1633 134 48 petas
395 1633 134 48 quali
484 1633 193 48 voluntate
632 1633 148 48 eligit
736 1633 119 48 deus
810 1633 119 48 hunc
870 1633 74 48 vel

177 1673 105 58 illum
247 1673 70 58 ad
282 1673 139 58 salutem.
387 1673 139 58 Dicendum
491 1673 81 58 est
538 1673 93 58 quod
596 1673 151 58 voluntate
712 1673 174 58 consequente
851 1673 93 58 quae
898 1673 58 58 est

187 1717 165 63 voluntas
311 1717 220 63 determinata:
490 1717 83 63 et
531 1717 96 63 non
586 1717 179 63 ancedente
724 1717 110 63 quae
793 1717 96 63 est
834 1717 110 63 condi-

188 1760 158 69 tionata.
306 1760 158 69 secundum
425 1760 145 69 Scotor.
530 1760 118 69 Patet
609 1760 79 69 in
635 1760 184 69 sequentibus.

179 1801 110 79 ¶
223 1801 175 79 Qumo
332 1801 131 79 in
398 1801 153 79 deo
486 1801 241 79 dicitur
661 1801 263 79 voluntas
836 1801 110 79 an-

186 1866 165 62 lecedens.
313 1866 102 62 Nota
377 1866 153 62 secundum
491 1866 127 62 Guill.
580 1866 114 62 supra
657 1866 102 62 quod
720 1866 153 62 voluntas
822 1866 127 62 ancedens

175 1912 123 53 dicitur
264 1912 112 53 abante
343 1912 67 53 et
376 1912 112 53 cedens
455 1912 67 53 id
488 1912 78 53 est
533 1912 101 53 prius
600 1912 123 53 cedens.
689 1912 67 53 Et
723 1912 168 53 tripliciter
846 1912 112 53 dicitur.

218 1955 95 52 Uno
273 1955 109 52 modo
341 1955 150 52 dicitur
450 1955 164 52 voluntas
573 1955 164 52 ancedens
696 1955 109 52 ipsa
764 1955 136 52 divina
846 1955 95 52 volun

183 1998 91 47 tas
235 1998 78 47 in
274 1998 104 47 illo
338 1998 129 47 priori
429 1998 117 47 signo
507 1998 129 47 nature
597 1998 91 47 qua
649 1998 207 47 intelligitur
805 1998 142 47 praecede-

184 2038 135 48 resuam
279 2038 203 48 volitionem.
442 2038 81 48 et
482 2038 135 48 cetera
577 2038 108 48 quae
645 2038 81 48 in
685 2038 190 48 diuinitate
834 2038 108 48 post
888 2038 68 48 eum

183 2078 235 49 intelliguntur.
379 2078 78 49 et
418 2078 104 49 tunc
483 2078 78 49 ly
522 2078 104 49 ante
588 2078 144 49 capitur
692 2078 131 49 large:
783 2078 78 49 vt
822 2078 78 49 se
849 2078 104 49 exten-

181 2120 100 49 dit
238 2120 86 49 ad
281 2120 115 49 ante
353 2120 143 49 nature
453 2120 86 49 et
496 2120 186 49 temporis.
640 2120 158 49 Exanmen
754 2120 86 49 de
797 2120 115 49 ante
855 2120 100 49 natu-

184 2164 80 51 re.
229 2164 103 51 sicut
298 2164 126 51 dicitur
389 2164 91 51 quod
446 2164 91 51 ante
503 2164 183 51 productionem
652 2164 114 51 sancti
732 2164 137 51 spiritus
823 2164 126 51 completur

180 2209 109 43 filii
252 2209 157 43 gignitio.
373 2209 85 43 sed
422 2209 72 43 de
458 2209 97 43 ante
518 2209 145 43 temporis
627 2209 133 43 Exntum.
723 2209 109 43 Sicut
796 2209 133 43 dicitur
881 2209 72 43 quod

183 2246 117 62 ante
257 2246 191 62 creaturam
403 2246 161 62 ancedit
521 2246 176 62 voluntas
653 2246 117 62 dei.
726 2246 73 62 ¶
755 2246 161 62 Secundo
858 2246 88 62 modo

188 2290 107 53 ergo
254 2290 147 53 dicitur
361 2290 160 53 voluntas
482 2290 187 53 antecedens
628 2290 160 53 respectu
749 2290 187 53 cuiuslibet
882 2290 67 53 cre

191 2335 143 42 ature.
291 2335 114 42 quia
362 2335 171 42 voluntas
490 2335 100 42 dei
547 2335 100 42 est
605 2335 86 42 ab
647 2335 157 42 eterno:
762 2335 100 42 sed
804 2335 143 42 creatura

175 2378 122 52 ineuo
257 2378 95 52 vel
311 2378 163 52 tempore.
434 2378 82 52 De
475 2378 109 52 ista
543 2378 163 52 loquitur
665 2378 109 52 Aug.
733 2378 82 52 ad
774 2378 150 52 Orosium
869 2378 82 52 cont

182 2418 118 49 eos
250 2418 118 49 qui
317 2418 203 49 ponebant
469 2418 236 49 voluntatem
655 2418 236 49 antecedere
841 2418 101 49 in
875 2418 84 49 deo

179 2459 195 51 sapientiam.
335 2459 91 51 vbi
387 2459 130 51 dicit.
478 2459 169 51 Uoluntate
607 2459 130 51 genuit
698 2459 117 51 pater
776 2459 130 51 filium
867 2459 91 51 vel
906 2459 52 51 ne

185 2501 193 53 cessitate.
337 2501 97 53 Nec
392 2501 180 53 voluntate
531 2501 97 53 nec
586 2501 221 53 necessitate.
766 2501 111 53 quia
821 2501 138 53 necessi-

180 2545 86 49 tas
229 2545 74 49 in
266 2545 86 49 deo
316 2545 86 49 non
365 2545 99 49 est.
427 2545 74 49 Et
464 2545 136 49 praeire
563 2545 173 49 sapientiam
699 2545 148 49 voluntas
810 2545 86 49 non
847 2545 111 49 potest.

183 2585 169 62 videlicet
313 2585 208 62 praecessione
482 2585 169 62 temporis.
611 2585 117 62 sicut
689 2585 169 62 praecedit
806 2585 156 62 creaturam.

190 2626 72 60 ¶
218 2626 143 60 Tertio
318 2626 114 60 modo
390 2626 157 60 dicitur
504 2626 172 60 voluntas
633 2626 186 60 ancedens.
776 2626 86 60 vt
805 2626 157 60 opponitur

178 2666 191 57 voluntati
325 2666 235 57 consequenti.
517 2666 88 57 Et
561 2666 103 57 hec
620 2666 103 57 est
678 2666 177 57 respectu
796 2666 162 57 angelorum

181 2707 75 76 et
218 2707 138 76 hominum
318 2707 100 76 quod
381 2707 150 76 scilicet
493 2707 113 76 eorum
568 2707 88 76 non
618 2707 200 76 consideratis
781 2707 150 76 propriis
881 2707 88 76 meri

1004 280 96 82 tis
1059 280 96 82 aut
1114 280 178 82 demeritis
1251 280 110 82 vult
1319 280 110 82 deus
1388 280 123 82 eorum
1470 280 151 82 salutem
1580 280 82 82 Et
1621 280 110 82 ideo
1676 280 123 82 dicitur

992 349 196 57 ancedens
1139 349 196 57 voluntas
1286 349 131 57 quia
1368 349 196 57 acceptat
1515 349 180 57 naturam
1646 349 114 57 que
1695 349 98 57 prae

1005 395 136 43 cedit
1095 395 151 43 merita
1201 395 91 43 et
1246 395 196 43 demerita.
1397 395 91 43 et
1443 395 106 43 sic
1503 395 106 43 hac
1564 395 196 43 voluntate
1699 395 91 43 deus

1001 438 126 47 vult
1080 438 142 47 omnes
1175 438 189 47 angelos:
1316 438 95 47 et
1364 438 142 47 omnes
1458 438 173 47 homines
1584 438 158 47 saluos
1679 438 110 47 fieri

997 476 126 48 iuxta
1081 476 126 48 illud
1166 476 112 48 Sap.
1236 476 98 48 xi.
1292 476 155 48 Diligis
1405 476 126 48 omnia
1489 476 84 48 et
1531 476 183 48 misereris
1672 476 126 48 omnim
1742 476 56 48 et

1000 516 128 73 nihil
1085 516 142 73 odisti
1184 516 128 73 eorum
1269 516 99 73 que
1326 516 156 73 fecisti
1439 516 156 73 domine.
1552 516 99 73 Hec
1595 516 99 73 Guil.

1047 561 111 71 ¶
1091 561 155 71 Quo
1180 561 155 71 aut
1268 561 243 71 dicitur
1445 561 133 71 in
1511 561 155 71 deo
1578 561 221 71 voluntas

1018 612 130 62 plequens
1116 612 87 62 nota
1170 612 130 62 secundum
1267 612 65 62 e.
1300 612 97 62 Guil.
1365 612 65 62 e.
1397 612 76 62 di.
1441 612 65 62 xl
1473 612 76 62 vi.
1516 612 87 62 quod
1571 612 162 62 tripliciter
1690 612 108 62 dicitur.

1009 665 87 50 ¶
1043 665 121 50 Uno
1113 665 139 50 modo
1199 665 139 50 ipsa
1286 665 173 50 diuina
1408 665 191 50 volitio
1546 665 121 50 que
1616 665 173 50 ordine
1720 665 69 50 na

1009 705 111 51 ture
1079 705 209 51 consequitur
1246 705 181 51 voluntate
1385 705 167 51 diuinam.
1510 705 97 51 que
1566 705 153 51 dicitur
1664 705 125 51 volitio

1011 750 117 51 quia
1084 750 102 51 est
1143 750 131 51 actus
1230 750 204 51 voluntatis
1391 750 160 51 divine.
1507 750 88 51 Et
1551 750 160 51 dicitur
1653 750 146 51 voluntas

1009 798 218 47 consequens.
1184 798 117 47 Quod
1257 798 131 47 autem
1344 798 160 47 volitio
1461 798 160 47 dicatur
1578 798 175 47 voluntas
1694 798 102 47 patet

1016 835 95 43 per
1071 835 109 43 Aug.
1139 835 122 43 primo
1220 835 177 43 retracta.
1356 835 81 43 c.
1397 835 122 43 xxii.
1478 835 136 43 dicit.
1573 835 122 43 Nihil
1655 835 95 43 est
1709 835 95 43 tam
1750 835 54 43 in

1019 877 156 52 pontante
1136 877 182 52 voluntatis
1279 877 104 52 quam
1344 877 104 52 ipsa
1409 877 156 52 voluntas
1525 877 78 52 id
1564 877 91 52 est
1616 877 156 52 volitio.
1733 877 65 52 ¶
1746 877 52 52 Se

1014 913 137 66 tundo
1105 913 168 66 dicitur
1228 913 183 66 voluntas
1365 913 214 66 consequens
1533 913 122 66 ipsa
1594 913 214 66 complacentia

1013 962 99 46 dei
1069 962 85 46 in
1112 962 113 46 esse
1182 962 127 46 rerum
1267 962 155 46 actuali
1379 962 127 46 iuxta
1464 962 127 46 illud
1548 962 155 46 prouer.
1661 962 127 46 viii.
1732 962 70 46 De-

1004 998 123 54 licie
1086 998 95 54 mee
1141 998 109 54 esse
1209 998 95 54 cum
1263 998 136 54 filiis
1359 998 163 54 hominim.
1481 998 82 54 Et
1522 998 95 54 hec
1576 998 163 54 voluntas
1685 998 123 54 dicitur

1014 1039 216 56 consequens
1184 1039 124 56 quia
1261 1039 124 56 ista
1338 1039 247 56 complacentia
1539 1039 93 56 ex
1586 1039 124 56 modo
1647 1039 155 56 loquendi

1021 1091 127 47 quasi
1105 1091 211 47 consequitur
1274 1091 113 47 esse
1345 1091 127 47 rerum
1429 1091 155 47 actuale
1542 1091 127 47 licet
1626 1091 99 47 non
1682 1091 70 47 a
1696 1091 99 47 parte

1014 1129 116 53 rei.
1087 1129 73 53 ¶
1116 1129 174 53 Tertious
1247 1129 160 53 dicitur
1363 1129 174 53 voluntas
1494 1129 203 53 consequens
1654 1129 87 53 vt
1683 1129 116 53 opponi

1015 1170 102 51 tur
1074 1170 189 51 voluntati
1219 1170 232 51 antecedenti.
1407 1170 87 51 Et
1451 1170 174 51 secundum
1581 1170 203 51 Damascenum
1726 1170 73 51 est

998 1218 128 46 illa
1078 1218 192 46 voluntas
1222 1218 160 46 diuina
1334 1218 112 46 que
1398 1218 160 46 pensat
1511 1218 112 46 aut
1575 1218 144 46 penam
1671 1218 112 46 aut
1719 1218 80 46 glo

1001 1254 103 53 riam
1065 1254 154 53 secundum
1181 1254 129 53 merita
1271 1254 90 53 vel
1322 1254 167 53 demerita.
1451 1254 77 53 Et
1490 1254 103 53 ideo
1554 1254 141 53 dicitur
1644 1254 154 53 consequens

1014 1292 124 56 quia
1091 1292 140 56 quasi
1184 1292 233 56 consequitur
1370 1292 155 56 merita
1479 1292 93 56 vt
1525 1292 155 56 puniat
1634 1292 109 56 aut
1680 1292 124 56 premi-

1012 1337 81 52 et
1053 1337 68 52 ¶
1080 1337 81 52 Ad
1121 1337 95 52 hec
1175 1337 162 52 Exemplum
1297 1337 162 52 secundum
1418 1337 108 52 doc.
1486 1337 135 52 subti.
1581 1337 122 52 eadem
1662 1337 95 52 di.
1716 1337 81 52 xl
1743 1337 54 52 vi

1008 1385 134 48 primi
1097 1385 89 48 et
1142 1385 134 48 etiam
1231 1385 134 48 Rich.
1320 1385 104 48 sit
1379 1385 104 48 Rex
1439 1385 104 48 qui
1498 1385 104 48 dat
1557 1385 134 48 regno
1647 1385 104 48 suo
1691 1385 104 48 opti-

1002 1419 125 52 mas
1074 1419 161 52 leges
1181 1419 125 52 pro
1253 1419 269 52 conseruanda
1468 1419 161 52 pace.
1575 1419 143 52 Tunc
1647 1419 161 52 dicimus

1022 1462 108 57 quod
1089 1462 94 57 rex
1143 1462 108 57 iste
1210 1462 175 57 voluntate
1345 1462 202 57 antecedente
1507 1462 81 57 id
1548 1462 94 57 est
1602 1462 148 57 quantum
1710 1462 94 57 est
1750 1462 54 57 ex

1018 1505 85 53 se
1060 1505 113 53 vult
1131 1505 127 53 pacem
1215 1505 127 53 omnim
1300 1505 85 53 et
1342 1505 183 53 iusticiam
1483 1505 85 53 in
1526 1505 127 53 regno
1610 1505 99 53 suo
1653 1505 155 53 degentium

1013 1551 127 48 Sint
1092 1551 158 48 aliqui
1203 1551 111 48 qui
1267 1551 143 48 latro
1362 1551 143 48 cinia
1457 1551 95 48 et
1504 1551 143 48 furta
1599 1551 174 48 faciant
1710 1551 95 48 Tunc

1023 1593 89 50 rex
1074 1593 114 50 istas
1150 1593 165 50 voluntate
1277 1593 191 50 consequente
1430 1593 102 50 vult
1493 1593 127 50 occidi
1582 1593 76 50 et
1620 1593 89 50 non
1671 1593 127 50 habere
1747 1593 51 50 pa

1012 1633 101 50 cem.
1075 1633 101 50 quia
1139 1633 101 50 enim
1202 1633 164 50 turbarunt
1328 1633 114 50 pacem
1403 1633 139 50 aliorum
1504 1633 101 50 vult
1567 1633 88 50 eos
1618 1633 126 50 pumiri
1693 1633 114 50 volunta

1007 1675 76 47 te
1045 1675 190 47 consequente
1197 1675 101 47 quae
1261 1675 190 47 consequitur
1413 1675 114 47 legis
1488 1675 177 47 positionem
1628 1675 89 47 Sic
1678 1675 76 47 in
1704 1675 101 47 propo-

1002 1716 110 62 sito
1071 1716 82 62 de
1112 1716 96 62 deo
1167 1716 151 62 applica
1277 1716 110 62 etc.
1345 1716 69 62 ¶
1373 1716 123 62 Notam
1455 1716 123 62 tamen
1537 1716 165 62 secundum
1661 1716 123 62 Bona.
1729 1716 69 62 ea.

1012 1754 99 54 di.
1068 1754 85 54 et
1111 1754 113 54 Tho.
1182 1754 113 54 quod
1253 1754 198 54 consequens
1408 1754 170 54 voluntas
1536 1754 85 54 in
1578 1754 99 54 deo
1635 1754 99 54 non
1692 1754 99 54 est
1734 1754 71 54 sic

1017 1801 229 49 intelligenda
1203 1801 115 49 quod
1274 1801 172 49 sequatur
1403 1801 143 49 merita
1503 1801 86 49 et
1546 1801 172 49 demerita
1661 1801 143 49 hominim.

1017 1843 106 54 Cum
1078 1843 106 54 sit
1138 1843 91 54 in
1184 1843 106 54 deo
1245 1843 152 54 eterna
1351 1843 182 54 voluntas
1488 1843 228 54 consequens:
1670 1843 106 54 qua
1716 1843 91 54 deus

1029 1884 116 49 vult
1102 1884 145 49 aliqua
1204 1884 174 49 secundum
1334 1884 174 49 presciam
1465 1884 189 49 meritorum
1610 1884 102 49 vel
1653 1884 160 49 demerito-

1014 1927 107 51 rum.
1081 1927 94 51 Sed
1134 1927 228 51 intelligendum
1322 1927 94 51 est
1375 1927 107 51 quod
1442 1927 147 51 dicitur
1549 1927 161 51 voluntas
1656 1927 161 51 consequens

1012 1968 85 48 eo
1054 1968 113 48 quod
1125 1968 212 48 presupponit
1295 1968 198 48 praesnciam
1450 1968 141 48 operum
1549 1968 99 48 non
1606 1968 141 48 tanque
1691 1968 113 48 causam

1024 2012 205 53 voluntatis
1186 2012 103 53 dei
1244 2012 103 53 sed
1303 2012 132 53 quasi
1391 2012 176 53 rationem
1523 2012 147 53 voliti
1611 2012 205 53 consecutiuam

1018 2054 106 64 quia
1084 2054 80 64 ex
1124 2054 106 64 mera
1191 2054 133 64 gratia
1284 2054 93 64 est
1337 2054 146 64 electio
1443 2054 133 64 diuine
1523 2054 266 64 praedestinationis.

1027 2101 123 75 ¶
1077 2101 296 75 Qualiter
1299 2101 247 75 itaque
1472 2101 296 75 voluntas
1669 2101 148 75 diui

1017 2159 98 55 na
1066 2159 228 55 antecedens
1245 2159 195 55 differat
1391 2159 81 55 a
1424 2159 244 55 consequente
1619 2159 130 55 etc.
1700 2159 81 55 ¶
1716 2159 98 55 Nota

1019 2212 170 45 secundum
1147 2212 142 45 varios
1246 2212 114 45 doc.
1317 2212 128 45 Primo
1402 2212 170 45 secundum
1530 2212 128 45 Fran.
1615 2212 128 45 maro.
1700 2212 85 45 in
1729 2212 85 45 con-

1020 2249 108 52 fla.
1087 2249 121 52 primi
1168 2249 94 52 di.
1222 2249 81 52 xl
1262 2249 81 52 v.
1302 2249 81 52 q.
1343 2249 108 52 iii.
1410 2249 94 52 ar.
1464 2249 81 52 ii
1504 2249 108 52 quod
1572 2249 162 52 Uoluntas
1679 2249 135 52 ancedens

1026 2292 128 47 icitur
1116 2292 115 47 prout
1193 2292 154 47 refertur
1308 2292 115 47 super
1385 2292 103 47 rlas
1449 2292 154 47 iusticie
1564 2292 77 47 in
1603 2292 192 47 vniuersali.
1744 2292 64 47 Uo-

1026 2330 130 60 luntas
1117 2330 104 60 vero
1182 2330 182 60 consequens
1324 2330 143 60 dicitur
1428 2330 117 60 eadem
1506 2330 156 60 voluntas
1623 2330 117 60 prout
1687 2330 130 60 refertur

1032 2375 98 54 uper
1093 2375 160 54 huiusmodi
1216 2375 123 54 regula
1302 2375 74 54 in
1338 2375 184 54 particulari
1486 2375 74 54 et
1523 2375 184 54 efficientur
1670 2375 86 54 Exm
1707 2375 110 54 Uolunta

1019 2416 76 52 te
1057 2416 165 52 ancedente
1184 2416 101 52 deus
1247 2416 114 52 omnes
1323 2416 101 52 vult
1387 2416 139 52 saluari
1488 2416 139 52 quantum
1590 2416 89 52 est
1640 2416 76 52 de
1678 2416 76 52 se
1716 2416 89 52 per
1754 2416 51 52 re

1023 2462 115 54 gulas
1100 2462 154 54 iusticie
1215 2462 77 54 in
1254 2462 103 54 veli
1318 2462 115 54 datas
1395 2462 154 54 omnibus.
1510 2462 90 54 Sed
1561 2462 103 54 quia
1626 2462 179 54 praesciuit
1754 2462 51 54 ab

1028 2501 121 53 eterno
1113 2501 97 53 quod
1173 2501 194 53 particulares
1330 2501 121 53 muilti
1415 2501 157 53 peccabunt
1536 2501 73 53 et
1572 2501 85 53 non
1621 2501 133 53 faciunt
1717 2501 73 53 ea
1741 2501 73 53 quae

1035 2540 162 48 beberent
1156 2540 81 48 ad
1196 2540 162 48 salutem.
1318 2540 108 48 vult
1385 2540 121 48 tales
1466 2540 216 48 consequenter
1642 2540 148 48 damnare
1750 2540 67 48 ¶
1763 2540 54 48 Se

1026 2587 121 50 cundo
1106 2587 162 50 secundum
1228 2587 108 50 Bon.
1295 2587 162 50 Uoluntas
1416 2587 121 50 aneas
1497 2587 94 50 est
1551 2587 162 50 respectu
1672 2587 121 50 eorum
1739 2587 81 50 velr

1021 2630 87 51 quae
1076 2630 87 51 deus
1130 2630 120 51 quantum
1218 2630 65 51 in
1250 2630 65 51 se
1283 2630 76 51 est
1327 2630 87 51 vult
1381 2630 153 51 hominibona
1501 2630 120 51 propter
1589 2630 87 51 quie
1643 2630 87 51 deus
1698 2630 98 51 fecit
1752 2630 55 51 ho-

1023 2669 108 51 minem
1095 2669 72 51 id
1131 2669 84 51 ist
1179 2669 132 51 propter
1275 2669 132 51 eternam
1371 2669 132 51 salutem
1468 2669 192 51 consequendam
1624 2669 96 51 quam
1684 2669 120 51 potest
1756 2669 60 51 adi

1030 2711 128 67 pisci
1115 2711 86 67 si
1158 2711 143 67 faciat
1258 2711 114 67 quod
1329 2711 143 67 debet.
1429 2711 114 67 Unde
1500 2711 86 67 et
1543 2711 71 67 a
1571 2711 185 67 magistris
1700 2711 128 67 vocatur
