2218 3296
174 294 108 69 Unde
241 294 108 69 Aug.
308 294 108 69 xii.
375 294 81 69 de
416 294 161 69 trinita.
537 294 81 69 c.
577 294 121 69 iiii.
658 294 134 69 dicit.
752 294 81 69 In
792 294 81 69 eo
833 294 108 69 solo
886 294 81 69 quod

185 364 85 43 ad
227 364 268 43 contemplationem
453 364 170 43 partinet
581 364 198 43 eternorum.
736 364 99 43 non
792 364 127 43 solum
863 364 99 43 trini

181 399 105 54 tas
241 399 105 54 sed
301 399 90 54 et
347 399 136 54 imago
437 399 105 54 dei
497 399 105 54 est
557 399 90 54 in
603 399 151 54 anima.
708 399 75 54 ¶
738 399 166 54 Secundo
844 399 120 54 quando

186 439 210 53 conuertit
347 439 97 53 se
396 439 97 53 ad
444 439 161 53 equale
557 439 97 53 id
606 439 113 53 est
670 439 97 53 ad
719 439 226 53 seipsammet
880 439 81 53 vel

179 481 93 52 ad
226 481 186 52 angelos:
366 481 124 52 tunc
443 481 140 52 etiam
536 481 109 52 est
598 481 140 52 imago
691 481 93 52 in
738 481 140 52 anima
815 481 140 52 expitst

182 526 86 52 sa
225 526 101 52 sed
282 526 101 52 non
340 526 101 52 ito
397 526 173 52 perfecte
527 526 115 52 Unde
599 526 115 52 idem
670 526 115 52 Aug.
742 526 144 52 xiiii.
843 526 86 52 de
872 526 86 52 tri-

179 563 146 50 nitate
282 563 102 50 ca.
340 563 131 50 viii.
428 563 146 50 dicit.
530 563 117 50 Ecce
603 563 117 50 mens
676 563 161 50 meminit
792 563 117 50 sui:
851 563 102 50 intel

184 608 127 55 ligit
268 608 85 55 se
311 608 155 55 diligit
423 608 99 55 se.
480 608 99 55 hec
536 608 85 55 si
579 608 169 55 cernimus
705 608 197 55 trinitatem
846 608 113 55 cerni-

178 644 119 58 mus:
253 644 104 58 non
312 644 149 58 quidem
417 644 119 58 deum
491 644 104 58 sed
551 644 134 58 ipsam
640 644 179 58 imaginem
774 644 119 58 dei.
849 644 75 58 ¶
864 644 89 58 Item

181 689 136 53 tertio
277 689 136 53 quando
372 689 82 53 se
413 689 123 53 anima
495 689 177 53 conuertit
632 689 82 53 ad
673 689 164 53 inferius
795 689 109 53 puta
864 689 82 53 ad
891 689 68 53 cre

174 733 152 47 aturas
280 733 167 47 infimas
402 733 122 47 quae
478 733 244 47 imperfectius
676 733 91 47 et
722 733 183 47 debilius
843 733 107 47 imita

176 774 90 51 tur
228 774 193 51 trinitatem.
382 774 103 51 tunc
446 774 90 51 non
497 774 167 51 reperitur
626 774 180 51 Augustinus
767 774 180 51 assignasse
896 774 64 51 ima

171 814 109 56 ginem
244 814 85 56 dei
292 814 146 56 scilicet
402 814 170 56 perfectam.
536 814 109 56 Anima
609 814 109 56 emnim
682 814 73 56 eo
718 814 85 56 est
767 814 109 56 imago
840 814 97 56 quae
888 814 61 56 deo

179 852 190 53 conformis
325 852 117 53 est.
398 852 88 53 Et
442 852 161 53 quantum
559 852 73 53 a
588 852 102 53 deo
646 852 190 53 auertitur
792 852 146 53 tantum
880 852 73 53 de-

172 895 140 56 formis
270 895 126 56 imago
354 895 195 56 efficitur.
507 895 84 56 Io
549 895 112 56 idem
619 895 112 56 Aug.
689 895 98 56 li.
745 895 84 56 de
786 895 112 56 verb
842 895 112 56 domini

176 940 136 52 dicit.
272 940 109 52 quod
340 940 123 52 anima
422 940 123 52 talis
503 940 95 52 est
558 940 136 52 qualia
653 940 123 52 amat:
735 940 109 52 quia
803 940 95 52 per
844 940 109 52 amorem

174 976 268 52 transformatur
395 976 95 52 in
442 976 173 52 amatum.
569 976 95 52 si
616 976 142 52 celum
710 976 126 52 amat
774 976 173 52 caelestis

178 1021 109 52 est:
246 1021 81 52 si
287 1021 149 52 terrena
396 1021 190 52 terrestris
545 1021 109 52 etc.
613 1021 163 52 Exemplum
735 1021 163 52 secundum
843 1021 109 52 Diony-

180 1063 104 64 sium
245 1063 117 64 sicut
324 1063 157 64 speculum
441 1063 78 64 ad
480 1063 183 64 quodcumque
624 1063 196 64 conuertitur
780 1063 131 64 illius
859 1063 91 64 habet

167 1108 105 62 in
219 1108 105 62 se
254 1108 192 62 imaginem.

190 1140 116 78 ¶
236 1140 162 78 Que
329 1140 162 78 est
421 1140 324 78 perfectior
676 1140 185 78 pars
768 1140 185 78 imagis

171 1210 154 50 Respondet
290 1210 118 50 Guilh.
373 1210 118 50 supra.
455 1210 71 50 e.
491 1210 83 50 di.
538 1210 95 50 iii.
598 1210 95 50 quod
657 1210 154 50 voluntas.
775 1210 83 50 Tum
823 1210 95 50 quia
870 1210 71 50 ipsa

169 1256 88 47 se
213 1256 132 47 habet
301 1256 88 47 in
345 1256 132 47 regno
433 1256 132 47 anime
521 1256 88 47 vt
565 1256 161 47 regina:
682 1256 117 47 quia
756 1256 161 47 imperat
858 1256 88 47 memo

184 1301 88 38 tie
234 1301 75 38 et
271 1301 200 38 intellectui.
434 1301 88 38 Tum
484 1301 100 38 quia
546 1301 100 38 ipsa
609 1301 100 38 prae
671 1301 113 38 aliis
746 1301 163 38 potentiis
859 1301 88 38 virtu

177 1338 88 51 te
221 1338 147 51 optima
324 1338 206 51 informatur
486 1338 132 51 vicem
574 1338 206 51 charitate.
736 1338 103 51 Qua
794 1338 132 51 etiam
868 1338 88 51 spi-

178 1374 125 59 ritus
261 1374 181 59 seraphici
400 1374 125 59 super
484 1374 153 59 ceteros
595 1374 167 59 spiritus
720 1374 222 59 collocantur.
887 1374 69 59 Tum

169 1418 119 51 quia
244 1418 134 51 actus
333 1418 134 51 ipius
422 1418 209 51 voluntatis
586 1418 104 51 est
646 1418 224 51 perfectior.
825 1418 104 51 Nam
870 1418 89 51 frui

183 1461 94 70 tio
236 1461 188 70 voluntatis
384 1461 188 70 perfectior
532 1461 121 70 actus
613 1461 94 70 est
666 1461 108 70 quam
734 1461 134 70 visio.
828 1461 108 70 Aug.
881 1461 81 70 Sun-

175 1505 89 64 ma
220 1505 149 64 merces
324 1505 104 64 est
383 1505 89 64 vt
428 1505 119 64 ipso
502 1505 104 64 deo
562 1505 208 64 perfruamur
711 1505 89 64 etc.

172 1561 113 91 ¶
218 1561 204 91 Utrum
354 1561 204 91 imago
490 1561 159 91 dei
581 1561 159 91 sit
649 1561 295 91 separabilis

177 1636 79 55 ab
216 1636 118 55 anima
295 1636 158 55 hummana.
414 1636 197 55 Respondetur
572 1636 158 55 secundum
690 1636 132 55 Guilh.
782 1636 79 55 e.
821 1636 105 55 dis.
874 1636 79 55 iii.

175 1674 109 63 quod
244 1674 164 63 imaginem
366 1674 96 63 dei
421 1674 136 63 inesse
516 1674 136 63 anime:
612 1674 96 63 est
667 1674 205 63 dupliciter.
830 1674 96 63 Uno
871 1674 82 63 modo

177 1714 96 61 quo
232 1714 82 61 ad
273 1714 123 61 esse.
355 1714 82 61 et
396 1714 96 61 sic
450 1714 232 61 inseparabilis
641 1714 109 61 est:
709 1714 123 61 etiam
791 1714 82 61 in
819 1714 136 61 damnatis

176 1758 73 53 et
212 1758 208 53 peccatoribus:
384 1758 98 53 quia
445 1758 73 53 vt
482 1758 98 53 Aug.
543 1758 122 53 xiiii.
629 1758 73 53 de
665 1758 159 53 trinitate
788 1758 122 53 dicit.
861 1758 86 53 Anima

178 1802 89 51 eo
223 1802 134 51 imago
312 1802 104 51 dei
372 1802 104 51 est
431 1802 104 51 quo
491 1802 134 51 capax
580 1802 238 51 particepaque
774 1802 119 51 esse
834 1802 119 51 potest

174 1843 159 54 scilicet
293 1843 93 54 per
346 1843 199 54 cognitionem
505 1843 79 54 et
545 1843 146 54 amorem.
650 1843 79 54 Et
690 1843 119 54 talis
770 1843 172 54 capacitas
889 1843 66 54 est

176 1886 138 55 propria
277 1886 125 55 passio
364 1886 113 55 anime
439 1886 88 55 qua
489 1886 88 55 non
539 1886 125 55 potest
627 1886 150 55 separari
739 1886 63 55 a
764 1886 163 55 subiecto.
877 1886 75 55 Unde

175 1934 83 47 in
217 1934 83 47 ea
258 1934 138 47 semper
354 1934 152 47 remanet
465 1934 124 47 licet
547 1934 97 47 per
603 1934 165 47 peccatum
727 1934 193 47 deformata.
865 1934 97 47 sicut

185 1970 156 57 facies
295 1970 171 57 hominis
419 1970 187 57 stercore
559 1970 218 57 deturpata.
731 1970 125 57 Alio
809 1970 125 57 modo
871 1970 78 57 ima

176 2017 114 57 ginem
252 2017 88 57 dei
303 2017 126 57 inesse
391 2017 114 57 anime
467 2017 88 57 est
517 2017 88 57 quo
568 2017 76 57 ad
606 2017 101 57 bene
669 2017 101 57 esse
732 2017 88 57 vel
782 2017 151 57 perfecte
883 2017 76 57 esse

177 2056 105 50 quod
243 2056 92 50 est
295 2056 79 50 in
335 2056 132 50 gratia
427 2056 79 50 et
466 2056 145 50 visione
572 2056 92 50 dei
624 2056 79 50 ac
664 2056 184 50 fruitione.
808 2056 79 50 et
848 2056 92 50 sic
887 2056 66 50 per

183 2099 140 55 peccatum
288 2099 151 55 separatur
405 2099 70 55 et
440 2099 140 55 transit.
544 2099 128 55 Psalmus
638 2099 163 55 Uerumtamen
766 2099 70 55 in
801 2099 128 55 imagine
882 2099 70 55 per-

165 2143 205 68 transit
296 2143 130 68 homo.

179 2213 138 95 ¶
235 2213 165 95 De
317 2213 303 95 imagine
537 2213 248 95 plura
702 2213 193 95 vbi
785 2213 165 95 Ima-

179 2284 106 70 go.
239 2284 91 70 Et
285 2284 136 70 etiam
375 2284 151 70 libro.
466 2284 60 70 ii

404 2351 396 126 Pparere
656 2351 288 126 scili-

429 2454 111 58 cet
493 2454 127 58 deum
572 2454 95 58 in
620 2454 206 58 creatura.
778 2454 159 58 Clarum
874 2454 79 58 est

431 2501 98 55 dei
487 2501 140 55 filium
585 2501 84 55 et
627 2501 126 55 etiam
711 2501 168 55 spiritum
823 2501 126 55 sanctum

418 2548 233 44 apparuisse
601 2548 249 44 visibiliter
800 2548 100 44 in
834 2548 116 44 mundo

412 2582 80 64 ¶
444 2582 111 64 Sed
508 2582 175 64 questio
635 2582 175 64 restat.
762 2582 80 64 ¶
794 2582 143 64 Utrum
873 2582 80 64 de-

181 2628 93 50 us
227 2628 139 50 pater
320 2628 185 50 aliquado
459 2628 216 50 apparuerit
629 2628 232 50 visibiliter
814 2628 93 50 in
845 2628 108 50 crea-

175 2667 122 55 tura.
257 2667 203 55 Respondetur
419 2667 162 55 secundum
540 2667 149 55 Bonauen
648 2667 122 55 super
729 2667 135 55 primo.
824 2667 122 55 dist.
891 2667 68 55 xvi

180 2710 117 67 arti
254 2710 88 67 i.
297 2710 88 67 q.
341 2710 88 67 i.
385 2710 117 67 quod
458 2710 190 67 apparitio
605 2710 102 67 dei
663 2710 249 67 distinguitur.
868 2710 73 67 ¶
883 2710 73 67 Nam

1028 287 149 67 primo
1128 287 215 67 apparitio
1293 287 166 67 quedam
1409 287 116 67 est
1476 287 99 67 in
1525 287 116 67 qua
1575 287 232 67 manifestatur

1017 353 162 49 diuina
1130 353 178 49 persona
1260 353 97 49 vt
1309 353 178 49 operans
1438 353 243 49 tantummodo.
1633 353 97 49 Et
1681 353 113 49 sic
1730 353 81 49 to-

1025 394 94 52 ta
1072 394 188 52 trinitas
1213 394 172 52 apparet
1338 394 94 52 in
1385 394 188 52 qualibet
1526 394 203 52 creatura:
1683 394 125 52 quia
1745 394 63 52 in

1015 438 170 43 omnibus
1138 438 170 43 relucet
1262 438 201 43 vestigium
1416 438 201 43 creatoris
1570 438 93 43 et
1601 438 201 43 sanctissime

1017 473 184 53 trinitatis.
1164 473 147 53 Psalmus.
1274 473 135 53 Scitote
1373 473 135 53 quoniam
1471 473 135 53 dominus
1569 473 98 53 ipse
1630 473 86 53 est
1679 473 98 53 deus
1728 473 74 53 ipse

1027 513 139 55 fecit
1119 513 108 55 nos
1181 513 93 55 et
1227 513 108 55 non
1289 513 124 55 ipsi
1366 513 124 55 nos.
1443 513 77 55 ¶
1474 513 154 55 Secudo
1582 513 154 55 quedam
1690 513 108 55 est
1737 513 77 55 ap-

1020 555 162 59 paritio
1138 555 88 59 in
1182 555 103 59 qua
1241 555 235 59 manifestatur
1432 555 147 59 diuina
1535 555 162 59 persona
1652 555 103 59 non
1696 555 118 59 tantum

1024 607 92 45 vt
1070 607 185 45 operans:
1208 607 108 45 sed
1270 607 138 45 etiam
1362 607 92 45 vt
1408 607 215 45 inhabitans
1577 607 108 45 vel
1623 607 185 45 inexistens

1025 649 112 44 per
1089 649 208 44 specialem
1249 649 192 44 effectum
1393 649 176 44 gratie.
1522 649 96 44 Et
1570 649 112 44 sic
1634 649 128 44 deus
1698 649 112 44 pater

1023 683 196 47 quandoque
1174 683 211 47 apparuisse
1340 683 166 47 putatur
1461 683 181 47 patribus
1597 683 91 47 et
1627 683 181 47 prophetis.

1034 725 102 47 Nam
1092 725 203 47 Augustinus
1251 725 116 47 vii.
1324 725 87 47 de
1367 725 189 47 trinitate
1512 725 116 47 ait.
1585 725 203 47 Temerarium
1730 725 73 47 est

1010 767 157 53 inquit
1120 767 157 53 dicere
1230 767 157 53 patrem
1340 767 204 53 prophetis
1497 767 94 53 et
1544 767 188 53 patribus
1685 767 110 53 per
1733 767 79 53 ali

1013 814 125 45 quas
1091 814 203 45 visibiles
1247 814 156 45 formas
1356 814 171 45 numquam
1481 814 234 45 apparuisse.
1668 814 93 45 Et
1699 814 109 45 patet

1015 853 117 47 quia
1088 853 87 47 in
1132 853 175 47 baptismo
1263 853 160 47 christi
1380 853 87 47 et
1423 853 291 47 transtiguratione
1656 853 146 47 apparuit

1022 893 130 50 deus
1103 893 146 50 pater
1200 893 97 50 in
1249 893 130 50 voce
1330 893 97 50 d.
1379 893 114 50 Hic
1444 893 114 50 est
1509 893 162 50 filius
1622 893 130 50 meus
1687 893 114 50 dile-

1023 939 120 47 ctus
1098 939 120 47 etc.
1173 939 105 47 Sic
1234 939 135 47 etiam
1324 939 180 47 apparuit
1459 939 135 47 pater
1549 939 150 47 filius
1655 939 90 47 et
1685 939 120 47 spiri-

1007 979 115 49 tus
1072 979 181 49 sanctus
1204 979 148 49 Abrae
1303 979 165 49 quando
1419 979 132 49 tres
1501 979 148 49 vidit
1600 979 99 49 et
1649 979 132 49 vnum
1715 979 99 49 ado-

1013 1026 165 42 rauit.
1129 1026 83 42 ¶
1162 1026 165 42 Tertio
1278 1026 165 42 quedam
1394 1026 116 42 est
1460 1026 215 42 apparitio
1625 1026 99 42 in
1675 1026 116 42 qua
1724 1026 83 42 ma-

1009 1067 196 46 nifestatur
1163 1067 140 46 diuina
1261 1067 154 46 persona
1373 1067 98 46 non
1429 1067 140 46 tantum
1527 1067 84 46 vt
1569 1067 154 46 operans
1681 1067 84 46 et
1709 1067 98 46 etiam

1012 1104 251 45 inhabitans:
1213 1104 117 45 sed
1280 1104 151 45 etiam
1381 1104 100 45 vt
1431 1104 184 45 emanans
1565 1104 100 45 et
1615 1104 100 45 ab
1665 1104 134 45 alio
1732 1104 84 45 ve-

1019 1143 147 46 niens.
1122 1143 88 46 Et
1166 1143 103 46 sic
1225 1143 132 46 pater
1313 1143 162 46 nunquam
1431 1143 176 46 apparuit
1563 1143 118 46 quia
1637 1143 132 46 pater
1725 1143 88 46 in
1754 1143 59 46 di

1008 1188 139 47 uinis
1100 1188 77 47 a
1131 1188 139 47 nullo
1224 1188 108 47 est
1286 1188 124 47 ergo
1363 1188 77 47 a
1394 1188 139 47 nullo
1487 1188 201 47 mittitur.
1641 1188 108 47 Sed
1703 1188 93 47 vt
1734 1188 77 47 sic

1008 1228 154 53 filius
1115 1228 92 53 et
1161 1228 184 53 spiritus
1300 1228 169 53 sanctus
1423 1228 92 53 in
1469 1228 123 53 nouo
1546 1228 215 53 testamento
1699 1228 108 53 appa-

1013 1278 190 46 ruerunt.
1156 1278 95 46 In
1203 1278 158 46 vereri
1314 1278 222 46 testamento
1488 1278 143 46 autem
1583 1278 158 46 filius
1694 1278 111 46 non
1742 1278 63 46 ap

1016 1318 156 49 paruit
1125 1318 93 49 vt
1172 1318 218 49 inhabitans
1343 1318 109 49 sed
1405 1318 93 49 vt
1452 1318 265 49 inhabitaturum
1670 1318 93 49 se
1701 1318 109 49 prae-

1006 1362 215 40 monstrans
1172 1362 99 40 id
1222 1362 116 40 est
1288 1362 249 40 incarnandum
1487 1362 133 40 ideo
1570 1362 116 40 pro
1636 1362 133 40 illo
1703 1362 99 40 tem-

1012 1397 134 53 pore
1096 1397 118 53 non
1163 1397 185 53 dicitur
1298 1397 168 53 missus
1416 1397 185 53 filius:
1550 1397 118 53 sed
1600 1397 202 53 tantummodo

1017 1437 97 50 in
1065 1437 129 50 nouo
1146 1437 226 50 testamento
1324 1437 129 50 Gal.
1404 1437 145 50 iiii.
1501 1437 97 50 At
1550 1437 113 50 vbi
1614 1437 145 50 venit
1695 1437 113 50 pleni

1010 1478 113 52 tudo
1081 1478 170 52 temporis
1208 1478 127 52 misit
1292 1478 113 52 deus
1363 1478 141 52 filium
1462 1478 113 52 etc.
1533 1478 113 52 Item
1603 1478 170 52 spiritus
1716 1478 85 52 san-

1023 1523 124 44 ctus
1100 1523 93 44 in
1146 1523 154 44 vereri
1254 1523 216 44 testamento
1424 1523 139 44 licet
1517 1523 216 44 apparuerit
1671 1523 139 44 pluries

1020 1564 171 44 sanctis
1145 1564 171 44 loquens
1269 1564 186 44 patribus
1408 1564 109 44 per
1470 1564 171 44 angelos
1594 1564 93 44 in
1625 1564 171 44 prophetis

1021 1605 181 51 Similiter
1160 1605 83 51 et
1202 1605 139 51 filius
1299 1605 83 51 et
1341 1605 125 51 pater
1424 1605 97 51 sed
1480 1605 125 51 tamen
1563 1605 167 51 spiritus
1674 1605 125 51 sanctus

1013 1648 188 47 apparuit
1155 1648 110 47 non
1217 1648 94 47 vt
1264 1648 94 47 in
1311 1648 188 47 omnimoda
1453 1648 220 47 plenitudie
1625 1648 157 47 gratie
1720 1648 78 47 re-

1008 1691 236 44 dundantis
1189 1691 127 44 per
1262 1691 163 44 totum
1371 1691 182 44 mundum
1498 1691 272 44 inhabitans:
1698 1691 109 44 quia

1010 1735 162 50 secundum
1132 1735 108 50 quod
1200 1735 122 50 Rich.
1281 1735 81 50 e.
1321 1735 122 50 dist.
1402 1735 108 50 xvi.
1470 1735 81 50 q.
1511 1735 81 50 ii
1551 1735 81 50 Ac
1592 1735 108 50 Lyra
1659 1735 149 50 dictant
1754 1735 54 50 pa

1007 1775 131 50 tres
1088 1775 180 50 vereris
1219 1775 229 50 testamenti
1399 1775 180 50 quamuis
1530 1775 213 50 habuerint
1677 1775 131 50 pleni-

1013 1816 158 51 tudinem
1128 1816 173 51 spiritus
1258 1816 144 51 sancti
1358 1816 86 51 ad
1402 1816 245 51 sufficientiam
1589 1816 216 51 sanctificatio

1015 1857 107 50 nis
1076 1857 92 50 in
1122 1857 92 50 se
1167 1857 92 50 et
1213 1857 137 50 etiam
1305 1857 92 50 ad
1350 1857 168 50 aliquam
1472 1857 244 50 redundantiam
1671 1857 92 50 in
1701 1857 107 50 alios

1007 1898 122 50 sed
1076 1898 122 50 non
1146 1898 105 50 ad
1199 1898 280 50 tamplenariam
1426 1898 280 50 redundantiam
1654 1898 157 50 sicut
1741 1898 70 50 in

1013 1942 127 53 nouo
1093 1942 238 53 testamento.
1283 1942 127 53 Ideo
1363 1942 207 53 scribitur
1522 1942 143 53 Ioam.
1617 1942 127 53 vii.
1681 1942 127 53 Nondum

1013 1991 92 48 est
1065 1991 158 48 spiritus
1184 1991 145 48 sanctus
1289 1991 118 48 datus
1368 1991 158 48 scilicet
1486 1991 118 48 tanta
1565 1991 210 48 plenitudine.
1723 1991 79 48 quia

1016 2033 144 46 nondum
1117 2033 115 46 erat
1189 2033 130 46 iesus
1275 2033 245 46 glorificatus.
1477 2033 115 46 Hinc
1550 2033 101 46 est
1607 2033 115 46 quod
1680 2033 101 46 pro
1723 2033 72 46 il-

1008 2066 95 49 lo
1056 2066 175 49 tempore
1183 2066 175 49 vereris
1310 2066 222 49 testamenti
1484 2066 111 49 nec
1548 2066 159 49 filius
1659 2066 111 49 nec
1707 2066 95 49 spi-

1008 2115 141 46 ritus
1102 2115 172 46 sanctus
1228 2115 172 46 dicitur
1353 2115 157 46 missus
1463 2115 251 46 visibiliter.
1667 2115 94 46 vt
1698 2115 110 46 dicit

1022 2144 190 61 Augustinus
1171 2144 122 61 iiii.
1253 2144 81 61 de
1293 2144 190 61 trinitate.
1442 2144 81 61 Et
1483 2144 122 61 etiam
1564 2144 149 61 protunc
1673 2144 135 61 quando
1754 2144 54 61 le

1012 2201 149 50 gitur
1112 2201 132 50 deus
1195 2201 232 50 apparuisse
1377 2201 199 50 patribus
1526 2201 99 50 et
1575 2201 215 50 prophetis
1724 2201 83 50 non

1019 2234 108 56 per
1080 2234 170 56 seipsum
1204 2234 124 56 deus
1281 2234 186 56 apparuit
1421 2234 108 56 sed
1482 2234 108 56 per
1544 2234 170 56 angelos
1668 2234 93 56 in
1699 2234 108 56 figu-

1021 2285 97 47 ris
1076 2285 83 47 et
1118 2285 179 47 creaturis
1256 2285 138 47 illis.
1352 2285 83 47 Ut
1394 2285 138 47 probat
1491 2285 110 47 idem
1560 2285 193 47 Augustinus
1711 2285 97 47 iii
1753 2285 55 47 de

1013 2321 181 49 trinitate
1152 2321 139 49 dicit.
1250 2321 153 49 Constat
1361 2321 181 49 firmitate
1500 2321 209 49 autoritatis
1667 2321 83 49 et
1695 2321 111 49 proba-

1006 2366 200 49 bilitate
1156 2366 200 49 rationis
1306 2366 116 49 cum
1372 2366 200 49 antiquis
1522 2366 200 49 patribus
1672 2366 133 49 deus
1738 2366 67 49 di

1021 2406 138 47 citur
1113 2406 230 47 apparuisse:
1296 2406 138 47 voces
1388 2406 138 47 illas
1480 2406 92 47 ab
1526 2406 153 47 agelis
1633 2406 153 47 factas
1725 2406 77 47 es-

1009 2447 98 55 se.
1065 2447 183 55 Propterea
1206 2447 112 55 Gal.
1276 2447 112 55 iii.
1346 2447 84 55 Et
1388 2447 112 55 Heb.
1459 2447 84 55 ii
1501 2447 183 55 apostolus
1641 2447 126 55 dicit
1712 2447 84 55 quod

1020 2488 102 56 lex
1079 2488 175 56 ordinata
1210 2488 102 56 est
1269 2488 102 56 per
1327 2488 161 56 angelos
1429 2488 88 56 etc.

1041 2526 110 95 ¶
1085 2526 131 95 De
1151 2526 329 95 apperitione
1414 2526 197 95 plura
1545 2526 153 95 vbi
1611 2526 197 95 Hissio.

1045 2625 631 101 xPpropriata
1508 2625 294 101 diui-

1094 2700 81 84 A
1126 2700 113 84 nam
1191 2700 113 84 vbi
1256 2700 194 84 Proprie.
1401 2700 97 84 §.
1450 2700 129 84 xvi.
1531 2700 97 84 et
1563 2700 178 84 sequenti.
