2259 3297
399 291 110 66 los
462 291 173 66 quantum
588 291 94 66 ad
635 291 204 66 quattuor.
792 291 141 66 Primo
886 291 173 66 quantum
1011 291 94 66 ad
1043 291 141 66 gratiam

408 344 78 47 et
447 344 91 47 sic
499 344 91 47 est
550 344 194 47 simpliciter
705 344 116 47 maior
783 344 142 47 omnibus
887 344 78 47 vt
925 344 116 47 dicit
1003 344 103 47 glo.
1068 344 78 47 in
1093 344 78 47 argu

395 388 145 46 mento
491 388 177 46 contra.
620 388 177 46 Secundo
748 388 177 46 quantum
877 388 96 46 ad
925 388 177 46 naturam
1037 388 129 46 mentie

400 431 95 48 vel
455 431 135 48 anime.
549 431 81 48 Et
590 431 95 48 sic
644 431 135 48 saltem
739 431 95 48 non
793 431 108 48 fait
861 431 122 48 minor
942 431 149 48 angelis
1037 431 135 48 christus

402 475 99 49 quia
464 475 99 49 glo.
525 475 99 49 vbi.
587 475 124 49 supra.
674 475 111 49 dicit
748 475 111 49 Minor
822 475 99 49 ange
884 475 74 49 is
921 475 99 49 fuit
983 475 149 49 christus
1082 475 87 49 corpe

383 513 95 45 re
431 513 110 45 non
494 513 158 45 mente.
604 513 158 45 Tertio
714 513 173 45 quantum
840 513 95 45 ad
887 513 173 45 nataram
1013 513 189 45 corporis

398 557 79 45 et
437 557 92 45 sic
490 557 118 45 minor
569 557 105 45 fuit
635 557 158 45 christus
753 557 158 45 secundum
871 557 145 45 naturam
977 557 158 45 corporis
1082 557 92 45 assum

394 587 111 56 ptam
463 587 152 56 angelis
574 587 97 56 sed
629 587 166 56 secundum
753 587 152 56 vnionis
864 587 221 56 excellentiam
1044 587 97 56 fui
1085 587 83 56 quin

396 638 195 47 pliciter
542 638 162 47 maior.
655 638 162 47 Quarto
769 638 178 47 quantum
898 638 97 47 ad
947 638 178 47 naturam
1060 638 130 47 passi-

392 677 177 46 bilitatis
528 677 82 46 et
569 677 95 46 sic
624 677 122 46 etiam
705 677 109 46 fuit
773 677 136 46 minor.
868 677 82 46 et
909 677 109 46 ideo
977 677 150 46 dicitur
1072 677 109 46 modico

384 709 227 53 minoratus
558 709 140 53 quia
646 709 175 53 status
768 709 314 53 passibilitatis
1030 709 157 53 paulo
1117 709 70 53 po

395 756 105 51 stea
461 756 79 51 in
500 756 132 51 statum
592 756 132 51 glorie
684 756 79 51 et
724 756 145 51 honoris
829 756 92 51 per
881 756 237 51 resurrectionem
1066 756 118 51 christi

391 804 116 49 erat
463 804 246 49 conuertendus.
665 804 116 49 Unde
737 804 173 49 christus
867 804 101 49 pro
925 804 130 49 statu
998 804 173 49 passibilit

382 839 90 73 tis
434 839 194 73 simpliciter
589 839 103 73 fuit
653 839 116 73 maior
731 839 129 73 angels
821 839 78 73 Et
860 839 155 73 secundum
976 839 103 73 quid
1041 839 116 73 minor
1105 839 78 73 etc.

380 910 108 85 ¶
424 910 130 85 An
489 910 260 85 christus
684 910 195 85 sicut
814 910 239 85 dicitur
988 910 195 85 minor
1096 910 87 85 pa

399 995 92 43 tre
452 995 92 43 Ita
504 995 145 43 dicatur
610 995 119 43 minor
689 995 132 43 seipso
782 995 119 43 filio
861 995 79 43 et
901 995 119 43 minor
980 995 145 43 spiritu
1072 995 106 43 sancto

390 1028 98 61 de
439 1028 115 61 hoc
504 1028 131 61 vide
586 1028 115 61 vbi
652 1028 148 61 Maior
750 1028 98 61 et
800 1028 148 61 Mior.
898 1028 98 61 §.
947 1028 115 61 ii.
1013 1028 115 61 Ibi
1062 1028 115 61 plura

393 1075 99 47 ad
425 1075 99 47 hec.

395 1110 126 71 ¶
445 1110 151 71 An
521 1110 277 71 christi
722 1110 227 71 Hater
873 1110 201 71 vere
974 1110 201 71 possit

386 1167 119 51 dici
460 1167 133 51 maior
549 1167 178 51 angelis.
683 1167 222 51 Respondetur
861 1167 178 51 secundum
994 1167 178 51 Bonauen.
1113 1167 74 51 vbi

388 1211 136 57 supra.
483 1211 108 57 quod
551 1211 122 57 beata
633 1211 122 57 vergo
714 1211 122 57 Mater
795 1211 149 57 christi
904 1211 122 57 maior
985 1211 95 57 est
1039 1211 108 57 post
1094 1211 81 57 chri

392 1252 122 61 stum
468 1252 168 61 omnibus
590 1252 168 61 angelis
713 1252 168 61 quantum
835 1252 92 61 ad
881 1252 168 61 gratiam
1003 1252 92 61 et
1033 1252 138 61 gloriam

394 1298 113 50 quia
464 1298 99 50 est
521 1298 127 50 Mater
606 1298 155 50 christi
718 1298 169 50 exaltata
845 1298 127 50 super
930 1298 127 50 omnes
1015 1298 141 50 choros
1099 1298 85 50 ange

384 1334 125 63 lorum
468 1334 84 63 vt
509 1334 153 63 canitur
621 1334 153 63 quamuis
732 1334 153 63 quantum
844 1334 84 63 ad
885 1334 209 63 naturanccum
1053 1334 125 63 esset
1122 1334 56 63 pu

379 1388 101 53 ra
430 1388 202 53 creatura
581 1388 168 53 humana
698 1388 202 53 mortalis
850 1388 134 53 erat
934 1388 218 53 inferior.
1085 1388 84 53 Sed

392 1420 102 57 quia
456 1420 102 57 ipsa
520 1420 89 57 per
571 1420 140 57 gratiam
673 1420 89 57 est
724 1420 115 57 mater
801 1420 89 57 dei
852 1420 140 57 electa.
954 1420 102 57 ergo
1018 1420 128 57 eoipso
1094 1420 77 57 regi

393 1460 85 55 na
435 1460 113 55 celi
506 1460 85 55 et
548 1460 127 55 domia
633 1460 183 55 angelorum
774 1460 85 55 et
816 1460 141 55 omnium
915 1460 212 55 creaturarum
1084 1460 85 55 vt
1113 1460 56 55 vo

394 1501 103 56 lunt
458 1501 103 56 doc.
523 1501 77 56 et
561 1501 154 56 ecclesia
677 1501 128 56 canit.
767 1501 103 56 Unde
831 1501 103 56 ipsa
895 1501 90 56 est
947 1501 154 56 superior
1049 1501 116 56 omnibus

403 1551 133 56 Primo
492 1551 192 56 dignitate
640 1551 207 56 maternali.
802 1551 118 56 quia
876 1551 148 56 eoipso
980 1551 118 56 quod
1054 1551 103 56 rex
1098 1551 74 56 est

389 1591 155 55 dominus.
505 1591 116 55 mater
582 1591 116 55 regis
660 1591 90 55 est
711 1591 129 55 domina
801 1591 129 55 omnium
892 1591 193 55 subiectorum
1046 1591 103 55 regi
1098 1591 77 55 ipsu

397 1631 104 50 quia
462 1631 78 50 et
501 1631 91 50 rex
554 1631 104 50 ipse
619 1631 144 50 tenetur
723 1631 91 50 eam
775 1631 104 50 prae
841 1631 170 50 subiectis
971 1631 170 50 honorare.
1089 1631 91 50 iuxta

401 1672 110 53 illud
474 1672 97 53 Exo.
535 1672 85 53 xx.
583 1672 122 53 Honora
669 1672 122 53 patrem
754 1672 73 53 et
790 1672 134 53 matrem.
888 1672 73 53 Et
924 1672 146 53 secundum
1022 1672 158 53 philosophum

393 1715 93 59 ix.
446 1715 120 59 Ethi.
526 1715 107 59 Diis
592 1715 173 59 magistris
726 1715 80 59 et
766 1715 186 59 perentibus
912 1715 93 59 non
965 1715 186 59 sufficimus
1098 1715 67 59 red

390 1760 120 49 dere
465 1760 224 49 equiualens.
644 1760 165 49 Secundo
764 1760 195 49 maiestate
914 1760 180 49 regiali.
1048 1760 120 49 quia
1108 1760 75 49 est

394 1798 125 60 sponsa
482 1798 100 60 dei.
545 1798 125 60 angeli
632 1798 113 60 autem
708 1798 113 60 serui
783 1798 113 60 dici.
858 1798 100 60 ergo
921 1798 100 60 etc.
983 1798 125 60 Tertio
1058 1798 113 60 superic

395 1841 127 56 ritate
484 1841 178 56 singulari.
624 1841 102 56 quia
688 1841 102 56 prae
751 1841 140 56 omnibus
853 1841 102 56 ipsa
917 1841 89 56 est
968 1841 204 56 singulariter
1120 1841 64 56 ele

394 1883 104 54 cta
454 1883 89 54 et
498 1883 179 54 exaltata
632 1883 134 54 super
722 1883 134 54 omnes
811 1883 149 54 choros
915 1883 208 54 angelorum.
1079 1883 89 54 et
1109 1883 74 54 sic

396 1922 203 58 superplena
555 1922 145 58 gratia
656 1922 87 58 et
699 1922 159 58 gloria.
815 1922 116 58 Unde
888 1922 145 58 Hiero.
989 1922 87 58 ad
1032 1922 145 58 Paulam
1119 1922 58 58 et

400 1966 145 56 Eusto.
501 1966 160 56 Teteris
617 1966 102 56 per
675 1966 160 56 partes.
791 1966 131 56 Marie
878 1966 116 56 vero
951 1966 87 56 se
994 1966 116 56 tota
1052 1966 116 56 infudi

392 2012 214 57 plenitudo
556 2012 131 57 gre.
638 2012 99 57 Et
687 2012 148 57 Bern.
786 2012 131 57 Deus
868 2012 148 57 omnim
966 2012 181 57 bonorum
1081 2012 99 57 ple-

402 2055 168 51 nitudinem
531 2055 129 51 posuit
622 2055 78 51 in
661 2055 116 51 maria
738 2055 78 51 vt
777 2055 78 51 si
816 2055 103 51 quid
881 2055 155 51 gratiae.
997 2055 78 51 si
1036 2055 103 51 quid
1087 2055 91 51 spei.

393 2092 84 59 si
435 2092 112 59 quid
505 2092 154 59 salutis
618 2092 84 59 in
660 2092 126 59 alios
744 2092 225 59 redundauerit
926 2092 98 59 non
983 2092 112 59 nisi
1053 2092 98 59 per
1095 2092 70 59 man

399 2140 146 66 Marie
480 2140 195 66 transierit

396 2163 119 85 ¶
444 2163 215 85 Utrum
587 2163 287 85 christum
802 2163 239 85 potuit
969 2163 191 85 deus
1065 2163 119 85 fa-

401 2237 110 75 cere
470 2237 179 75 meliorem.
607 2237 179 75 Similiter
745 2237 82 75 et
786 2237 110 75 eius
855 2237 179 75 maistrem.
992 2237 96 75 vbi
1034 2237 137 75 Potentia

406 2287 65 54 §.
439 2287 98 54 lxxi.
504 2287 76 54 et.
537 2287 76 54 lxxii

398 2316 117 79 ¶
444 2316 141 79 An
515 2316 235 79 virtus
679 2316 164 79 que
773 2316 141 79 de
843 2316 282 79 christo.
1031 2316 141 79 exi-

390 2381 94 59 bat
443 2381 81 59 et
484 2381 148 59 sanabat
592 2381 121 59 omnes
672 2381 135 59 fuerit
767 2381 162 59 spiritus
888 2381 162 59 sanctus.
1009 2381 81 59 Ad
1049 2381 94 59 hoc
1090 2381 67 59 Aug

405 2422 81 67 xv.
452 2422 70 67 de
487 2422 93 67 tri.
545 2422 70 67 et
580 2422 81 67 cum
626 2422 70 67 eo
661 2422 139 67 magister
766 2422 70 67 in
800 2422 105 67 primo
870 2422 81 67 di.
917 2422 116 67 xiiii.
998 2422 116 67 dicunt
1079 2422 93 67 quod
1126 2422 58 67 sic

403 2469 114 59 ergo
474 2469 114 59 etc.
545 2469 71 59 ¶
573 2469 85 59 Si
616 2469 128 59 dicas
701 2469 142 59 Uirtus
800 2469 199 59 appropatur
956 2469 142 59 chisto
1055 2469 71 59 i
1070 2469 99 59 Corum

399 2522 71 47 i.
435 2522 166 47 Predicamus
565 2522 143 47 christum
672 2522 83 47 dei
720 2522 143 47 virtutem
827 2522 95 47 etc.
886 2522 95 47 ergo
945 2522 83 47 non
993 2522 131 47 spiritu
1076 2522 95 47 sancto

406 2560 145 48 Respondet
517 2560 100 48 Bona.
584 2560 89 48 qua.
640 2560 156 48 litterali.
762 2560 89 48 quod
818 2560 122 48 spiritu
907 2560 111 48 sancto
985 2560 78 48 non
1018 2560 156 48 appropriatur

396 2598 123 54 virtus
482 2598 185 54 simpliciter
630 2598 86 54 sed
679 2598 123 54 virtus
765 2598 160 54 sanatina.
888 2598 74 54 Et
925 2598 98 54 hoc.
986 2598 98 54 quia
1048 2598 123 54 gratia
1122 2598 49 54 se

402 2642 128 53 nitatum
495 2642 81 53 est
542 2642 104 53 donum
611 2642 139 53 spiritus
716 2642 116 53 sancti
797 2642 104 53 cuius
866 2642 116 53 gratia
948 2642 81 53 est
994 2642 104 53 anime
1052 2642 116 53 medicin-

393 2692 92 56 Sed
445 2692 118 56 filio
524 2692 184 56 appropatur
668 2692 131 56 virtus
760 2692 184 56 operatiua.
905 2692 105 56 quia
970 2692 118 56 omnia
1049 2692 92 56 per
1088 2692 92 56 ipsum

1238 282 101 68 facta
1305 282 90 68 sunt
1361 282 67 68 id
1394 282 78 68 est
1439 282 78 68 per
1484 282 112 68 verbum
1562 282 90 68 quod
1618 282 78 68 est
1663 282 78 68 dei
1708 282 112 68 filius
1786 282 101 68 Ioam.
1853 282 67 68 i.
1887 282 90 68 vnde
1931 282 90 68 virtus

1241 346 170 47 sanatiua
1368 346 99 47 non
1425 346 198 47 appropatur
1580 346 141 47 filio.
1679 346 99 47 sed
1735 346 141 47 virtus
1834 346 198 47 operatiua.
1975 346 57 47 Et

1243 389 119 56 iterum
1327 389 119 56 virtus
1410 389 155 56 operatiua
1529 389 83 56 non
1577 389 167 56 appropatur
1708 389 131 56 spiritu
1803 389 119 56 sancto
1887 389 83 56 sed
1923 389 107 56 sanatia

1232 459 113 93 ¶
1278 459 136 93 De
1345 459 249 93 christo
1526 459 204 93 plura
1662 459 271 93 mysteria
1843 459 181 93 parti-

1227 527 117 61 nent
1300 527 117 61 iii.
1373 527 131 61 libro
1461 527 190 61 tractanda
1592 527 88 61 etc.

1407 603 242 110 Hea.
1558 603 272 110 primo
1709 603 303 110 communi-

1437 702 102 49 ter.
1501 702 153 49 Queritur
1616 702 102 49 vnde
1679 702 102 49 idea
1743 702 153 49 dicitur.
1858 702 102 49 Nota
1909 702 127 49 secundum

1443 746 105 56 Guil
1509 746 66 56 e
1535 746 79 56 i.
1575 746 92 56 di.
1627 746 119 56 xxxv.
1706 746 92 56 ar.
1759 746 79 56 i.
1799 746 92 56 cum
1851 746 119 56 Alex.
1931 746 79 56 de
1957 746 79 56 ales

1235 771 91 72 ii.
1287 771 104 72 per.
1352 771 130 72 summe.
1444 771 104 72 Idea
1509 771 117 72 dicta
1587 771 91 72 est
1639 771 78 72 ab
1678 771 117 72 hydor
1756 771 104 72 quod
1821 771 91 72 est
1874 771 117 72 aqua.
1939 771 91 72 Sicut

1234 832 86 44 em
1277 832 86 44 in
1320 832 129 44 aquae
1406 832 258 44 representantur
1621 832 129 44 varie
1707 832 172 44 imagines
1836 832 100 44 sic
1894 832 86 44 in
1937 832 100 44 deo
1980 832 57 44 va

1248 867 93 55 rie
1301 867 93 55 res
1354 867 93 55 per
1407 867 172 55 huiusmodi
1539 867 132 55 ideas.
1632 867 106 55 vnde
1698 867 132 55 inauit
1791 867 146 55 Seneca.
1897 867 93 55 li.
1936 867 93 55 viii.

1250 906 178 59 epistuolarum
1394 906 122 59 Lucilii
1483 906 133 59 epistola
1583 906 111 59 prima.
1661 906 89 59 quod
1717 906 89 59 idea
1772 906 122 59 dicitur
1861 906 67 59 vt
1895 906 78 59 est
1939 906 67 59 in
1961 906 78 59 arti-

1243 946 128 76 fice.
1328 946 100 76 sed
1385 946 114 76 idon
1457 946 86 76 in
1499 946 214 76 artificiato
1671 946 128 76 sicut
1756 946 185 76 diceremus
1899 946 100 76 suo
1941 946 86 76 modo

1251 989 133 68 albedo
1344 989 80 68 et
1383 989 133 68 album.
1476 989 93 68 ita
1529 989 106 68 quod
1596 989 106 68 idon
1662 989 93 68 est
1715 989 159 68 effectus
1821 989 93 68 idee.

1273 1027 94 83 ¶
1311 1027 131 83 Sed
1386 1027 150 83 quid
1479 1027 150 83 sit:
1573 1027 150 83 nota
1666 1027 150 83 quod
1760 1027 150 83 idea
1835 1027 187 83 secundum

1242 1094 106 57 doc.
1308 1094 132 57 subti.
1401 1094 79 57 e.
1440 1094 93 57 di.
1493 1094 119 57 xxxv.
1573 1094 119 57 primi
1652 1094 93 57 est
1705 1094 132 57 eterna
1798 1094 119 57 ratio
1877 1094 79 57 in
1917 1094 119 57 mente
1983 1094 53 57 di

1244 1140 109 45 uina
1313 1140 164 45 secundum
1435 1140 109 45 quam
1503 1140 150 45 aliquid
1612 1140 95 45 est
1667 1140 177 45 formabile
1803 1140 136 45 anquam
1885 1140 150 45 formetur.

1244 1179 72 54 ¶
1272 1179 130 54 Primo
1359 1179 130 54 dicit
1445 1179 115 54 quod
1517 1179 115 54 idea
1589 1179 101 54 est
1647 1179 130 54 ratio
1733 1179 144 54 eterna
1834 1179 86 54 in
1878 1179 130 54 mente
1950 1179 86 54 diui

1237 1228 91 51 na.
1289 1228 78 51 Ex
1328 1228 104 51 quae
1393 1228 117 51 paest
1471 1228 104 51 quod
1536 1228 78 51 in
1575 1228 117 51 nulla
1653 1228 156 51 creatura
1770 1228 117 51 habet
1848 1228 104 51 esse
1913 1228 104 51 idea
1965 1228 65 51 pro

1236 1263 107 53 prie
1302 1263 174 53 loquendo.
1436 1263 107 53 quia
1503 1263 107 53 idea
1570 1263 94 53 est
1623 1263 120 53 ratio
1703 1263 147 53 eterna.
1810 1263 120 53 Nihil
1890 1263 120 53 autem
1957 1263 67 53 est

1245 1309 139 50 eternum
1347 1309 101 50 nisi
1410 1309 114 50 deus.
1486 1309 114 50 Tamen
1562 1309 190 50 transfertur
1714 1309 76 50 ad
1752 1309 165 50 creaturam
1878 1309 114 50 sicut
1941 1309 89 50 dictu

1236 1347 91 50 tur
1288 1347 104 50 idea
1353 1347 169 50 artificis
1483 1347 91 50 Est
1535 1347 117 50 autem
1613 1347 78 50 in
1653 1347 117 50 mente
1731 1347 130 50 diuina
1822 1347 78 50 ex
1861 1347 91 50 qua
1900 1347 130 50 secundum

1243 1389 132 55 aliquos
1339 1389 132 55 dicitur
1435 1389 96 55 idea
1494 1389 108 55 quasi
1566 1389 72 55 in
1602 1389 84 55 deo
1650 1389 132 55 Secundo
1746 1389 108 55 dicit
1818 1389 96 55 doc.
1877 1389 120 55 subti.
1949 1389 72 55 quod

1237 1430 108 47 idea
1305 1430 95 47 est
1359 1430 163 47 secundum
1482 1430 108 47 quam
1549 1430 149 47 aliquid
1658 1430 122 47 extat
1739 1430 176 47 formabile
1875 1430 81 47 et
1916 1430 95 47 hoc
1956 1430 68 47 de-

1240 1470 81 48 bet
1287 1470 116 48 accipi
1368 1470 81 48 sic
1414 1470 69 48 id
1449 1470 81 48 est
1495 1470 139 48 secundum
1599 1470 92 48 quam
1657 1470 127 48 aliquid
1749 1470 139 48 formatur
1853 1470 69 48 vt
1888 1470 81 48 sit
1923 1470 92 48 sensus

1243 1514 122 45 Sicut
1325 1514 149 45 artifex
1433 1514 163 45 operatur
1555 1514 163 45 secundum
1677 1514 122 45 artem
1759 1514 108 45 quam
1827 1514 122 45 habet
1908 1514 81 45 in
1935 1514 95 45 mente

1236 1552 89 54 Sic
1287 1552 102 54 deus
1351 1552 153 54 secundum
1466 1552 115 54 ideas
1542 1552 102 54 quas
1606 1552 115 54 habet
1682 1552 166 54 operatur.
1809 1552 127 54 Tertio
1899 1552 115 54 dicit
1962 1552 64 54 an-

1243 1599 121 44 tequam
1328 1599 158 44 formetur.
1449 1599 73 44 ex
1486 1599 85 44 quo
1534 1599 109 44 patet
1607 1599 97 44 quod
1668 1599 121 44 nullum
1753 1599 134 44 creatum
1850 1599 85 44 est
1886 1599 134 44 coeternum

1231 1631 139 70 ideis.
1328 1631 97 70 imo
1384 1631 166 70 exigitur
1508 1631 194 70 praecessio
1661 1631 152 70 idearum
1772 1631 125 70 super
1855 1631 152 70 ideata.
1952 1631 69 70 Hec

1213 1679 148 59 Guil.

1279 1706 113 87 ¶
1325 1706 271 87 Qualibus
1528 1706 271 87 nomnibus
1732 1706 181 87 idea
1845 1706 203 87 solet
1958 1706 90 87 no

1236 1787 174 48 minari.
1363 1787 142 48 Notat
1458 1787 127 48 idem
1537 1787 142 48 Guil.
1632 1787 127 48 quod
1711 1787 127 48 idea
1790 1787 95 48 in
1837 1787 142 48 greco
1916 1787 111 48 habet

1233 1818 105 60 tria
1298 1818 131 60 nomina
1390 1818 92 60 Nam
1443 1818 118 60 primo
1521 1818 144 60 dicitur
1626 1818 197 60 ethimagium.
1783 1818 144 60 Secundo
1888 1818 144 60 dicitur
1980 1818 52 60 pa

1232 1873 165 47 radigma.
1356 1873 138 47 Tertio
1452 1873 124 47 idea.
1535 1873 83 47 De
1576 1873 124 47 primo
1659 1873 151 47 dicitur
1769 1873 110 47 lib.
1837 1873 83 47 i.
1879 1873 124 47 Meta.
1947 1873 83 47 quod

1235 1911 143 57 forma
1330 1911 206 57 imprimens
1489 1911 174 57 vocatur
1616 1911 222 57 ethimagium
1790 1911 190 57 secundum
1917 1911 79 57 mod

1240 1958 188 44 platonis.
1384 1958 87 44 et
1428 1958 130 44 forma
1514 1958 174 44 impressa
1645 1958 159 44 vocatur
1761 1958 188 44 sigillum.
1905 1958 87 44 De
1934 1958 87 44 sedo

1237 1999 136 51 patet
1327 1999 90 51 ex
1373 1999 136 51 primo
1463 1999 90 51 de
1508 1999 106 51 di.
1569 1999 106 51 no.
1629 1999 106 51 vbi
1689 1999 151 51 Diony.
1795 1999 121 51 vsus
1870 1999 121 51 fuit
1930 1999 106 51 para-

1240 2044 158 46 digmate
1355 2044 101 46 pro
1412 2044 115 46 idea
1484 2044 172 46 secundum
1613 2044 244 46 translationem
1814 2044 144 46 Scoti.
1914 2044 86 46 De
1943 2044 72 46 te-

1234 2084 80 58 tio
1279 2084 92 58 Aug.
1337 2084 92 58 lib.
1394 2084 137 58 lxxxiii.
1497 2084 183 58 quaestionum.
1646 2084 69 58 q.
1680 2084 103 58 iiii.
1749 2084 80 58 et.
1795 2084 69 58 xl
1829 2084 80 58 vi.
1875 2084 103 58 dicit
1943 2084 92 58 quod
1989 2084 46 58 no

1232 2118 94 57 men
1285 2118 108 57 idee
1353 2118 67 57 a
1379 2118 148 57 platone
1487 2118 161 57 repartum
1608 2118 108 57 est.
1675 2118 108 57 Unde
1742 2118 108 57 ista
1810 2118 94 57 duo
1863 2118 134 57 ilicet
1944 2118 94 57 ethus

1230 2168 151 54 magium
1336 2168 91 54 et
1381 2168 121 54 idea
1456 2168 75 54 a
1487 2168 166 54 platone
1607 2168 121 54 sunt
1683 2168 181 54 accepta.
1819 2168 121 54 Item
1894 2168 91 54 in
1924 2168 106 54 later

1232 2206 84 51 no
1274 2206 126 51 etiam
1358 2206 126 51 habet
1442 2206 112 51 tria
1512 2206 154 51 nomina.
1624 2206 126 51 Primo
1709 2206 154 51 dicitur
1821 2206 98 51 ars
1877 2206 84 51 vt
1905 2206 126 51 habetur

1230 2255 88 42 ex
1274 2255 132 42 Augu.
1362 2255 103 42 vi.
1421 2255 88 42 de
1465 2255 117 42 tri.
1538 2255 103 42 vbi
1597 2255 132 42 dicit
1685 2255 117 42 quod
1758 2255 88 42 in
1802 2255 161 42 diuinis
1905 2255 117 42 filius

1226 2289 99 52 est
1282 2289 99 52 ars
1339 2289 127 52 plena
1423 2289 141 52 omnium
1522 2289 169 52 rationum
1649 2289 197 52 viuentium.
1804 2289 155 52 Secundo
1902 2289 127 52 dicitur

1236 2334 117 49 ratio
1314 2334 78 49 vt
1353 2334 143 49 habetur
1458 2334 78 49 ex
1497 2334 117 49 eodem
1575 2334 104 49 Aug.
1640 2334 104 49 lib.
1705 2334 156 49 lxxxiii.
1822 2334 196 49 quaestionum
1966 2334 65 49 vbt

1234 2375 128 50 dicit
1319 2375 113 50 quod
1390 2375 128 50 aliam
1475 2375 156 50 ratione
1588 2375 170 50 conditus
1716 2375 99 50 est
1773 2375 128 50 homo.
1858 2375 113 50 Alia
1915 2375 113 50 equus.

1226 2420 147 52 ¶Tertio
1333 2420 147 52 dicitur
1440 2420 161 52 exemplar
1560 2420 107 52 quod
1627 2420 147 52 habetur
1734 2420 67 52 a
1761 2420 134 52 Diony.
1855 2420 121 52 iiii.
1935 2420 80 52 de
1962 2420 67 52 di.

1228 2461 117 52 no.
1295 2461 117 52 vbi
1362 2461 133 52 enim
1445 2461 167 52 Ioanis
1562 2461 150 52 Scoti
1661 2461 233 52 translatio
1845 2461 150 52 abbas
1928 2461 100 52 ver-

1224 2493 175 58 cellen.
1352 2493 144 58 habet
1447 2493 207 58 exemplar.
1607 2493 112 58 Hec
1671 2493 96 58 ex
1702 2493 112 58 Guil.

1221 2540 119 64 ¶
1269 2540 143 64 An
1341 2540 191 64 ergo
1460 2540 191 64 esse
1579 2540 263 64 volitum
1770 2540 143 64 in
1842 2540 167 64 deo
1914 2540 119 64 sit

1240 2597 78 48 vel
1284 2597 123 48 dicatur
1374 2597 100 48 idea:
1441 2597 167 48 Respondetur
1575 2597 134 48 secundum
1675 2597 100 48 Guil.
1742 2597 89 48 quod
1798 2597 78 48 non
1842 2597 78 48 est
1887 2597 100 48 idea.
1943 2597 78 48 primo

1234 2645 100 50 quia
1296 2645 87 50 non
1346 2645 87 50 est
1395 2645 112 50 ratio
1470 2645 75 50 vt
1507 2645 87 50 est
1557 2645 149 50 volitum.
1669 2645 137 50 Secundo
1769 2645 100 50 quia
1831 2645 100 50 idea
1893 2645 87 50 est
1943 2645 75 50 in
1968 2645 62 50 men

1227 2687 97 63 te
1275 2687 161 63 diuina
1388 2687 145 63 sicut
1485 2687 193 63 cognitum
1630 2687 97 63 in
1678 2687 258 63 cognoscente.
1888 2687 113 63 sed
1936 2687 97 63 esse
