2251 3313
170 272 155 71 volitum
283 272 99 71 est
339 272 85 71 in
382 272 183 71 voluntate
523 272 99 71 non
579 272 85 71 in
621 272 212 71 intellectum
791 272 183 71 inquantum
918 272 56 71 vo

180 326 126 51 litum.
268 326 100 51 ergo
331 326 88 51 non
381 326 88 51 est
432 326 113 51 idea.
507 326 126 51 Tertio
595 326 151 51 secundum
708 326 176 51 Scotorlis.
846 326 75 51 in
871 326 88 51 primo

184 374 104 48 di.
243 374 148 48 xxxvi.
347 374 89 48 q.
392 374 89 48 i.
436 374 119 48 Idea
510 374 104 48 est
570 374 133 48 forma
659 374 267 48 intellectualis
866 374 104 48 exem-

183 415 132 48 plaris.
279 415 96 48 Quod
339 415 96 48 emim
398 415 84 48 sit
446 415 108 48 forma
518 415 108 48 patet
590 415 84 48 per
638 415 96 48 Aug.
698 415 84 48 li.
746 415 144 48 lxxxiii.
841 415 120 48 quaestio

186 459 78 56 q.
225 459 117 56 iiii.
303 459 91 56 vbi
355 459 117 56 dicit
434 459 104 56 quod
499 459 104 56 idea
564 459 91 56 est
616 459 130 56 forma.
707 459 104 56 Idea
772 459 104 56 enim
838 459 117 56 grece
903 459 65 56 for

177 499 71 57 ma
213 499 130 57 dicitur
307 499 130 57 latine.
402 499 95 57 Item
461 499 95 57 quod
520 499 83 57 sit
567 499 213 57 intellectualis
744 499 106 57 patet
815 499 130 57 ibidem.
898 499 71 57 quia

183 540 92 57 idea
241 540 127 57 dicitur
333 540 104 57 ratio
402 540 92 57 quae
460 540 104 57 habet
529 540 92 57 esse
586 540 69 57 in
621 540 173 57 intellectu.
759 540 92 57 ergo
816 540 92 57 etc.
862 540 104 57 Denique

183 582 96 49 quod
243 582 84 49 sit
291 582 168 49 exemplaris
424 582 156 49 probatur.
544 582 96 49 Illa
604 582 96 49 enim
664 582 108 49 forma
736 582 132 49 dicitur
821 582 144 49 exemplaris

186 626 107 45 que
247 626 107 45 est
308 626 276 45 intellectualis
538 626 92 45 et
584 626 214 45 productiua
753 626 92 45 ad
798 626 153 45 extra.
890 626 77 45 Sed

190 665 98 57 idea
251 665 85 57 est
300 665 171 57 huiusmodi.
434 665 98 57 ergo
495 665 134 57 habetur
593 665 183 57 propositum.
739 665 98 57 Esse
800 665 110 57 autem
861 665 110 57 volitum

185 704 91 51 non
237 704 91 51 est
289 704 117 51 forma
368 704 235 51 intellectualis
563 704 196 51 exemplaris.
720 704 104 51 ergo
785 704 104 51 etc.
851 704 65 51 ¶
877 704 78 51 Ad
903 704 65 51 hec

186 752 86 51 pro
235 752 173 51 euidentia.
371 752 99 51 Nota
433 752 148 51 secundum
544 752 74 51 e.
581 752 148 51 Scotorl.
692 752 124 51 supra.
779 752 111 51 iuxta
853 752 99 51 viam
902 752 62 51 do-

190 796 100 40 cto.
252 796 125 40 subti.
339 796 100 40 quod
402 796 100 40 idea
464 796 75 40 in
502 796 112 40 nobis
577 796 137 40 accepta
676 796 87 40 est
726 796 112 40 illud
801 796 87 40 per
851 796 100 40 quod
901 796 75 40 arti

188 832 100 48 fex
245 832 85 48 in
287 832 128 48 mente
373 832 85 48 se
415 832 128 48 habet
501 832 85 48 ad
543 832 185 48 faciendum
686 832 213 48 artificium.
856 832 114 48 puta
913 832 57 48 do

193 876 83 45 mum
241 876 83 45 vel
288 876 119 45 arcam.
371 876 95 45 vnde
431 876 190 45 philosophus.
585 876 95 45 vii.
644 876 107 45 Meta.
716 876 107 45 dicit
787 876 95 45 quod
846 876 59 45 a
870 876 95 45 domo
918 876 59 45 in-

187 917 97 61 tra
242 917 83 61 id
284 917 97 61 est
339 917 83 61 in
380 917 124 61 mente
463 917 97 61 fit
518 917 124 61 domus
601 917 83 61 ad
643 917 124 61 extra
725 917 69 61 ¶
753 917 97 61 Ibi
808 917 110 61 enim
863 917 97 61 domus

189 962 76 53 ad
227 962 114 53 extra
304 962 165 53 accipitur
431 962 89 53 pro
482 962 140 53 obiecto
584 962 140 53 cognito
685 962 89 53 per
736 962 203 53 intellectum.
889 962 76 53 ergo

181 1004 129 47 patet
267 1004 115 47 quod
339 1004 115 47 idea
410 1004 100 47 est
468 1004 129 47 forma
554 1004 258 47 intellectualis
769 1004 201 47 exemplaris
913 1004 57 47 ad

198 1048 104 53 extra
268 1048 174 53 productiua.
407 1048 70 53 et
442 1048 81 53 sic
488 1048 104 53 patet
558 1048 162 53 propositum
685 1048 70 53 Ex
720 1048 162 53 praedictis
848 1048 104 53 patet
905 1048 70 53 quod

192 1085 96 58 idea
252 1085 169 58 formaliter
385 1085 108 58 solum
457 1085 108 58 dicit
529 1085 96 58 esse
589 1085 145 58 cognitum
698 1085 72 58 vt
734 1085 108 58 dicit
806 1085 108 58 Guil.
879 1085 72 58 in
903 1085 84 58 quae-

197 1127 103 61 stione
269 1127 93 61 prol.
331 1127 72 61 ii.
362 1127 155 61 sententiarum.

192 1169 112 75 ¶
236 1169 201 75 Utrum
371 1169 179 75 idee
483 1169 179 75 sint
595 1169 246 75 ponende
774 1169 134 75 in
818 1169 157 75 rerum

188 1236 146 56 natura:
294 1236 159 56 Arguitur
413 1236 106 56 quod
479 1236 106 56 non.
546 1236 106 56 quia
612 1236 199 56 philosophus
771 1236 159 56 improbat
877 1236 93 56 ideas

199 1276 120 60 vii.
274 1276 135 60 Meta.
364 1276 120 60 ergo
439 1276 105 60 non
499 1276 120 60 sunt
574 1276 165 60 ponende
694 1276 75 60 ¶
724 1276 90 60 In
769 1276 195 60 oppositum
904 1276 75 60 est

201 1311 90 65 Aug.
257 1311 79 65 li.
302 1311 135 65 lxxxiii.
404 1311 146 65 quaestio.
516 1311 68 65 q.
550 1311 101 65 iiii.
618 1311 56 65 ¶
640 1311 169 65 Respondetur
775 1311 135 65 secundum
866 1311 101 65 Scotorl

194 1361 115 58 quod
266 1361 101 58 aut
323 1361 115 58 idee
395 1361 173 58 ponuntur
525 1361 173 58 separate
654 1361 130 58 sicut
741 1361 173 58 imposuit
856 1361 115 58 Arist.

191 1396 188 63 platoni.
332 1396 125 63 vii.
410 1396 141 63 Meta.
504 1396 94 63 et
551 1396 109 63 sic
613 1396 109 63 non
676 1396 125 63 sunt
754 1396 172 63 ponende
879 1396 78 63 ¶
895 1396 78 63 Im-

195 1436 137 63 ponit
286 1436 122 63 enim
363 1436 168 63 platoni
485 1436 137 63 sicut
576 1436 153 63 narrat
683 1436 137 63 Fran.
775 1436 153 63 mayro.
866 1436 107 63 dist.

186 1488 133 51 xlvii.
279 1488 119 51 primi
358 1488 80 51 et
398 1488 119 51 Rich.
478 1488 93 51 di.
531 1488 133 51 xxxvi.
624 1488 106 51 quod
690 1488 159 51 scilicet
809 1488 119 51 Plato
876 1488 106 51 posue-

189 1527 94 57 rit
242 1527 120 57 ideam
322 1527 107 57 esse
389 1527 107 57 vnum
456 1527 134 57 quodam
550 1527 187 57 singulare.
697 1527 107 57 quod
763 1527 120 57 esset
830 1527 134 57 pluribus

194 1573 155 46 commune.
310 1573 78 46 Et
349 1573 91 46 sic
401 1573 103 46 quod
466 1573 116 46 esset
543 1573 91 46 ens
595 1573 116 46 actum
673 1573 155 46 existens
789 1573 168 46 separatum
905 1573 65 46 lo-

196 1614 135 47 caliter
294 1614 147 47 scilicet
405 1614 74 47 in
442 1614 98 47 aere
515 1614 197 47 mensuraretur
675 1614 135 47 tempore
773 1614 74 47 et
810 1614 98 47 sine
859 1614 111 47 materia

179 1655 160 49 secundum
299 1655 147 49 numerum
406 1655 174 49 specierum
539 1655 80 49 vt
579 1655 120 49 forme
659 1655 187 49 naturales.
806 1655 80 49 Et
846 1655 93 49 sic
887 1655 93 49 impo-

193 1695 99 53 nit
249 1695 113 53 sibi
320 1695 156 53 Aristo.
433 1695 113 53 quod
504 1695 141 53 essent
603 1695 141 53 quedam
702 1695 156 53 monstra
815 1695 85 53 in
858 1695 113 53 aere
914 1695 71 53 exi

185 1744 157 46 stentia
299 1744 199 46 singularia
455 1744 171 46 separata
583 1744 214 46 simpliciter
754 1744 85 46 ab
797 1744 114 46 omni
868 1744 114 46 loco
925 1744 57 46 et

189 1779 147 56 tempore.
299 1779 98 56 Unde
360 1779 74 56 si
397 1779 98 56 quis
459 1779 86 56 sic
508 1779 135 56 poneret
606 1779 110 56 ideas
679 1779 147 56 erroneum
790 1779 123 56 esset.
876 1779 98 56 ergo
925 1779 61 56 sic

190 1827 96 54 non
245 1827 109 54 sunt
313 1827 150 54 ponende
422 1827 82 54 vt
463 1827 123 54 patet
545 1827 96 54 per
600 1827 232 54 improbationem
791 1827 191 54 philosophi
927 1827 55 54 et

192 1872 184 43 secundum
330 1872 138 43 omnes
421 1872 153 43 theolo
529 1872 123 43 doc.
605 1872 77 43 ¶
636 1872 168 43 Secundo
758 1872 123 43 vero
835 1872 107 43 aut
881 1872 107 43 ponun

202 1904 95 52 tur
257 1904 108 52 idee
324 1904 108 52 esse
392 1904 81 52 in
433 1904 203 52 intellectu.
595 1904 190 52 praesertim
744 1904 135 52 diuino
839 1904 122 52 sicut
907 1904 81 52 Aug.

190 1943 87 55 li.
239 1943 150 55 lxxxiii.
352 1943 187 55 quaestionum
502 1943 150 55 exposuit
614 1943 162 55 platonem.
739 1943 75 55 et
776 1943 87 55 sic
826 1943 100 55 bene
876 1943 100 55 ponun-

201 1998 91 52 tur
253 1998 104 52 idee
318 1998 78 52 in
357 1998 117 52 mente
435 1998 156 52 scilicet
552 1998 130 52 diuina
644 1998 143 52 proprie
748 1998 156 52 loquendo
865 1998 78 52 In
891 1998 91 52 crea-

193 2031 90 54 to
238 2031 134 54 autem
328 2031 224 54 intellectum
507 2031 134 54 large
597 2031 209 54 accipiendo
761 2031 134 54 ideam
836 2031 149 54 Probatur

188 2077 128 51 quia
268 2077 256 51 nobilissimus
476 2077 144 51 modus
572 2077 224 51 producendi
748 2077 112 51 non
812 2077 176 51 deficit
924 2077 64 51 in

199 2115 234 59 vniuerso.
379 2115 126 59 Sed
451 2115 288 59 nobilissimus
685 2115 162 59 modus
775 2115 216 59 producendi

191 2157 91 53 est
243 2157 91 53 per
295 2157 194 53 intellectum
450 2157 78 53 et
489 2157 181 53 voluntatem
631 2157 91 53 per
683 2157 155 53 rationes
799 2157 155 53 ideales.
902 2157 78 53 ergo

192 2199 115 52 idee
263 2199 115 52 sunt
335 2199 157 52 ponende
449 2199 72 52 ¶
478 2199 157 52 Quomodo
593 2199 129 52 autem
678 2199 157 52 patebit
793 2199 143 52 infra.
893 2199 86 52 §.
922 2199 57 52 vi

209 2247 126 68 ¶
259 2247 176 68 Sed
360 2247 201 68 quid
486 2247 151 68 de
561 2247 352 68 platonicis
813 2247 176 68 ideis

216 2305 74 51 De
253 2305 87 51 hoc
302 2305 99 51 nota
364 2305 148 51 secundum
475 2305 111 51 Guil.
549 2305 124 51 supra.
636 2305 87 51 di.
685 2305 111 51 xxxv.
760 2305 74 51 De
797 2305 87 51 his
846 2305 111 51 ideis
908 2305 74 51 quae

208 2346 154 50 fuerit
315 2346 185 50 intentio
454 2346 185 50 platonis
592 2346 138 50 varii
684 2346 138 50 varie
761 2346 185 50 loquuntur.

206 2387 119 60 Primo
285 2387 211 60 probabiliter
456 2387 132 60 inquit
549 2387 145 60 dicitur
654 2387 105 60 quod
720 2387 158 60 platonis
839 2387 145 60 positio
931 2387 66 60 fu-

205 2434 91 48 it
250 2434 121 48 quod
326 2434 121 48 iste
402 2434 121 48 idee
478 2434 152 48 essent
584 2434 91 48 in
630 2434 152 48 diuina
736 2434 137 48 mente
827 2434 121 48 quam
888 2434 106 48 vocat

199 2477 135 48 Noym
284 2477 101 48 vt
334 2477 169 48 refert
453 2477 220 48 Macrobius
622 2477 152 48 libro
723 2477 101 48 de
774 2477 152 48 somno
859 2477 135 48 scipi.

192 2515 231 47 mediantibus
376 2515 154 47 quibus
484 2515 169 47 creauit
607 2515 185 47 vniuersa
746 2515 92 47 vt
792 2515 139 47 patet
884 2515 92 47 in
915 2515 77 47 Ti-

195 2562 121 46 meo.
270 2562 121 46 vnde
346 2562 136 46 Boec.
436 2562 181 46 allegans
572 2562 121 46 eius
647 2562 151 46 dictum
753 2562 181 46 metrice.
888 2562 106 46 iii
934 2562 60 46 de

194 2597 173 46 consol.
320 2597 157 46 metro.
430 2597 94 46 x.
478 2597 157 46 dicit.
588 2597 157 46 Mundum
698 2597 142 46 mente
792 2597 157 46 gerens
887 2597 110 46 simi-

200 2645 142 43 lique
295 2645 173 43 imagine
421 2645 173 43 formans
547 2645 95 43 id
594 2645 110 43 est
657 2645 158 43 gerens
767 2645 95 43 in
815 2645 142 43 mente
893 2645 95 43 mun-

195 2673 109 74 dum
258 2673 219 74 archetypum
430 2673 109 74 seu
492 2673 234 74 exemplarem.
680 2673 94 74 et
726 2673 94 74 ad
773 2673 125 74 eius
836 2673 156 74 imaginem

1015 283 164 51 mundum
1130 283 164 51 creans
1244 283 230 51 sensibile.
1425 283 99 51 et
1474 283 115 51 ita
1540 283 148 51 Plato
1638 283 115 51 non
1688 283 131 51 posuit

1024 331 143 44 ydeas
1119 331 190 44 realiter
1262 331 222 44 distinguia
1436 331 127 44 deo.
1515 331 95 44 Et
1563 331 111 44 hoc
1610 331 206 44 confirmatur

1024 369 193 49 auctoritate
1178 369 103 49 Aug.
1243 369 103 49 vii.
1307 369 141 49 confes.
1410 369 90 49 vbi
1461 369 116 49 dicit
1538 369 154 49 Formasti
1654 369 103 49 mihi
1705 369 103 49 domine

1026 411 172 57 quosdam
1151 411 250 57 platonicorum
1354 411 156 57 libros
1464 411 94 57 ex
1511 411 141 57 greca
1604 411 156 57 lingua
1714 411 94 57 in
1745 411 78 57 la-

1020 455 129 51 tinum
1106 455 144 51 versos
1207 455 101 51 vbi
1264 455 115 51 legi
1336 455 101 51 non
1394 455 144 51 eisdem
1494 455 144 51 verbis
1595 455 101 51 sed
1652 455 144 51 eisdem
1739 455 86 51 sen-

1025 499 147 53 tentiis
1132 499 107 53 quod
1199 499 80 53 in
1239 499 174 53 principio
1373 499 107 53 erat
1440 499 134 53 verbum
1533 499 80 53 et
1573 499 134 53 verbum
1667 499 107 53 erat
1721 499 80 53 apud

1020 539 118 49 deum
1094 539 118 49 etc.
1168 539 104 49 Ubi
1227 539 118 49 Aug.
1301 539 104 49 per
1360 539 148 49 verbum
1464 539 133 49 capit
1553 539 148 49 ideas.
1656 539 89 49 et
1701 539 104 49 ita
1745 539 74 49 est

1027 583 145 48 realis
1128 583 188 48 identitas
1273 583 116 48 quia
1345 583 159 48 dicitur
1461 583 87 48 et
1504 583 116 48 deus
1577 583 116 48 erat
1649 583 145 48 verbum
1736 583 87 48 etc.

1053 619 78 60 ¶
1085 619 172 60 Secundo
1210 619 219 60 Eustratius
1382 619 94 60 in
1428 619 188 60 Commento
1569 619 141 60 primi
1647 619 172 60 ethicorum

1033 664 116 53 vbi
1100 664 182 53 Exponit
1232 664 215 53 opinionem
1397 664 199 53 Platonis
1546 664 116 53 qui
1612 664 165 53 posuit
1712 664 99 53 quod

1037 707 120 47 bonum
1117 707 93 47 per
1170 707 80 47 se
1210 707 93 47 est
1263 707 133 47 homins
1356 707 186 47 felicitas.
1503 707 80 47 et
1542 707 173 47 increpans
1676 707 146 47 Aristo.
1769 707 53 47 de

1023 747 257 50 impugnatione
1232 747 209 50 Plationis
1392 747 145 50 dicit
1489 747 177 50 Poteras
1601 747 209 50 Aristoteles

1038 791 112 53 aliud
1112 791 137 53 dicere.
1212 791 100 53 Unde
1275 791 75 53 in
1312 791 125 53 textum
1399 791 150 53 Commenti
1512 791 137 53 dicitur
1611 791 100 53 quod
1674 791 112 53 aliud
1736 791 75 53 sen-

1023 836 180 47 tiebat
1149 836 180 47 Plato.
1275 836 162 47 aliud
1383 836 252 47 impugnabat
1582 836 198 47 Aristo.
1708 836 108 47 Quod

1030 874 106 49 non
1090 874 167 49 apparet
1212 874 121 49 nisi
1288 874 121 49 quia
1363 874 136 49 Plato
1454 874 167 49 ponebat
1575 874 136 49 ideam
1666 874 121 49 boni
1727 874 91 49 deum

1036 925 116 60 esse
1108 925 87 60 Et
1151 925 159 60 Aristo.
1267 925 159 60 dicebat
1382 925 116 60 quod
1455 925 159 60 ponebat
1570 925 145 60 quodam
1671 925 130 60 aliud
1744 925 72 60 se-

1024 967 174 47 paratum.
1154 967 101 47 Hec
1212 967 87 47 ex
1255 967 130 47 Guil.
1342 967 72 47 ¶
1371 967 145 47 Tertio
1472 967 116 47 ergo
1544 967 174 47 secundum
1674 967 130 47 Fran.
1747 967 72 47 ma-

1025 1007 89 48 ro.
1076 1007 76 48 in
1114 1007 139 48 confla.
1215 1007 114 48 primi
1291 1007 89 48 di.
1341 1007 76 48 xl
1379 1007 101 48 vii.
1443 1007 76 48 q.
1481 1007 76 48 i.
1519 1007 76 48 et
1556 1007 101 48 iii.
1620 1007 164 48 excusatur
1733 1007 89 48 Plato

1043 1045 102 52 quia
1107 1045 102 52 idee
1171 1045 153 52 secundum
1286 1045 102 52 quod
1350 1045 115 52 ponit
1426 1045 115 52 Plato
1503 1045 153 52 videtur.
1618 1045 102 52 quod
1682 1045 102 52 sint
1733 1045 89 52 eedem

1038 1092 113 49 cum
1102 1092 113 49 eis
1167 1092 129 49 quas
1247 1092 161 49 ponunt
1360 1092 209 49 theologi.
1520 1092 177 49 Nimirum
1649 1092 129 49 idem
1713 1092 113 49 Fran.

1035 1130 134 52 maro.
1124 1130 134 52 dicit
1214 1130 134 52 Plato
1303 1130 193 52 aliquando
1451 1130 119 52 fuit
1526 1130 164 52 locutus
1645 1130 89 52 de
1689 1130 134 52 ideis
1764 1130 59 52 et

1036 1176 198 54 huiusmodi
1188 1176 137 54 sicut
1279 1176 213 54 theologus.
1446 1176 91 54 Et
1492 1176 106 54 sic
1552 1176 137 54 Augu.
1644 1176 137 54 ideas
1720 1176 106 54 ponit

1032 1215 88 49 in
1076 1215 103 49 deo
1135 1215 162 49 concors
1253 1215 176 49 Platoni.
1385 1215 191 49 Aliquando
1532 1215 132 49 autem
1620 1215 118 49 fuit
1694 1215 162 49 locutus

1034 1255 97 43 vt
1082 1255 259 43 metaphysicus
1293 1255 97 43 Et
1341 1255 97 43 vt
1389 1255 113 43 sic
1454 1255 129 43 idea
1535 1255 113 43 non
1600 1255 113 43 est
1664 1255 146 43 aliud
1745 1255 81 43 ni-

1041 1297 81 48 si
1081 1297 121 48 ratio
1162 1297 189 48 quiditatis
1310 1297 81 48 Et
1351 1297 81 48 in
1391 1297 108 48 isto
1459 1297 189 48 intellectu
1607 1297 202 48 persequitur
1756 1297 67 48 eum

1031 1338 163 53 Aristo.
1150 1338 193 53 imponendo
1298 1338 178 53 platoni.
1431 1338 104 53 qui
1490 1338 133 53 tamen
1579 1338 133 53 negat
1668 1338 133 53 istas
1742 1338 74 53 con

1037 1380 155 53 ditiones
1153 1380 78 53 de
1192 1380 116 53 ideis
1270 1380 155 53 scilicet
1386 1380 103 53 quod
1451 1380 129 53 essent
1541 1380 181 53 singularia
1684 1380 155 53 communis

1033 1424 165 46 separata
1157 1424 110 46 etc.
1226 1424 110 46 Unde
1295 1424 83 46 et
1336 1424 165 46 rationes
1460 1424 138 46 quibus
1556 1424 165 46 improbat
1680 1424 124 46 ideas
1748 1424 69 46 non

1032 1471 215 41 concludunt
1200 1471 153 41 contra
1308 1471 184 41 platone.
1446 1471 123 41 quia
1523 1471 169 41 arguunt
1630 1471 184 41 supponendo

1038 1505 76 50 si
1076 1505 89 50 sic
1127 1505 152 50 dixisse.
1241 1505 89 50 cum
1291 1505 114 50 tamen
1367 1505 89 50 non
1418 1505 89 50 sic
1469 1505 114 50 dixit
1545 1505 127 50 Plato.
1633 1505 76 50 vt
1671 1505 76 50 ei
1709 1505 114 50 falso
1772 1505 51 50 im

1035 1544 149 58 ponitur
1144 1544 95 58 vel
1198 1544 176 58 fortassis
1333 1544 95 58 per
1387 1544 176 58 inuidiam.
1522 1544 95 58 vel
1576 1544 108 58 quia
1643 1544 135 58 inquit
1724 1544 95 58 licet

1039 1590 152 51 Aristo.
1150 1590 138 51 fuerit
1246 1590 124 51 bonus
1329 1590 207 51 philosophus
1494 1590 124 51 tamen
1577 1590 221 51 metaphysicus
1742 1590 83 51 pes-

1038 1627 136 54 simus
1129 1627 121 54 quia
1205 1627 182 54 nesciuit
1341 1627 212 54 abstrahere
1508 1627 91 54 et
1553 1627 121 54 ideo
1629 1627 182 54 pessimam
1750 1627 76 54 me-

1044 1674 215 44 taphysicam
1212 1674 153 44 fecit.
1320 1674 123 44 Unde
1396 1674 107 44 non
1458 1674 123 44 sunt
1535 1674 169 44 Platoni
1657 1674 199 44 imponende

1037 1720 105 52 iste
1102 1720 105 52 idee
1168 1720 157 52 predicto
1286 1720 105 52 modo
1352 1720 105 52 quia
1417 1720 92 52 non
1470 1720 92 52 est
1522 1720 184 52 verisimile
1666 1720 105 52 quod
1732 1720 92 52 tam
1771 1720 66 52 pre

1036 1757 143 51 clarus
1136 1757 214 51 philosophus
1307 1757 114 51 quem
1379 1757 114 51 Aug.
1450 1757 86 51 et
1493 1757 114 51 alii
1565 1757 143 51 sancti
1650 1757 172 51 commendant

1036 1800 110 69 hoc
1099 1800 204 69 posuisset
1256 1800 125 69 quod
1334 1800 157 69 omnino
1444 1800 125 69 fuit
1522 1800 188 69 absurdum
1663 1800 110 69 Hec
1725 1800 94 69 et
1757 1800 78 69 plu

1032 1843 95 55 ra
1080 1843 158 55 ibidem
1190 1843 142 55 Fran.
1285 1843 126 55 quae
1364 1843 142 55 amore
1458 1843 221 55 brevitatis
1616 1843 158 55 dimitto.

1049 1904 96 63 ¶
1087 1904 211 63 Quomodo
1240 1904 153 63 idee
1336 1904 153 63 sunt
1432 1904 230 63 ponende:
1585 1904 249 63 Respondetur

1054 1963 146 55 breviter
1163 1963 73 55 et
1200 1963 158 55 succincte
1321 1963 73 55 ex
1357 1963 97 55 Fra.
1418 1963 121 55 supra.
1503 1963 73 55 q.
1540 1963 73 55 ii
1576 1963 73 55 et
1612 1963 85 55 iii
1661 1963 97 55 quod
1722 1963 73 55 de
1746 1963 85 55 ideis

1048 2009 203 48 possumus
1201 2009 153 48 loqui
1302 2009 119 48 aut
1370 2009 237 48 theologice
1557 2009 119 48 aut
1608 2009 220 48 metaphysice

1041 2047 89 54 Si
1086 2047 223 54 theologice:
1264 2047 104 54 sic
1323 2047 119 54 idee
1397 2047 193 54 tantumodo
1546 2047 119 54 illa
1620 2047 178 54 dicuntur
1739 2047 89 54 quae

1044 2095 124 49 sunt
1121 2095 93 49 in
1167 2095 139 49 mente
1260 2095 154 49 diuina
1368 2095 216 49 formaliter
1538 2095 93 49 vt
1584 2095 185 49 rationes
1707 2095 124 49 eterne

1035 2133 97 47 ad
1083 2133 145 47 extra
1180 2133 242 47 productiue.
1374 2133 113 47 Sic
1438 2133 145 47 autem
1535 2133 226 47 necessario
1696 2133 129 47 ponunt

1054 2177 70 50 vt
1089 2177 129 50 patebit
1183 2177 70 50 in
1218 2177 187 50 sequentibus.
1370 2177 93 50 Unde
1428 2177 105 50 licet
1498 2177 140 50 secundum
1603 2177 175 50 philosophos
1732 2177 105 50 quidita

1050 2215 89 52 tes
1101 2215 114 52 rerum
1177 2215 139 52 possunt
1278 2215 101 52 dici
1341 2215 76 52 et
1379 2215 152 52 dicantur
1493 2215 101 52 idee
1556 2215 127 52 tantum
1645 2215 63 52 a
1658 2215 164 52 theologicis

1047 2257 107 50 non
1108 2257 183 50 vocantur
1245 2257 122 50 idee
1322 2257 122 50 nisi
1398 2257 107 50 que
1459 2257 122 50 sunt
1536 2257 92 50 in
1581 2257 137 50 mente
1673 2257 168 50 diuina.
1780 2257 61 50 Si

1044 2301 142 48 autem
1139 2301 189 48 loquimur
1280 2301 236 48 metaphysice
1469 2301 110 48 sic
1532 2301 126 48 idee
1611 2301 173 48 ponende
1721 2301 110 48 etiam

1044 2347 107 48 sunt
1110 2347 80 48 et
1151 2347 160 48 dicuntur
1271 2347 107 48 ipse
1338 2347 120 48 rerum
1418 2347 187 48 quiditates
1565 2347 94 48 sic
1618 2347 107 48 quod
1672 2347 160 48 abstrahant

1052 2389 85 45 ab
1094 2389 99 45 hic
1151 2389 85 45 et
1193 2389 113 45 nunc
1264 2389 85 45 et
1306 2389 85 45 ab
1348 2389 183 45 heccitate
1489 2389 99 45 que
1546 2389 155 45 ponitur
1659 2389 113 45 esse
1715 2389 113 45 indiui

1045 2431 153 44 dualis
1152 2431 214 44 proprietas
1319 2431 92 44 et
1365 2431 92 44 ab
1411 2431 214 44 existentia
1579 2431 92 44 et
1624 2431 92 44 ab
1670 2431 122 44 omni
1731 2431 107 44 poste

1045 2470 151 50 riore.
1151 2470 121 50 quia
1226 2470 91 50 vt
1272 2470 136 50 dicit
1362 2470 197 50 Auicenna.
1514 2470 91 50 v.
1559 2470 227 50 metaphysice
1725 2470 106 50 Equi-

1049 2512 149 49 nitas
1149 2512 116 49 nil
1215 2512 149 49 aliud
1314 2512 116 49 est
1381 2512 133 49 nisi
1464 2512 166 49 tantum
1580 2512 232 49 equinitas.
1745 2512 83 49 Nam

1035 2561 221 50 rationes
1201 2561 221 50 formales
1367 2561 129 50 non
1441 2561 203 50 possunt
1588 2561 185 50 negari
1699 2561 129 50 etiam

1046 2602 127 45 apud
1125 2602 221 45 tbeologos.
1299 2602 127 45 Unde
1378 2602 127 45 idee
1457 2602 190 45 secundum
1600 2602 95 45 se
1647 2602 111 45 nec
1710 2602 127 45 sunt
1774 2602 63 45 in

1041 2649 137 37 anima
1132 2649 106 37 nec
1193 2649 91 37 in
1238 2649 137 37 rerum
1330 2649 152 37 natura
1436 2649 106 37 sed
1497 2649 182 37 nusquam.
1633 2649 122 37 quia
1694 2649 137 37 abstra-

1048 2677 111 71 hunt
1117 2677 69 71 a
1145 2677 152 71 talibus
1256 2677 111 71 Ideo
1325 2677 166 71 secundum
1450 2677 83 71 se
1491 2677 111 71 sunt
1560 2677 166 71 separata
1671 2677 166 71 formaliter
