2277 3299
390 261 86 65 a
424 261 292 65 singularibus.
665 261 120 65 Sed
734 261 120 65 per
803 261 206 65 accidens
957 261 138 65 sunt
1043 261 103 65 in
1078 261 120 65 anima

397 322 179 46 obiectiue
535 322 110 46 quia
604 322 151 46 accidit
714 322 96 46 eis
769 322 110 46 quod
837 322 234 46 intelligantur
1030 322 110 46 Sunt
1085 322 96 46 etiam

410 364 80 51 in
450 364 121 51 rerum
530 364 134 51 natura
624 364 94 51 per
678 364 161 51 accidens
798 364 161 51 scilicet
919 364 94 51 per
973 364 188 51 singularia
1107 364 80 51 quia

405 405 144 49 accidit
510 405 92 49 eis
562 405 183 49 actualiter
706 405 170 49 existere.
837 405 79 49 et
876 405 92 49 per
928 405 157 49 accidens
1046 405 105 49 sunt
1098 405 79 49 com-

407 449 145 46 iuncta
508 449 246 46 singularibus.
711 449 87 46 et
754 449 101 46 sic
812 449 159 46 accidit
928 449 101 46 eis
986 449 116 46 esse
1059 449 87 46 in
1088 449 101 46 pluri

394 489 116 68 bus
461 489 116 68 per
527 489 266 68 proprietates
744 489 283 68 indiuiduales.
977 489 116 68 Hec
1043 489 100 68 ex
1077 489 116 68 Fran.

468 536 122 72 ¶
516 536 245 72 Quales
688 536 220 72 forme
835 536 294 72 dicuntur
1030 536 147 72 esse

400 580 88 64 ipse
455 580 99 64 idee:
521 580 165 64 Respondetur
654 580 88 64 quod
709 580 66 64 vt
742 580 88 64 Aug.
797 580 66 64 in
830 580 77 64 li.
874 580 132 64 lxxxiii.
973 580 143 64 quaestio.
1084 580 66 64 q.
1117 580 66 64 xl
1139 580 33 64 v

396 638 130 46 dicit
482 638 116 46 Idee
555 638 116 46 sunt
627 638 130 46 forme
714 638 145 46 eterne
815 638 87 46 et
859 638 188 46 immobiles
1003 638 87 46 in
1047 638 130 46 mente
1119 638 58 46 di

398 675 110 51 uina
467 675 165 51 secundum
590 675 110 51 quas
659 675 151 51 aliquid
769 675 96 51 est
823 675 178 51 formabile
961 675 137 51 anquam
1043 675 137 51 formetur

403 718 83 45 Et
445 718 97 45 hec
500 718 181 45 inducendo
639 718 125 45 ponit
723 718 125 45 etiam
806 718 125 45 Guil.
889 718 83 45 in
931 718 194 45 quaestione
1070 718 111 45 prolo-

393 761 148 44 super.
497 761 103 44 ii.
556 761 74 44 ¶
585 761 103 44 Sed
644 761 89 44 de
689 761 103 44 hoc
748 761 118 44 nota
822 761 118 44 quod
895 761 133 44 Fran.
984 761 133 44 maro.
1073 761 89 44 in
1102 761 74 44 con

400 799 98 52 fla.
461 799 110 52 primi
534 799 98 52 dis.
596 799 73 52 xl
632 799 98 52 vii.
693 799 73 52 q.
730 799 73 52 ii
767 799 110 52 dicit
840 799 98 52 quod
902 799 220 52 quadrupliciter
1073 799 110 52 capitur

404 848 140 48 forma.
502 848 126 48 Primo
586 848 98 48 pro
642 848 210 48 perfectione
809 848 98 48 que
865 848 98 48 non
921 848 98 48 est
977 848 112 48 pars
1047 848 98 48 rei
1089 848 98 48 sicut

404 883 161 54 accidens
525 883 148 54 dicitur
632 883 108 54 esse
700 883 188 54 perfectio.
848 883 148 54 Secundo
955 883 108 54 modo
1023 883 94 54 pro
1076 883 81 54 eo
1103 883 81 54 quod

395 929 99 50 est
452 929 185 50 perfectio
594 929 85 50 et
636 929 114 50 pars
707 929 99 50 rei
764 929 128 50 sicut
849 929 128 50 anima
934 929 99 50 que
991 929 156 50 dicitur
1091 929 99 50 forma

397 967 165 58 partis.
517 967 150 58 Tertio
622 967 105 58 pro
682 967 225 58 perfectione
862 967 180 58 naturali
997 967 150 58 totius
1087 967 90 58 con-

400 1010 149 56 positi.
509 1010 136 56 Quarto
604 1010 95 56 pro
659 1010 149 56 ratione
767 1010 217 56 diffinitiua.
944 1010 82 56 et
985 1010 95 56 sic
1039 1010 136 56 inquit
1121 1010 54 56 ac

397 1053 125 51 cipit
481 1053 125 51 Plato
564 1053 97 51 qui
620 1053 125 51 primo
703 1053 153 51 inuenit
815 1053 125 51 nomen
898 1053 125 51 idee.
982 1053 84 51 et
1024 1053 125 51 dicit
1093 1053 84 51 esse

399 1098 127 47 idem
478 1098 127 47 quod
558 1098 143 47 forma
653 1098 127 47 Isto
732 1098 127 47 modo
811 1098 253 47 intelligendo
1017 1098 143 47 dicit
1096 1098 79 47 Sco

391 1135 96 54 tus
446 1135 110 54 quod
515 1135 165 54 quiditas
639 1135 165 54 producta
763 1135 83 54 in
804 1135 110 54 esse
873 1135 234 54 intelligibili
1066 1135 96 54 est
1107 1135 83 54 idea

402 1177 103 55 Sed
461 1177 89 55 in
506 1177 103 55 hoc
565 1177 133 55 dicto
653 1177 118 55 idem
727 1177 133 55 Fran.
815 1177 148 55 contra
919 1177 148 55 Scotum
1022 1177 133 55 dicit
1096 1177 89 55 quod

397 1219 119 52 esse
472 1219 253 52 intelligibile
680 1219 134 52 habet
769 1219 119 52 esse
844 1219 149 52 anquam
948 1219 74 52 a
978 1219 149 52 diuino
1067 1219 119 52 cogno-

405 1264 131 48 scatur
497 1264 197 48 intellectu.
654 1264 170 48 videlicet
785 1264 79 48 in
824 1264 105 48 esse
890 1264 157 48 essentie
1008 1264 118 48 prout
1073 1264 105 48 abstra

395 1303 91 56 hit
447 1303 78 56 ab
486 1303 104 56 omni
552 1303 196 56 posteriori.
708 1303 78 56 et
747 1303 117 56 etiam
826 1303 78 56 ab
865 1303 222 56 intellectione
1047 1303 78 56 et
1087 1303 65 56 a
1100 1303 78 56 pro-

398 1347 181 49 ductione.
537 1347 111 49 ergo
607 1347 139 49 inquit
704 1347 167 49 Quiditas
830 1347 84 49 vt
872 1347 167 49 producta
997 1347 97 49 non
1053 1347 97 49 est
1094 1347 84 49 idea

388 1386 138 58 siue
474 1386 208 58 loquamur
630 1386 260 58 metaphysice
838 1386 138 58 siue
924 1386 242 58 theologice
1097 1386 87 58 Sal

408 1432 76 56 ua
446 1432 113 56 tamen
522 1432 176 56 reuerentia
661 1432 113 56 tanti
736 1432 88 56 doc
787 1432 151 56 scilicet
900 1432 113 56 Fran.
976 1432 126 56 claret
1064 1432 113 56 valde
1127 1432 63 56 pec

407 1483 115 40 casse
484 1483 115 40 prout
561 1483 128 40 dictat
651 1483 115 40 Guil.
728 1483 77 40 in
766 1483 128 40 primi.
856 1483 90 40 di.
908 1483 77 40 xl
946 1483 90 40 vi.
997 1483 103 40 Quia
1062 1483 77 40 ad
1087 1483 90 40 dicto

397 1516 95 50 sua
452 1516 163 50 sequitur
574 1516 109 50 quod
642 1516 122 50 sicut
724 1516 122 50 habet
805 1516 109 50 esse
873 1516 231 50 intelligibile
1050 1516 136 50 antequam

404 1562 68 49 a
432 1562 136 49 diuino
526 1562 203 49 cognoscatur
689 1562 190 49 intellectu
838 1562 95 49 ita
892 1562 122 49 habet
974 1562 122 49 etiam
1055 1562 108 49 esse
1109 1562 68 49 vol

403 1601 108 52 bile
471 1601 135 52 anquam
566 1601 68 52 a
593 1601 135 52 diuina
688 1601 95 52 sit
742 1601 149 52 volitum
850 1601 190 52 voluntate.
999 1601 108 52 ergo
1054 1601 135 52 sequitur

401 1641 101 48 quod
465 1641 114 48 talia
541 1641 101 48 esse
604 1641 152 48 essentie
718 1641 114 48 errit
794 1641 63 48 a
819 1641 76 48 se
857 1641 228 48 intelligibilia
1047 1641 76 48 et
1072 1641 114 48 volibi-

397 1681 99 54 lia
453 1681 85 54 Et
496 1681 99 54 ita
553 1681 127 54 ertit
638 1681 113 54 deus
708 1681 85 54 et
751 1681 99 54 cum
808 1681 113 54 sint
878 1681 85 54 in
921 1681 156 54 inferno
1020 1681 170 54 quiditates

404 1731 75 49 et
442 1731 75 49 in
480 1731 100 49 celo
542 1731 75 49 et
580 1731 75 49 in
617 1731 113 49 terra
693 1731 75 49 et
730 1731 75 49 in
768 1731 138 49 omnibus
868 1731 150 49 abyssis.
981 1731 100 49 ergo
1043 1731 113 49 omnia
1106 1731 75 49 erun

396 1767 158 53 plena
502 1767 158 53 diis.
607 1767 158 53 sicut
712 1767 158 53 dicit
818 1767 228 53 Pindarius
993 1767 105 53 et
1028 1767 158 53 Orpheus

408 1810 102 48 Nec
467 1810 131 48 valet
554 1810 146 48 dicere
656 1810 116 48 quod
729 1810 204 48 abstrahunt
889 1810 73 48 a
918 1810 116 48 loco
991 1810 116 48 quia
1064 1810 116 48 sunt
1122 1810 58 48 vb

401 1848 141 57 cunque
500 1848 113 57 sunt
570 1848 99 57 sua
626 1848 183 57 indiuidua
767 1848 85 57 et
810 1848 99 57 sic
866 1848 141 57 semper
965 1848 127 57 erunt
1049 1848 70 57 a
1077 1848 99 57 se.
1120 1848 70 57 Hec

402 1892 90 62 ex
447 1892 135 62 Guil.
537 1892 120 62 ergo
611 1892 105 62 cum
671 1892 135 62 Scoto
761 1892 105 62 est
821 1892 179 62 tenendum
940 1892 90 62 etc.

451 1927 113 84 ¶
496 1927 135 84 An
563 1927 180 84 idee
676 1927 180 84 sint
788 1927 135 84 in
856 1927 270 84 potentia
1036 1927 158 84 obie-

398 1991 158 59 ctiua:
509 1991 111 59 Una
572 1991 158 59 opinio
683 1991 95 59 de
731 1991 111 59 hoc
794 1991 111 59 est
857 1991 206 59 Francisci
1016 1991 95 59 in
1047 1991 143 59 confla.

408 2036 113 57 primi
484 2036 101 57 dis.
547 2036 113 57 xlii.
623 2036 76 57 q.
661 2036 76 57 i.
698 2036 113 57 dicit
774 2036 101 57 quod
837 2036 151 57 potentia
950 2036 164 57 obiectiua
1077 2036 88 57 est
1114 2036 76 57 illa

398 2085 81 42 in
439 2085 95 42 qua
493 2085 108 42 esse
561 2085 230 42 intelliguntur
751 2085 95 42 res
805 2085 135 42 anquam
900 2085 176 42 creantur.
1035 2085 95 42 hoc
1089 2085 95 42 est
1130 2085 54 42 in

412 2130 113 40 esse
483 2130 170 40 essentie
610 2130 85 40 de
653 2130 99 40 quo
710 2130 128 40 etiam
795 2130 85 40 in
837 2130 199 40 precedenti
993 2130 85 40 et
1036 2130 142 40 tandem
1121 2130 71 40 di.

405 2168 123 51 xlvii.
491 2168 74 51 q.
527 2168 74 51 ii
564 2168 110 51 dicit
638 2168 98 51 quod
699 2168 135 51 oportet
797 2168 172 51 imaginari.
932 2168 110 51 iiii.
1006 2168 110 51 signa
1080 2168 74 51 in
1104 2168 86 51 quidi

398 2208 129 52 tate
479 2208 161 52 Primum
592 2208 97 52 in
640 2208 113 52 quo
705 2208 113 52 est
769 2208 194 52 quiditas
914 2208 161 52 tantum
1027 2208 97 52 in
1076 2208 113 52 se.
1124 2208 81 52 Se-

416 2250 142 48 cundum
515 2250 85 48 in
558 2250 99 48 quo
614 2250 99 48 est
671 2250 255 48 intelligibilis
883 2250 113 48 quia
940 2250 255 48 intelligibilitas

406 2297 105 46 est
466 2297 165 46 veritas
586 2297 90 46 et
631 2297 105 46 hec
691 2297 105 46 est
751 2297 135 46 entis
842 2297 165 46 passio.
962 2297 165 46 Tertium
1082 2297 90 46 in
1112 2297 75 46 quo

415 2331 144 48 aduenit
520 2331 105 48 sibi
585 2331 105 48 esse
650 2331 196 48 intellectum
807 2331 105 48 Esse
873 2331 92 48 eim
925 2331 222 48 intelligibile
1095 2331 92 48 conue

396 2375 103 47 nit
455 2375 117 47 sibi
528 2375 88 47 ab
572 2375 206 47 intrinseco
734 2375 132 47 sicut
822 2375 161 47 propria
939 2375 161 47 passio.
1057 2375 103 47 Sed
1101 2375 88 47 esse

409 2419 183 44 intellectum
555 2419 73 44 ab
592 2419 183 44 extrinseco:
738 2419 73 44 et
775 2419 85 44 per
824 2419 146 44 accidens
934 2419 73 44 et
970 2419 85 44 per
1019 2419 171 44 consequens
1141 2419 49 44 po

409 2462 166 48 sterius.
534 2462 152 48 Quartum
644 2462 138 48 signum
741 2462 111 48 quia
810 2462 221 48 intelligitur
990 2462 69 48 a
1018 2462 166 48 creatura
1129 2462 55 48 et

408 2503 115 45 hoc
473 2503 98 45 ei
522 2503 115 45 est
588 2503 196 45 accidens
735 2503 98 45 et
784 2503 229 45 contingens
964 2503 196 45 Quiditas
1095 2503 98 45 ergo

415 2545 122 50 prius
497 2545 95 50 est
551 2545 135 50 inquit
645 2545 108 50 quam
713 2545 95 50 sit
767 2545 81 50 in
808 2545 108 50 esse
875 2545 149 50 cognito
983 2545 95 50 vel
1024 2545 162 50 intelligi-

401 2588 115 45 bili
473 2588 86 45 Et
516 2588 86 45 vt
559 2588 101 45 sic
617 2588 130 45 habet
703 2588 115 45 esse
775 2588 86 45 in
818 2588 173 45 potentia
948 2588 187 45 obiectiua
1092 2588 86 45 et
1121 2588 72 45 sic

397 2630 122 45 est
466 2630 139 45 idea
553 2630 122 45 Hec
623 2630 156 45 omnia
727 2630 156 45 Fran.
831 2630 104 45 et
883 2630 87 45 ¶
918 2630 122 45 Sed
987 2630 139 45 alia
1057 2630 139 45 melior

400 2672 110 65 est
463 2672 157 65 opinio
573 2672 173 65 Scotis:
699 2672 110 65 cum
762 2672 157 65 quibus
872 2672 110 65 ego
935 2672 141 65 teneo
1029 2672 126 65 quod
1092 2672 94 65 idee

1233 261 112 64 sunt
1303 261 154 64 obiecta
1415 261 168 64 producta
1541 261 84 64 in
1583 261 112 64 esse
1652 261 238 64 intelligibili
1848 261 98 64 ita
1904 261 112 64 quod
1960 261 70 64 te-

1231 319 95 48 rum
1286 319 109 48 ante
1354 319 109 48 suum
1422 319 163 48 existere
1544 319 150 48 ponatur
1653 319 122 48 solum
1734 319 109 48 esse
1802 319 136 48 ideale
1898 319 109 48 quod
1952 319 68 48 est

1234 358 101 55 ens
1291 358 173 55 rationis
1421 358 87 55 in
1464 358 130 55 mente
1551 358 159 55 diuina.
1666 358 87 55 vt
1710 358 101 55 in.
1767 358 72 55 §
1796 358 216 55 praecedenti
1955 358 72 55 pa-

1245 401 120 60 tuit.
1325 401 80 60 Et
1364 401 133 60 latius
1458 401 93 60 vbi
1511 401 120 60 Esse.
1591 401 80 60 §.
1631 401 133 60 xxvii.
1724 401 80 60 et
1750 401 67 60 se.

1278 441 124 77 ¶
1328 441 397 77 Quottuplices
1651 441 199 77 sunt
1775 441 199 77 idee
1874 441 149 77 gene

1249 499 132 61 raliter:
1348 499 88 61 Nota
1403 499 132 61 secundum
1501 499 99 61 Guil.
1567 499 66 61 in
1600 499 154 61 quaestione
1721 499 99 61 prol.
1787 499 66 61 ii
1820 499 88 61 lib.
1863 499 154 61 sententiarum

1245 545 114 54 quod
1316 545 114 54 idee
1387 545 85 54 in
1430 545 157 54 communi
1544 545 114 54 sunt
1615 545 171 54 duplices
1743 545 71 54 ¶
1772 545 128 54 Primo
1857 545 142 54 quedam
1943 545 71 54 di-

1246 598 140 35 cuntur
1344 598 182 35 primarie.
1483 598 84 35 Et
1525 598 112 35 sunt
1595 598 112 35 ille
1665 598 98 35 que
1721 598 168 35 ponuntur
1846 598 112 35 esse
1916 598 84 35 in
1944 598 70 35 deo

1249 633 105 49 vel
1309 633 150 49 diuina
1414 633 150 49 mente.
1519 633 90 49 Et
1564 633 120 49 iste
1639 633 180 49 dicuntur
1774 633 120 49 idee
1834 633 180 49 theologice

1255 670 97 55 uia
1310 670 166 55 theologi
1435 670 124 55 solum
1518 670 124 55 illas
1601 670 138 55 vocant
1697 670 124 55 ideas
1780 670 152 55 proprie
1891 670 111 55 quae
1946 670 83 55 sunt

1237 711 87 52 in
1280 711 130 52 mente
1367 711 159 52 diuina.
1483 711 87 52 Et
1526 711 174 52 secundum
1656 711 130 52 Augu.
1743 711 116 52 iste
1815 711 116 52 idee
1888 711 116 52 sunt
1946 711 72 52 no-

1241 752 166 49 bilissime
1369 752 77 49 et
1407 752 255 49 praestantissime.
1624 752 64 49 ¶
1650 752 140 49 Secundo
1752 752 128 49 quidam
1841 752 153 49 dicuntur
1943 752 77 49 idee

1245 794 179 52 secundarie
1386 794 153 52 scilicet
1501 794 102 52 quae
1564 794 102 52 sunt
1628 794 77 52 in
1667 794 153 52 mentibus
1781 794 204 52 secudariorum
1935 794 89 52 arti-

1246 839 133 60 ficum.
1339 839 93 60 hoc
1392 839 93 60 est
1445 839 186 60 creatorum.
1591 839 80 60 Et
1630 839 106 60 iste
1697 839 159 60 vocantur
1816 839 106 60 idee
1869 839 146 60 metaphyce

1234 886 146 42 secundum
1344 886 183 42 philosophos
1490 886 110 42 sicut
1563 886 98 42 sunt
1624 886 110 42 rerum
1697 886 171 42 quiditates
1831 886 73 42 in
1868 886 110 42 mente
1929 886 85 42 crea-

1241 923 83 54 ta.
1288 923 83 54 Hec
1336 923 71 54 ex
1371 923 106 54 Guil.
1442 923 130 54 similis
1537 923 71 54 et
1572 923 106 54 Fran.
1631 923 83 54 supra

1285 955 101 75 ¶
1325 955 182 75 Quare
1446 955 283 75 communiter
1669 955 121 75 no
1729 955 242 75 ponuntur
1891 955 121 75 idee

1255 1024 163 50 Respondetur
1385 1024 130 50 secundum
1483 1024 98 50 Fran.
1548 1024 65 50 e.
1580 1024 76 50 di.
1624 1024 65 50 xl
1656 1024 87 50 vii.
1710 1024 65 50 q.
1743 1024 65 50 i.
1776 1024 87 50 quod
1830 1024 76 50 hoc
1873 1024 76 50 est
1916 1024 76 50 non
1949 1024 65 50 nisi

1230 1069 138 52 ppter
1322 1069 184 52 infamiam
1459 1069 184 52 vocabuli
1597 1069 123 52 quam
1674 1069 168 52 sortita
1796 1069 107 52 est
1858 1069 123 52 idea
1934 1069 92 52 ex
1965 1069 61 52 in

1242 1110 193 51 tellectu
1387 1110 129 51 malo
1467 1110 129 51 quem
1548 1110 161 51 Arist.
1660 1110 177 51 imponit
1789 1110 193 51 platoni.
1934 1110 113 51 Sed

1234 1146 180 58 dummodo
1365 1146 115 58 res
1430 1146 115 58 sit
1496 1146 246 58 manifestata
1693 1146 115 58 non
1759 1146 115 58 est
1824 1146 197 58 curandum
1955 1146 66 58 de

1234 1192 174 53 vocabulo
1364 1192 131 53 sicut
1451 1192 131 53 docet
1538 1192 116 53 Aug.
1611 1192 116 53 lib.
1683 1192 87 53 de
1727 1192 203 53 quantitate
1872 1192 102 53 anime

1236 1229 117 55 Quod
1310 1229 88 55 si
1354 1229 161 55 dicatur
1471 1229 132 55 Plato
1559 1229 147 55 merito
1662 1229 220 55 improbatur.
1838 1229 117 55 quia
1912 1229 88 55 vt
1941 1229 88 55 Glo.

1237 1274 127 54 super
1321 1274 113 54 Gen.
1392 1274 127 54 dicit
1476 1274 127 54 Plato
1561 1274 141 54 posuit
1659 1274 113 54 tria
1730 1274 155 54 eterna.
1842 1274 127 54 deum.
1912 1274 99 54 ideas

1244 1324 75 50 et
1282 1324 100 50 hyle
1345 1324 88 50 seu
1395 1324 151 50 materiam
1508 1324 138 50 primam.
1609 1324 151 50 Dicendum
1722 1324 151 50 secundum
1835 1324 113 50 Guil.
1910 1324 75 50 in
1935 1324 88 50 prae-

1238 1360 70 53 mo
1273 1360 82 53 di.
1320 1360 105 53 xxxv.
1390 1360 93 53 quod
1448 1360 93 53 glo.
1507 1360 93 53 illa
1565 1360 140 53 loquitur
1670 1360 140 53 secundum
1775 1360 163 53 opinionemn
1891 1360 117 53 ciomune-

1245 1403 99 50 vel
1301 1403 141 50 verius
1400 1403 113 50 quod
1471 1403 113 50 glo.
1541 1403 113 50 illa
1612 1403 99 50 non
1668 1403 99 50 est
1725 1403 127 50 satis
1809 1403 198 50 autentica.
1950 1403 71 50 Nam

1244 1444 118 56 plato
1323 1444 131 56 posuit
1414 1444 131 56 mundum
1506 1444 105 56 esse
1572 1444 184 56 productum.
1716 1444 105 56 Item
1782 1444 105 56 alia
1847 1444 118 56 ratio
1913 1444 105 56 potest

1244 1490 105 52 poni
1309 1490 79 52 ad
1349 1490 170 52 quesitum.
1480 1490 105 52 quia
1545 1490 157 52 secundum
1663 1490 79 52 e.
1703 1490 118 52 Fran.
1781 1490 79 52 et
1820 1490 118 52 Guil.
1899 1490 92 52 Qui
1938 1490 79 52 sunt

1231 1524 143 58 grossi
1331 1524 215 58 intellectus
1503 1524 86 58 vt
1545 1524 129 58 patet
1631 1524 86 58 de
1674 1524 157 58 multis.
1789 1524 172 58 nesciunt
1903 1524 129 58 abstra-

1233 1571 119 49 here
1308 1571 209 49 quiditates
1472 1571 89 49 ab
1516 1571 119 49 omni
1591 1571 224 49 posteriori.
1770 1571 89 49 Et
1814 1571 119 49 tles
1874 1571 149 49 difficul

1240 1611 86 47 ter
1289 1611 185 47 intelligunt
1437 1611 99 47 hec.
1499 1611 111 47 vicem
1573 1611 136 47 quomodo
1672 1611 99 47 idea
1733 1611 86 47 est
1783 1611 99 47 mere
1844 1611 111 47 ratio
1906 1611 111 47 quidita

1230 1658 102 52 tis
1289 1658 190 52 abstracte
1435 1658 102 52 tam
1494 1658 88 52 ab
1537 1658 117 52 omni
1611 1658 205 52 inferiori.
1771 1658 117 52 quia
1845 1658 117 52 omne
1903 1658 117 52 inferi

1247 1706 82 41 us
1288 1706 150 41 accidit
1397 1706 191 41 superiori.
1547 1706 82 41 et
1588 1706 82 41 ab
1629 1706 109 41 omni
1697 1706 191 41 heccitate.
1847 1706 82 41 et
1888 1706 82 41 ab
1929 1706 95 41 hic
1970 1706 55 41 et

1247 1739 120 49 nunc.
1326 1739 106 49 quam
1393 1739 80 49 ab
1433 1739 106 49 actu
1499 1739 80 49 et
1539 1739 173 49 potentia.
1672 1739 80 49 Et
1712 1739 106 49 quam
1778 1739 66 49 a
1805 1739 212 49 subsistentia
1964 1739 53 49 et

1244 1785 193 67 realitate.
1396 1785 110 67 Unde
1464 1785 110 67 isti
1533 1785 138 67 tantum
1630 1785 96 67 qui
1685 1785 110 67 sunt
1753 1785 165 67 depurati
1877 1785 69 67 a
1891 1785 124 67 phanta-

1230 1823 127 69 siis
1310 1823 159 69 vident
1405 1823 127 69 ideas.

1422 1875 218 92 Bea.
1558 1875 300 92 secundo
1776 1875 245 92 dicit
1912 1875 109 92 in

1440 1943 156 65 diuina
1550 1943 156 65 mente.
1659 1943 187 65 Queritur
1799 1943 94 65 de
1846 1943 125 65 hoc.
1909 1943 109 65 Utrum

1416 1992 90 56 in
1461 1992 105 56 deo
1521 1992 120 56 sint
1597 1992 166 56 ponende
1717 1992 120 56 idee
1792 1992 135 56 rerum
1883 1992 90 56 ab
1913 1992 105 56 eter-

1238 2033 78 56 no
1277 2033 143 56 fuisse.
1381 2033 195 56 Respondetur
1537 2033 156 56 secundum
1653 2033 156 56 Bonauem.
1770 2033 78 56 in
1809 2033 117 56 primo
1887 2033 91 56 di.
1926 2033 91 56 xxxv.

1248 2086 70 54 q.
1283 2086 70 54 i.
1318 2086 128 54 concor.
1411 2086 105 54 Rich.
1481 2086 70 54 et
1516 2086 93 54 Tho.
1575 2086 82 54 di.
1621 2086 117 54 xxxvi.
1703 2086 70 54 e.
1738 2086 117 54 primi.
1819 2086 93 54 Quod
1878 2086 82 54 tam
1912 2086 117 54 secundum

1240 2127 134 51 sanctos
1337 2127 98 51 quam
1398 2127 110 51 etiam
1471 2127 146 51 secundum
1581 2127 183 51 philosophos
1727 2127 98 51 deus
1788 2127 110 51 habet
1862 2127 85 51 res
1898 2127 122 51 cognosce

1247 2166 83 44 re
1289 2166 97 44 per
1344 2166 125 44 ideas
1427 2166 111 44 quas
1497 2166 111 44 deus
1566 2166 125 44 habet
1649 2166 83 44 in
1690 2166 83 44 se
1732 2166 166 44 rationes
1857 2166 83 44 et
1884 2166 139 44 similitu

1238 2208 127 53 dines
1323 2208 127 53 rerum
1407 2208 85 53 in
1450 2208 141 53 quibus
1549 2208 99 53 non
1605 2208 141 53 tantum
1704 2208 155 53 ipsemet
1817 2208 113 53 deus
1874 2208 155 53 cognoscit

1243 2250 99 50 sed
1300 2250 128 50 etiam
1385 2250 213 50 aspicientes
1555 2250 128 50 ipsum
1641 2250 114 50 deum
1712 2250 156 50 tanquam
1825 2250 85 50 in
1868 2250 156 50 speculo
1967 2250 57 50 co

1247 2290 165 62 gnoscunt
1371 2290 137 62 queque
1467 2290 69 62 ¶
1494 2290 82 62 Et
1535 2290 96 62 has
1590 2290 165 62 rationes
1713 2290 82 62 et
1755 2290 219 62 similitudies
1919 2290 96 62 cogna

1236 2332 208 49 scitiuas.
1396 2332 144 49 Augu.
1492 2332 144 49 vocat
1588 2332 144 49 ideas
1684 2332 96 49 et
1732 2332 160 49 causas
1828 2332 192 49 primordia-

1234 2374 78 51 les
1278 2374 111 51 rerum.
1356 2374 89 51 vnde
1412 2374 89 51 lib.
1468 2374 134 51 lxxxiii.
1568 2374 145 51 quaestio.
1679 2374 67 51 q.
1712 2374 67 51 xl
1746 2374 78 51 vi.
1790 2374 100 51 dicit
1857 2374 89 51 Sunt
1913 2374 89 51 idee
1957 2374 67 51 qua-

1233 2417 112 50 dam
1297 2417 255 50 primordiales
1504 2417 143 50 forme
1600 2417 112 50 vel
1663 2417 191 50 rationes
1807 2417 143 50 rerum
1887 2417 143 50 incommu

1249 2458 165 47 tabiles
1369 2458 90 47 et
1414 2458 150 47 eterne
1519 2458 90 47 ac
1564 2458 150 47 semper
1670 2458 135 47 eodem
1760 2458 120 47 modo
1835 2458 90 47 se
1865 2458 150 47 habentes

1249 2504 96 51 que
1304 2504 83 51 in
1346 2504 138 51 diuina
1442 2504 124 51 mente
1525 2504 220 51 continentur.
1703 2504 83 51 Et
1745 2504 165 51 secundum
1869 2504 96 51 eas
1910 2504 110 51 forma-

1241 2545 78 46 ri
1280 2545 142 46 dicitur
1383 2545 104 46 omne
1448 2545 104 46 quod
1513 2545 91 46 fit
1565 2545 104 46 etc.
1630 2545 104 46 Item
1694 2545 104 46 idem
1759 2545 104 46 Aug.
1824 2545 117 46 dicit
1901 2545 104 46 quod
1953 2545 65 46 qui

1242 2586 135 51 negat
1332 2586 90 51 in
1377 2586 105 51 deo
1437 2586 150 51 ideas.
1543 2586 135 51 negat
1633 2586 90 51 et
1678 2586 150 51 filium
1783 2586 120 51 esse
1859 2586 105 51 vel
1904 2586 120 51 verbum

1244 2628 110 46 Sed
1307 2628 110 46 hoc
1370 2628 157 46 negare
1480 2628 110 46 est
1543 2628 220 46 hereticum.
1716 2628 126 46 ergo
1794 2628 126 46 idee
1873 2628 126 46 sunt
1935 2628 79 46 pos

1234 2668 145 71 nende
1330 2668 96 71 in
1379 2668 113 71 deo
1443 2668 161 71 fuisse
1556 2668 96 71 ab
1604 2668 161 71 eterno
1716 2668 145 71 sicut
1813 2668 161 71 formas
1909 2668 129 71 artiti
