2254 3287
474 300 469 116 Nbitrium
787 300 391 116 liberum.

470 400 73 79 a
500 400 73 79 l
529 400 117 79 vide
602 400 88 79 de
646 400 103 79 hoc
705 400 103 79 vbi
763 400 176 79 Tiberum.
895 400 88 79 Et
939 400 147 79 plura.
1042 400 117 79 lib.
1100 400 59 79 ii

490 472 625 128 Ngumetalis
937 472 223 128 pro

456 573 81 75 a
488 573 81 75 ¶
521 573 162 75 cessus
634 573 97 75 an
683 573 162 75 liceat
796 573 97 75 in
845 573 227 75 theologia.
1023 573 146 75 patet
1104 573 65 75 in

482 623 80 67 A
514 623 193 67 prologo.
659 623 96 67 §.
691 623 112 67 xvii.

575 658 148 120 ¶
635 658 297 120 PRsal.
842 658 267 120 Artis
991 658 178 120 habi

606 757 102 54 tus
665 757 160 54 quomodo
781 757 160 54 differt
898 757 87 54 ab
941 757 131 54 aliis
1014 757 160 54 habitibus

602 790 130 59 vice.
688 790 202 59 Sapientie:
847 790 188 59 scientie:
977 790 188 59 intellectus

601 833 87 64 et
644 833 202 64 prudentie.
802 833 87 64 De
846 833 101 64 hoc
903 833 144 64 patuit
1004 833 87 64 in
1033 833 130 64 prologo

391 874 86 73 §.
434 874 114 73 vii.
505 874 100 73 Sed
562 874 100 73 pro
619 874 172 73 clariori
748 874 186 73 euidentia
891 874 86 73 de
934 874 129 73 istis
1005 874 172 73 habintibus

392 913 147 64 Quomodo
499 913 174 64 accipitur
633 913 120 64 eorum
713 913 214 64 sufficientia
887 913 107 64 Nota
954 913 161 64 secundum
1061 913 107 64 Guilh.

398 956 79 61 in
437 956 118 61 primo
516 956 118 61 dist.
594 956 118 61 xxxv.
673 956 157 61 simulque
790 956 105 61 Tho.
856 956 92 61 ii.
908 956 92 61 ii.
961 956 79 61 q.
1000 956 92 61 ix.
1052 956 118 61 arti.
1118 956 52 61 ii

401 1000 72 56 Et
437 1000 72 56 in
473 1000 120 56 scrip.
557 1000 96 56 iii.
618 1000 108 56 dist.
690 1000 108 56 xxxv.
762 1000 180 56 colligendo.
906 1000 96 56 Quod
966 1000 144 56 scilicet
1063 1000 96 56 animus

396 1046 137 55 noster
492 1046 137 55 potest
588 1046 206 55 considerari
753 1046 220 55 tripliciter.
932 1046 96 55 Aut
987 1046 165 55 respectu
1096 1046 69 55 dei

398 1085 111 55 Aut
462 1085 190 55 respectu
604 1085 127 55 sui.
684 1085 111 55 Aut
747 1085 190 55 respectu
890 1085 222 55 exteriorum
1049 1085 111 55 Prioe

399 1127 83 57 si
441 1127 222 57 consideretur
621 1127 166 57 respectu
746 1127 97 57 dei
801 1127 153 57 dicitur
912 1127 153 57 habitus
1010 1127 166 57 sapientie.

406 1165 114 65 Nam
471 1165 211 65 sapientia
633 1165 114 65 est
698 1165 195 65 cognitio
845 1165 146 65 rerum
942 1165 228 65 diuinarum.
1105 1165 65 65 Et

391 1211 111 59 hec
454 1211 205 59 sapientia
612 1211 174 59 vocatur
739 1211 221 59 theologia.
912 1211 95 59 Et
960 1211 126 59 iste
1023 1211 142 59 habitus

403 1257 185 58 theologie
545 1257 156 58 dirigit
658 1257 142 58 animum
758 1257 85 58 ad
801 1257 213 58 dilectionem
971 1257 114 58 dei.
1042 1257 85 58 et
1070 1257 114 58 proxi-

398 1297 88 53 mi
442 1297 147 53 prpter
545 1297 132 53 deum.
634 1297 162 53 Secundo
751 1297 88 53 si
796 1297 235 53 consideretur
987 1297 177 53 respectu
1104 1297 74 53 sui

390 1344 113 47 sic
455 1344 113 47 est
519 1344 178 47 habitus
649 1344 211 47 prudentie
811 1344 113 47 qui
876 1344 178 47 dirigit
1006 1344 162 47 animum
1103 1344 65 47 in

385 1388 210 49 actionibus
550 1388 180 49 internis
685 1388 105 49 seu
745 1388 210 49 virtutibus
911 1388 120 49 Unde
971 1388 195 49 Philosophus

397 1430 100 53 vi.
454 1430 186 53 ethicorum
597 1430 143 53 dicit.
698 1430 186 53 Prudentia
841 1430 143 53 inquit
942 1430 100 53 est
999 1430 129 53 recta
1071 1430 100 53 ratio

385 1465 143 59 rerum
480 1465 79 59 a
512 1465 143 59 nobis
607 1465 206 59 agibilium
766 1465 127 59 etc.
845 1465 159 59 Tertio
956 1465 95 59 si
988 1465 174 59 considere

388 1506 155 58 animus
496 1506 155 58 noster
604 1506 186 58 respectu
744 1506 232 58 exteriorum:
929 1506 108 58 Hoc
991 1506 155 58 potest
1084 1506 93 58 tri-

396 1550 163 56 pliciter
519 1550 122 56 esse.
601 1550 95 56 Aut
655 1550 122 56 primo
737 1550 82 56 in
777 1550 191 56 vniuersali
927 1550 82 56 et
968 1550 163 56 secundum
1077 1550 95 56 ratio

393 1588 104 53 nes
452 1588 237 53 quiditatiuas
645 1588 89 53 ac
689 1588 148 53 causas
793 1588 148 53 rerum.
897 1588 89 53 et
941 1588 104 53 sic
1000 1588 104 53 est
1045 1588 133 53 proprie

383 1636 207 45 scientia.
542 1636 128 45 Nam.
622 1636 96 45 ii
670 1636 96 45 de
718 1636 159 45 anima.
829 1636 191 45 Scientia
973 1636 112 45 est
1021 1636 159 45 vniuersa

387 1673 129 52 lium.
473 1673 86 52 Et
516 1673 86 52 i.
559 1673 230 52 posteriorum.
745 1673 129 52 Scire
832 1673 100 52 est
889 1673 144 52 causam
989 1673 100 52 rei
1032 1673 144 52 cogscere

397 1712 108 59 Aut
458 1712 170 59 secundo
582 1712 93 59 de
628 1712 216 59 principiis
798 1712 263 59 vniuersalibus
999 1712 170 59 iudicando

389 1755 239 64 particularia
583 1755 90 64 Et
628 1755 104 64 sic
688 1755 104 64 est
747 1755 224 64 intellectus
926 1755 104 64 qui
986 1755 104 64 est
1031 1755 134 64 habitus

405 1804 167 50 primorum
530 1804 237 50 principiorum.
725 1804 84 50 vt
767 1804 167 50 dicitur.
892 1804 97 50 vi:
948 1804 209 50 TEthicorum.
1101 1804 70 50 Aut

397 1847 149 45 tertio
502 1847 254 45 considerantur
711 1847 179 45 respectu
845 1847 254 45 particularium
1040 1847 134 45 exterio

390 1881 110 55 rum
453 1881 221 55 applicando
627 1881 95 55 ad
674 1881 142 55 opus:
768 1881 95 55 et
816 1881 110 55 sic
879 1881 110 55 est
942 1881 126 55 ars.
1020 1881 142 55 Unde.
1099 1881 63 55 vi

399 1930 178 49 Ethicorum
536 1930 205 49 philosophus
701 1930 137 49 dicit.
797 1930 96 49 Ars
851 1930 96 49 est
906 1930 123 49 recta
988 1930 123 49 ratio
1070 1930 123 49 rerum
1139 1930 41 49 a

387 1974 144 66 nobis
483 1974 241 66 factibilium
660 1974 96 66 etc.

362 2046 124 95 ¶
412 2046 173 95 Ars
511 2046 248 95 multas
684 2046 223 95 habet
833 2046 273 95 species
1007 2046 173 95 sicut

387 2113 92 76 et
433 2113 184 76 scientia
570 2113 92 76 de
616 2113 153 76 quibus
708 2113 92 76 lib.

385 2192 124 81 ¶
435 2192 223 81 Utrum
583 2192 173 81 ars
683 2192 149 81 in
757 2192 223 81 mente
905 2192 248 81 diuina
1054 2192 124 81 qua

394 2263 197 49 condidit
541 2263 148 49 omnia
640 2263 115 49 sit
706 2263 131 49 idem
788 2263 131 49 quod
870 2263 148 49 idea.
952 2263 214 49 Respondetur

391 2308 162 47 secundum
513 2308 122 47 Guil.
594 2308 81 47 in
635 2308 122 47 primo
716 2308 122 47 dist.
797 2308 122 47 xxxv.
878 2308 108 47 quod
945 2308 95 47 ars
999 2308 81 47 in
1040 2308 122 47 mente
1107 2308 68 47 di-

397 2349 123 47 uina
474 2349 138 47 dicit
566 2349 169 47 habitum
689 2349 108 47 vel
750 2349 138 47 quasi
843 2349 185 47 habitum.
981 2349 123 47 Ideo
1058 2349 108 47 non
1104 2349 77 47 est

401 2385 120 57 vere
476 2385 120 57 idem
552 2385 120 57 quod
627 2385 120 57 idea
702 2385 120 57 nisi
777 2385 241 57 appropriate.
973 2385 90 57 vt
1018 2385 136 57 patet
1094 2385 75 57 vbi

395 2433 132 63 Idea.
484 2433 88 63 §.
513 2433 103 63 xlix.

561 2483 419 125 Bserere
827 2483 343 125 aliquid

590 2583 96 65 de
638 2583 128 65 deo.
718 2583 193 65 Queritur
863 2583 96 65 de
911 2583 112 65 hoc
975 2583 145 65 vtrum
1056 2583 128 65 liceat

569 2629 181 63 aliquid
700 2629 132 63 quod
782 2629 115 63 non
848 2629 115 63 est
914 2629 148 63 nobis
1013 2629 164 63 certum
1111 2629 66 63 de

391 2675 95 51 deo
446 2675 176 51 asserere.
581 2675 203 51 Respondetur
744 2675 163 51 breviter
866 2675 108 51 quod
934 2675 163 51 secundum
1056 2675 108 51 quod
1110 2675 68 51 ha-

388 2706 151 69 betur
489 2706 101 69 in
539 2706 218 69 compendio
707 2706 151 69 veri.
807 2706 184 69 theolo.
942 2706 151 69 Primo
1042 2706 184 69 aliquid

1231 297 193 66 asseritur
1380 297 89 66 de
1424 297 104 66 deo
1484 297 104 66 per
1543 297 208 66 Synderesim
1706 297 89 66 id
1751 297 104 66 est
1810 297 104 66 per
1855 297 163 66 naturalem

1230 356 199 49 rationem
1380 356 116 49 que
1446 356 166 49 dictat
1562 356 133 49 quod
1645 356 133 49 vnus
1727 356 116 49 est
1794 356 133 49 deus
1860 356 149 49 remune-

1224 399 166 45 rator
1334 399 203 45 bonorum
1482 399 111 45 et
1538 399 203 45 punitor
1686 399 222 45 malorum.
1834 399 166 45 Secundo

1230 438 123 50 per
1301 438 158 50 fidem
1406 438 123 50 qua
1476 438 193 50 dicimus
1617 438 140 50 deum
1705 438 140 50 esse
1792 438 140 50 vnum
1880 438 105 50 in
1915 438 88 50 sub

1232 483 176 48 stantia
1360 483 96 48 et
1408 483 160 48 trinum
1520 483 96 48 in
1568 483 208 48 personis.
1727 483 160 48 Tertio
1839 483 112 48 per
1887 483 128 48 sacram

1227 519 214 49 scripturam.
1398 519 143 49 Quarto
1498 519 100 49 per
1555 519 171 49 rationes
1684 519 214 49 probabiles.
1855 519 143 49 Quinto
1941 519 71 49 per

1228 563 222 53 exteriorem
1403 563 285 53 predicationem.
1640 563 111 53 Sed
1704 563 143 53 istis
1799 563 159 53 duobus
1894 563 111 53 vlti-

1229 606 112 46 mis
1293 606 144 46 modis
1389 606 112 46 non
1453 606 112 46 est
1517 606 224 46 innitendum
1694 606 128 46 nisi
1774 606 224 46 firmitatem
1934 606 80 46 ha-

1226 646 189 50 beamus
1358 646 113 50 ab
1415 646 189 50 aliquo
1547 646 170 50 trium
1661 646 302 50 predictorum.
1907 646 151 50 Unde

1239 688 105 51 pro
1299 688 150 51 regula
1404 688 180 51 tenendum
1539 688 105 51 est
1599 688 120 51 quod
1673 688 195 51 Quicumque
1823 688 165 51 asserit
1928 688 90 51 ali-

1232 729 134 49 quid
1316 729 100 49 de
1366 729 117 49 deo
1433 729 134 49 quod
1516 729 117 49 non
1583 729 117 49 est
1650 729 134 49 sibi
1734 729 167 49 certum
1851 729 117 49 per
1901 729 117 49 natu-

1233 769 140 56 ralem
1326 769 202 56 rationem:
1481 769 109 56 nec
1543 769 109 56 per
1605 769 140 56 fidem
1698 769 109 56 nec
1760 769 109 56 per
1822 769 155 56 sacram
1915 769 109 56 scri-

1229 820 175 50 pturam.
1356 820 143 50 talis
1451 820 191 50 presumit
1594 820 95 50 et
1626 820 143 50 peccat.

1242 886 111 91 ¶
1286 886 134 91 Ad
1353 886 178 91 idem
1464 886 156 91 vbi
1553 886 245 91 Opinio.
1732 886 134 91 §.
1798 886 134 91 i.
1865 886 134 91 et
1910 886 111 91 se-

1234 948 222 69 quentibus
1388 948 102 69 etc.

1450 1051 439 89 Utributa
1743 1051 293 89 diuina

1471 1124 110 58 Nota
1540 1124 165 58 secundum
1663 1124 123 58 Guil.
1746 1124 82 58 in
1787 1124 123 58 primo
1869 1124 123 58 dist.
1938 1124 82 58 viii

1466 1169 97 52 Quod
1527 1169 170 52 attributum
1660 1169 146 52 secundum
1770 1169 97 52 eius
1831 1169 158 52 triplicem
1940 1169 85 52 deri-

1415 1203 223 55 Auationem
1586 1203 189 55 dicitur
1724 1203 274 55 tripliciter.
1929 1203 86 55 Uno

1239 1250 134 50 modo
1323 1250 235 50 attributum
1508 1250 185 50 dicitur
1643 1250 151 50 quasi
1743 1250 168 50 alicui
1844 1250 185 50 tributum.

1242 1295 81 50 Et
1282 1295 108 50 isto
1349 1295 108 50 modo
1416 1295 121 50 dicit
1497 1295 202 50 philosophus
1658 1295 81 50 in
1698 1295 108 50 illa
1766 1295 134 50 regula
1846 1295 175 50 posteriorum

1242 1335 147 48 Quando
1345 1335 147 48 aliqua
1449 1335 118 48 sunt
1522 1335 133 48 idem:
1611 1335 177 48 quicquid
1743 1335 221 48 attribuitur
1920 1335 103 48 vni
1964 1335 59 48 et

1237 1377 188 49 reliquo
1373 1377 273 49 attribuitur.
1595 1377 137 49 Isto
1681 1377 137 49 modo
1766 1377 154 49 omnia
1868 1377 119 49 que
1920 1377 102 49 sunt

1231 1421 137 57 idem
1317 1421 120 57 cum
1385 1421 120 57 deo
1454 1421 137 57 sunt
1540 1421 223 57 attributa
1712 1421 137 57 eius
1798 1421 137 57 quia
1866 1421 155 57 possunt

1232 1463 81 46 ei
1273 1463 81 46 de
1314 1463 95 46 per
1368 1463 81 46 se
1408 1463 162 46 attribui
1530 1463 81 46 in
1571 1463 243 46 praedicatione:
1774 1463 162 46 dicendo.
1882 1463 135 46 Essentia

1231 1503 142 54 diuina
1330 1503 99 54 est
1387 1503 212 54 substantia.
1557 1503 99 54 est
1613 1503 113 54 ens:
1684 1503 99 54 est
1741 1503 170 54 spiritus
1868 1503 113 54 etc.
1925 1503 99 54 Secun

1229 1547 93 54 do
1276 1547 125 54 modo
1354 1547 218 54 attributum
1525 1547 171 54 dicitur
1650 1547 140 54 quasi
1744 1547 93 54 ab
1790 1547 125 54 alio
1853 1547 171 54 tributum.

1238 1586 95 51 Et
1286 1586 127 51 isto
1365 1586 127 51 modo
1444 1586 127 51 illa
1524 1586 127 51 sola
1603 1586 127 51 sunt
1682 1586 206 51 attributa
1841 1586 111 51 que
1904 1586 95 51 ex
1936 1586 79 51 cre

1239 1626 139 53 aturis
1336 1626 97 53 deo
1392 1626 194 53 tribuuntur
1544 1626 167 53 secundum
1669 1626 111 53 viam
1739 1626 180 53 eminentie
1877 1626 83 53 et
1919 1626 111 53 etc.
1975 1626 56 53 Ut

1237 1680 152 42 docet
1339 1680 186 42 diuinus
1474 1680 237 42 Dionysius.
1660 1680 152 42 sicut
1762 1680 135 42 sunt
1830 1680 203 42 sapientia:

1235 1710 250 54 intellectus:
1439 1710 172 54 bonitas
1564 1710 125 54 etc.
1642 1710 109 54 que
1705 1710 125 54 sunt
1783 1710 94 54 in
1830 1710 141 54 nobis
1924 1710 94 54 et
1955 1710 78 54 se-

1229 1758 136 47 mota
1314 1758 289 47 imperfectione
1552 1758 187 47 dicimus
1687 1758 136 47 deus
1772 1758 119 47 est
1840 1758 187 47 sapiens
1959 1758 68 47 et

1244 1794 137 53 ponus.
1340 1794 137 53 Tertio
1436 1794 109 53 modo
1504 1794 150 53 dicitur
1614 1794 192 53 attributum
1764 1794 123 53 quasi
1846 1794 82 53 ad
1887 1794 109 53 tria
1942 1794 82 53 dis-

1241 1842 211 51 tributum.
1403 1842 97 51 Et
1452 1842 130 51 isto
1533 1842 130 51 modo
1614 1842 244 51 appropriata
1809 1842 179 51 diuinis
1923 1842 97 51 per-

1233 1888 143 43 sonis
1328 1888 190 43 dicuntur
1471 1888 206 43 attributa
1630 1888 127 43 quia
1709 1888 159 43 tribus
1804 1888 222 43 distribuutur

1241 1927 79 45 vt
1280 1927 118 45 patri
1359 1927 170 45 potentia:
1490 1927 118 45 filio
1568 1927 183 45 sapientia.
1712 1927 144 45 bonitas
1817 1927 144 45 spiritu
1908 1927 118 45 sancto.

1229 1965 94 62 Ad
1276 1965 110 62 hec
1339 1965 141 62 infra
1433 1965 94 62 e.
1480 1965 78 62 §
1496 1965 78 62 vii

1252 2004 131 84 ¶
1304 2004 209 84 Quid
1435 2004 367 84 importatur
1723 2004 262 84 nomine
1880 2004 131 84 di-

1244 2077 155 44 uinorum
1357 2077 239 44 attributorum.
1554 2077 211 44 Respondetur
1722 2077 169 44 secundum
1849 2077 155 44 Richar.
1948 2077 70 44 su-

1237 2121 104 42 per
1296 2121 133 42 primo
1385 2121 133 42 dist.
1474 2121 89 42 ii
1518 2121 89 42 q.
1563 2121 104 42 iii
1622 2121 118 42 quod
1696 2121 148 42 diuina
1799 2121 192 42 attributa
1932 2121 89 42 sunt

1232 2153 289 52 superexcellentie
1477 2153 231 52 perfectionum
1665 2153 202 52 repertarum
1823 2153 87 52 in
1852 2153 159 52 generibus

1232 2203 180 42 entium:
1363 2203 164 42 quarum
1477 2203 213 42 quamlibet
1641 2203 115 42 est
1706 2203 164 42 melius
1804 2203 213 42 simpliciter

1238 2238 166 55 habere
1355 2238 116 55 per
1421 2238 150 55 modum
1521 2238 233 55 intrinsece
1704 2238 116 55 rei
1771 2238 133 55 quam
1854 2238 116 55 non
1904 2238 116 55 habe-

1229 2279 94 50 re
1276 2279 94 50 vt
1323 2279 141 50 patet
1417 2279 109 50 per
1480 2279 188 50 Anselmum
1620 2279 188 50 monolis.
1761 2279 109 50 ca.
1824 2279 109 50 xv.
1871 2279 156 50 Exemplum

1237 2324 113 55 Esse
1308 2324 198 55 sapientem:
1463 2324 184 55 viuentem:
1604 2324 184 55 potentem:
1746 2324 155 55 diuitem
1859 2324 85 55 in
1887 2324 127 55 omnibus

1242 2366 165 50 verum:
1358 2366 182 50 iustum:
1491 2366 165 50 bonum:
1606 2366 182 50 eternum
1739 2366 182 50 beatum.
1871 2366 99 50 Et
1904 2366 116 50 quic-

1241 2409 125 52 quid
1320 2409 188 52 absolute
1460 2409 110 52 est
1523 2409 157 52 melius
1633 2409 141 52 ipsum
1727 2409 125 52 esse
1805 2409 125 52 quam
1883 2409 125 52 non.
1946 2409 78 52 que

1245 2448 90 57 de
1290 2448 151 57 diuina
1396 2448 181 57 essentia
1531 2448 121 57 vere
1607 2448 90 57 et
1652 2448 166 57 proprie
1773 2448 241 57 predicantur.
1954 2448 75 57 ha-

1234 2491 126 47 bere
1313 2491 126 47 enim
1392 2491 205 47 quamlibet
1549 2491 173 47 istarum
1675 2491 110 47 per
1738 2491 142 47 modum
1833 2491 110 47 rei
1880 2491 142 47 intrin-

1239 2537 137 44 sece:
1330 2537 183 44 habentem
1467 2537 137 44 facit
1558 2537 183 44 meliorem
1695 2537 122 44 quam
1771 2537 107 44 non
1832 2537 167 44 habere.
1939 2537 91 44 Unde

1233 2574 94 51 de
1280 2574 94 51 si
1327 2574 140 51 lapis
1421 2574 172 51 haberet
1545 2574 156 51 formam
1655 2574 203 51 sapientie
1811 2574 140 51 esset
1904 2574 109 51 res
1951 2574 78 51 me-

1236 2614 120 52 lior
1311 2614 120 52 quam
1386 2614 105 52 sit
1446 2614 135 52 modo.
1536 2614 195 52 Similiter
1687 2614 90 52 si
1732 2614 120 52 homo
1807 2614 150 52 iustus
1912 2614 105 52 est
1957 2614 60 52 et

1237 2656 116 54 sibi
1309 2656 159 54 addatur
1425 2656 188 54 sapientia
1569 2656 145 54 melior
1671 2656 116 54 est.
1743 2656 101 54 Non
1801 2656 101 54 sic
1859 2656 130 54 autem
1931 2656 87 54 pos-

1232 2700 108 67 set
1293 2700 123 67 dici
1370 2700 92 67 de
1416 2700 169 67 omnibus
1539 2700 277 67 perfectionibus
1770 2700 185 67 repertis
1909 2700 92 67 in
1940 2700 92 67 gene
