2250 3285
358 232 181 84 potentia.
497 232 111 84 ergo
567 232 111 84 etc.
636 232 97 84 Hec
692 232 125 84 Guil.
775 232 70 84 ¶
803 232 83 84 Si
845 232 181 84 obiicitur
984 232 111 84 quod
1040 232 111 84 predi-

363 301 89 47 cta
414 301 101 47 sunt
477 301 152 47 infinita
591 301 89 47 quo
642 301 76 47 ad
680 301 89 47 nos
731 301 89 47 non
782 301 114 47 autem
858 301 152 47 secundum
972 301 89 47 rem
1022 301 101 47 quia
1073 301 76 47 deus

357 345 102 46 non
416 345 131 46 facit
503 345 116 46 nisi
575 345 145 46 finita
677 345 131 46 actu.
764 345 174 46 Dicendum
895 345 174 46 secundum
1011 345 131 46 Bonauen

362 387 79 50 e.
401 387 92 50 di.
454 387 119 50 xxxv.
533 387 105 50 quod
599 387 105 50 deus
665 387 132 50 potest
757 387 171 50 producere
889 387 158 50 infinita
995 387 158 50 huiusmodi.

358 427 163 52 scilicet
481 427 149 52 numeros
589 427 136 52 puncta
684 427 82 52 et
725 427 177 52 instantia
861 427 109 52 quia
929 427 95 52 non
983 427 95 52 tot
1038 427 109 52 quin
1092 427 68 52 plu

363 470 83 51 ra
405 470 83 51 in
446 470 179 51 infinitum
584 470 124 51 alias
667 470 97 51 non
722 470 124 51 esset
805 470 193 51 omnipotens
957 470 110 51 deus
1026 470 97 51 sed
1067 470 83 51 limi

364 519 116 45 tate
437 519 189 45 potentie.
582 519 102 45 Sed
640 519 160 45 quoniam
756 519 116 45 deus
829 519 131 45 omnim
916 519 102 45 que
974 519 145 45 potest
1061 519 102 45 habet

369 553 232 54 cognitionem.
558 553 87 54 Et
602 553 116 54 idea
675 553 218 54 generaliter
849 553 87 54 in
892 553 102 54 deo
951 553 102 54 non
1009 553 131 54 solum
1081 553 73 54 est

357 600 131 46 eorum
445 600 102 46 que
503 600 117 46 sunt
576 600 117 46 actu
649 600 102 46 sed
707 600 131 46 etiam
795 600 131 46 eorum
882 600 102 46 que
940 600 117 46 sunt
1013 600 87 46 in
1042 600 117 46 poten-

359 639 110 54 tia
422 639 94 54 vt
469 639 204 54 aliquando
626 639 157 54 fiant.
736 639 173 54 Proinde
862 639 236 54 generaliter
1034 639 126 54 accipi

362 679 128 47 endo
442 679 144 47 nomen
538 679 128 47 idee
618 679 208 47 videlicet
777 679 112 47 pro
841 679 176 47 ratione
953 679 208 47 cognoscendi

367 728 95 43 sic
422 728 81 43 in
462 728 95 43 deo
516 728 108 43 sunt
584 728 108 43 idee
651 728 162 43 infinite
773 728 108 43 quia
840 728 108 43 sunt
908 728 162 43 infinite
1016 728 135 43 rationes

375 763 221 55 cognoscendi
552 763 88 55 in
596 763 103 55 deo
655 763 133 55 actu.
744 763 133 55 Nihil
832 763 118 55 enim
906 763 147 55 potest
1009 763 118 55 deus
1068 763 88 55 quod

370 811 99 46 non
426 811 113 46 actu
497 811 198 46 cognoscit.
652 811 113 46 Unde
723 811 85 46 et
765 811 113 46 Aug.
835 811 99 46 xi.
892 811 85 46 de
934 811 127 46 ciui.
1019 811 99 46 dei
1061 811 99 46 dicit

382 846 94 53 Una
435 846 175 53 sapientia
570 846 94 53 dei
624 846 94 53 est
678 846 81 53 in
718 846 94 53 qua
772 846 162 53 infiniti
894 846 108 53 sunt
961 846 162 53 thesauri
1069 846 94 53 rerum

381 891 254 49 intelligibilium.
597 891 89 49 Sed
648 891 76 49 si
686 891 102 49 idea
749 891 165 49 accipitur
876 891 140 49 proprie
978 891 114 49 prout
1041 891 127 49 scilicet

370 936 119 45 idea
445 936 238 45 distinguitur
638 936 74 45 a
668 936 208 45 rationibus
832 936 223 45 cognoscendi
1010 936 134 45 sicut
1085 936 74 45 in-

375 974 147 51 ferius
478 974 73 51 a
508 974 206 51 superiori:
669 974 103 51 sic
728 974 176 51 loquendo
860 974 88 51 de
904 974 118 51 idea
978 974 88 51 vt
1022 974 103 51 est
1066 974 103 51 prin-

378 1021 148 49 cipium
482 1021 237 49 causalitatis
675 1021 104 49 non
734 1021 148 49 habent
838 1021 134 49 ideam
927 1021 89 49 in
972 1021 104 49 deo
1031 1021 89 49 ea
1061 1021 89 49 quae

376 1063 96 50 non
431 1063 109 50 sunt
499 1063 96 50 nec
554 1063 150 50 fuerunt
664 1063 96 50 nec
718 1063 137 50 vnquam
814 1063 137 50 erunt.
910 1063 123 50 licet
992 1063 123 50 etiam
1060 1063 96 50 talia

377 1100 150 56 habeant
486 1100 122 56 ideam
568 1100 82 56 in
609 1100 95 56 deo
663 1100 177 56 inquantum
799 1100 109 56 idea
867 1100 95 56 est
921 1100 190 56 principium
1057 1100 109 56 scite.

383 1142 99 57 quia
444 1142 99 57 deus
506 1142 99 57 scit
568 1142 111 57 etiam
642 1142 74 57 ea
680 1142 148 57 scilicet
791 1142 148 57 infinita
902 1142 161 57 quecumque
1026 1142 124 57 potest
1100 1142 62 57 fa-

382 1185 104 50 cere
447 1185 142 50 quamuis
550 1185 142 50 numquam
654 1185 129 50 faciat
745 1185 142 50 similis
848 1185 104 50 actu
913 1185 155 50 infinita
1030 1185 104 50 etc.
1094 1185 65 50 ¶
1107 1185 52 50 Ad

374 1235 131 49 idem
455 1235 163 49 infra.
570 1235 98 49 §.
619 1235 163 49 xxxvi.
733 1235 114 49 Hec
798 1235 98 49 ex
847 1235 147 49 Bona.
945 1235 147 49 Rich.
1043 1235 98 49 et
1076 1235 98 49 Tho.

417 1275 90 53 Ad
462 1275 105 53 hec
522 1275 149 53 latius
626 1275 105 53 vbi
686 1275 135 53 Scia.
776 1275 90 53 §.
821 1275 149 53 xxiii.
925 1275 90 53 et
955 1275 60 53 se

440 1329 103 78 ¶
482 1329 185 78 Utrum
605 1329 164 78 idee
707 1329 205 78 omnium
851 1329 308 78 creaturarum
1077 1329 82 78 in

383 1385 90 59 deo
435 1385 103 59 sint
499 1385 103 59 vnum
563 1385 154 59 realiter
679 1385 90 59 vel
731 1385 129 59 plura.
821 1385 193 59 Respondetur
975 1385 154 59 secundum
1078 1385 90 59 Rich.

379 1432 78 49 e.
418 1432 91 49 di.
470 1432 129 49 xxxvi.
560 1432 78 49 q.
599 1432 103 49 iii.
664 1432 142 49 concor.
767 1432 116 49 Bona.
845 1432 91 49 di.
896 1432 116 49 xxxv.
974 1432 116 49 primi
1052 1432 78 49 q.
1090 1432 78 49 ii
1116 1432 52 49 et

382 1472 85 57 se.
430 1472 146 57 simulque
540 1472 97 57 Tho.
601 1472 73 57 in
637 1472 122 57 scrip.
722 1472 73 57 e.
759 1472 109 57 dist.
832 1472 122 57 xxxvi.
917 1472 73 57 q.
953 1472 73 57 ii
990 1472 109 57 arti.
1063 1472 73 57 ii
1087 1472 73 57 quod

383 1515 105 51 idee
449 1515 132 51 omnium
541 1515 198 51 creaturarum
699 1515 79 51 in
738 1515 92 51 deo
791 1515 105 51 sunt
857 1515 105 51 vnum
923 1515 158 51 secundum
1041 1515 105 51 rem.
1094 1515 66 51 ide

383 1556 113 59 Aug.
454 1556 99 59 vi.
510 1556 85 59 de
553 1556 113 59 tri.
623 1556 127 59 dicit
708 1556 141 59 Filius
807 1556 99 59 est
864 1556 99 59 ars
920 1556 141 59 quedam
1005 1556 170 59 omnipoten-

386 1604 100 52 tis
443 1604 100 52 dei
500 1604 128 52 plena
585 1604 128 52 omnim
671 1604 171 52 rationum
799 1604 185 52 viuentium
941 1604 85 52 et
984 1604 128 52 omnia
1069 1604 85 52 in
1098 1604 71 52 ipo

392 1642 102 55 vnum
456 1642 115 55 sunt.
532 1642 89 55 Hec
583 1642 115 55 ille.
660 1642 115 55 Ratio
736 1642 102 55 quia
800 1642 102 55 idea
863 1642 76 55 in
902 1642 89 55 deo
953 1642 115 55 dicit
1016 1642 153 55 similitudi

384 1683 102 57 nem
443 1683 102 57 que
501 1683 102 57 est
560 1683 132 57 ratio
648 1683 219 57 cognoscendi
823 1683 190 57 inquantum
969 1683 146 57 diuina
1057 1683 117 57 essen-

386 1719 93 59 tia
439 1719 93 59 est
492 1719 187 59 imitabilis
639 1719 67 59 a
666 1719 173 59 creatura.
799 1719 107 59 Illa
865 1719 120 59 autem
945 1719 160 59 secundum
1065 1719 93 59 rem
1105 1719 67 59 est

385 1768 114 51 idem
456 1768 114 51 quod
528 1768 143 51 diuina
628 1768 157 51 veritas
742 1768 86 51 et
785 1768 172 51 essentia
914 1768 100 51 que
971 1768 100 51 est
1028 1768 143 51 vnica.
1114 1768 57 51 et

382 1819 83 47 go
424 1819 111 47 idee
493 1819 125 47 omnes
576 1819 83 47 in
617 1819 83 47 ea
659 1819 111 47 sunt
728 1819 111 47 vnum
797 1819 180 47 realiter.
936 1819 125 47 Uerum
1019 1819 125 47 tamtm
1088 1819 83 47 quia

382 1853 134 49 deus
466 1853 218 49 cognoscit
633 1853 151 49 omnes
734 1853 218 49 creaturas
901 1853 100 49 et
951 1853 201 49 singulas
1085 1853 84 49 di-

388 1895 152 52 stincte
499 1895 124 52 sicut
581 1895 83 52 et
623 1895 165 52 producit
747 1895 193 52 distincte.
898 1895 110 52 Ideo
967 1895 110 52 Aug.
1036 1895 97 52 li.
1078 1895 97 52 lxxx-

389 1937 87 51 iii.
444 1937 175 51 quaestionum.
586 1937 66 51 q.
619 1937 66 51 xl
651 1937 77 51 vi.
695 1937 98 51 dicit
761 1937 98 51 aliam
826 1937 120 51 ratione
914 1937 131 51 conditum
1012 1937 87 51 esse
1056 1937 109 51 hominem-

391 1985 112 48 alia
461 1985 139 48 equum.
558 1985 112 48 Ideo
628 1985 167 48 secundum
754 1985 153 48 Scotis.
865 1985 237 48 distinguuntur
1060 1985 98 48 in:
1102 1985 70 48 deo

382 2023 208 51 formaliter
545 2023 133 51 sicut
634 2023 193 51 distincte
783 2023 208 51 quiditates
946 2023 74 51 ¶
975 2023 163 51 Denique
1079 2023 89 51 subs

384 2065 102 55 dit
443 2065 131 55 Rich.
530 2065 146 55 ibidem
632 2065 117 55 quod
705 2065 117 55 quia
778 2065 131 55 etiam
865 2065 175 55 creature
982 2065 189 55 diuersimodo

386 2106 77 53 et
425 2106 231 53 particulariter
617 2106 116 53 ipsam
694 2106 141 53 diuinam
797 2106 167 53 essentiam
925 2106 167 53 imitantur
1041 2106 128 53 secundum

390 2152 93 48 suam
448 2152 174 48 capacitatem
588 2152 104 48 vicem
657 2152 116 48 quadam
739 2152 70 48 in
773 2152 93 48 esse
831 2152 128 48 tantum.
924 2152 116 48 quadam
1006 2152 70 48 in
1040 2152 93 48 esse
1098 2152 70 48 et
1122 2152 46 48 vi

386 2191 125 55 uere.
470 2191 139 55 quedam
567 2191 84 55 in
609 2191 223 55 intelligere.
790 2191 111 55 alia
860 2191 125 55 aliis
943 2191 167 55 nobilius
1055 2191 125 55 partici

384 2237 153 50 pando.
491 2237 123 50 ideo
567 2237 291 50 diuersificantur
812 2237 123 50 idee
889 2237 184 50 respectu
1012 2237 168 50 ideatorum

394 2275 95 50 que
449 2275 108 50 sunt
516 2275 135 50 extra.
611 2275 108 50 vnde
679 2275 135 50 Diony.
773 2275 81 50 de
814 2275 95 50 di.
868 2275 95 50 no.
922 2275 81 50 ii
963 2275 95 50 ca.
1017 2275 122 50 dicit
1085 2275 81 50 quod

396 2326 133 44 sicut
485 2326 148 44 plures
588 2326 133 44 linee
677 2326 222 44 egrediuntur
855 2326 89 44 ab
899 2326 104 44 vno
958 2326 148 44 centro
1062 2326 104 44 sic
1106 2326 74 44 plu

394 2358 112 49 res
458 2358 193 49 creature
603 2358 193 49 diuersis
747 2358 144 49 modis
843 2358 241 49 participant
1036 2358 128 49 vnam
1100 2358 80 49 dei

395 2402 219 43 bonitatem.
567 2402 109 43 Hec
630 2402 125 43 ille
708 2402 125 43 etc.
786 2402 172 43 Proinde
911 2402 141 43 licet
1005 2402 141 43 omnes
1083 2402 94 43 idee

403 2446 90 47 in
448 2446 105 47 deo
508 2446 120 47 sunt
583 2446 120 47 vnum
658 2446 180 47 realiter
793 2446 90 47 et
839 2446 105 47 vna
899 2446 105 47 ars
959 2446 105 47 vel
1019 2446 120 47 vnum
1079 2446 105 47 exem-

393 2489 93 47 plar
451 2489 139 47 secundum
556 2489 93 47 rem.
614 2489 116 47 tantum
695 2489 116 47 plures
776 2489 139 47 secundum
881 2489 139 47 rationem
985 2489 186 47 intelligendi
1125 2489 46 47 re

401 2527 128 51 spectu
491 2527 179 51 ideatorum.
631 2527 77 51 et
670 2527 89 51 sic
721 2527 217 51 plurificantur
900 2527 141 51 ratione
989 2527 179 51 connotatorum

393 2573 106 49 Nam
454 2573 106 49 vna
514 2573 152 49 realis
621 2573 213 49 similitudo
788 2573 152 49 potest
894 2573 122 49 esse
970 2573 152 49 omnium
1062 2573 106 49 cogno

391 2610 210 47 scibilium:
556 2610 135 47 sicut
646 2610 150 47 potest
751 2610 120 47 esse
827 2610 120 47 vnum
902 2610 225 47 cognoscens:
1067 2610 105 47 vnica

386 2656 132 66 arte
468 2656 148 66 plura
566 2656 197 66 cognita.
714 2656 99 66 Et
764 2656 115 66 vna
830 2656 115 66 lux
895 2656 148 66 solis
994 2656 164 66 numero
1093 2656 82 66 ex

1208 233 155 70 primit
1316 233 108 70 vel
1378 233 186 70 ostendit
1517 233 155 70 multas
1625 233 93 70 et
1672 233 155 70 varias
1780 233 139 70 spens
1858 233 139 70 colorum

1201 293 92 50 et
1247 293 185 50 diuersis
1386 293 200 50 coloribus
1540 293 108 50 per
1601 293 139 50 varia
1694 293 139 50 vitra
1786 293 200 50 transiens
1925 293 77 50 co-

1196 329 181 57 loratur
1327 329 131 57 etc.
1409 329 115 57 Hec
1475 329 99 57 ex
1524 329 148 57 Rich.
1623 329 197 57 Bonauen.
1771 329 99 57 et
1803 329 99 57 Tho.

1264 378 145 76 Sed
1347 378 228 76 quomodo
1513 378 125 76 in
1576 378 145 76 deo
1659 378 208 76 possit
1804 378 187 76 stare
1908 378 104 76 plu

1208 432 148 60 ralitas
1315 432 162 60 idearum.
1436 432 94 60 Cum
1490 432 94 60 ibi
1544 432 94 60 non
1598 432 135 60 possit
1692 432 108 60 esse
1760 432 189 60 pluralitas
1894 432 108 60 artium

1213 476 87 54 nec
1262 476 198 54 sapientiarum
1423 476 87 54 nec
1473 476 198 54 exemplarium.
1634 476 186 54 Respondetur
1782 476 149 54 secundum
1894 476 74 54 e.
1918 476 87 54 Rich.

1211 527 139 50 ibidem
1308 527 111 50 quod
1378 527 195 50 distinctio
1531 527 153 50 idearum
1642 527 125 50 Primo
1725 527 97 50 non
1781 527 153 50 ponitur
1878 527 139 50 secundum

1219 564 110 57 rem
1282 564 204 57 absolutam
1439 564 94 57 in
1486 564 110 57 deo
1548 564 125 57 quia
1627 564 110 57 hoc
1689 564 188 57 repugnat
1814 564 204 57 simplicita-

1221 611 74 49 ti
1258 611 111 49 dici.
1331 611 135 49 Secundo
1430 611 111 49 etiam
1504 611 86 49 non
1553 611 135 49 ponitur
1651 611 148 49 secundum
1762 611 86 49 rem
1811 611 148 49 relatiua
1910 611 98 49 intra.

1217 656 110 45 quia
1286 656 123 45 talis
1368 656 123 45 nulla
1450 656 96 45 est
1505 656 82 45 in
1546 656 96 45 deo
1601 656 110 45 nisi
1669 656 151 45 relatio
1779 656 192 45 personarum
1916 656 96 45 inter

1223 688 78 54 se
1262 688 78 54 et
1301 688 169 54 notionum.
1430 688 130 54 Tertio
1521 688 91 54 nec
1573 688 156 54 secundum
1690 688 130 54 realem
1781 688 182 54 relationem
1923 688 91 54 dei
1962 688 52 54 ad

1219 734 185 49 creaturam.
1364 734 106 49 quia
1430 734 119 49 talis
1509 734 92 49 non
1562 734 92 49 est
1615 734 79 49 in
1654 734 106 49 deo.
1720 734 132 49 Quarto
1813 734 92 49 nec
1866 734 158 49 secundum
1971 734 53 49 re

1217 772 159 58 lationes
1336 772 133 58 reales
1429 772 146 58 creatre
1535 772 80 58 ad
1575 772 119 58 deum.
1654 772 106 58 quia
1720 772 106 58 tunc
1787 772 93 58 non
1840 772 146 58 fuisset
1932 772 80 58 plu-

1227 814 100 54 res
1284 814 114 54 idee
1355 814 85 54 ab
1398 814 142 54 eterno
1497 814 100 54 cum
1554 814 100 54 non
1611 814 142 54 fuerit
1711 814 128 54 reali
1796 814 199 54 existentia
1939 814 85 54 cre-

1222 860 125 53 ature
1305 860 83 53 ab
1347 860 139 53 eterno
1444 860 83 53 in
1486 860 125 53 rerum
1569 860 139 53 natura
1667 860 139 53 Quinto
1764 860 97 53 nec
1820 860 167 53 secundum
1931 860 83 53 conm

1232 902 218 47 parationes
1404 902 93 47 ad
1450 902 187 47 diuersas
1590 902 249 47 conceptiones
1793 902 93 47 in
1839 902 156 47 diuino
1948 902 109 47 in¬

1217 944 211 51 tellectum.
1382 944 120 51 quia
1458 944 120 51 deus
1533 944 135 51 vnico
1623 944 241 51 Intelligendi
1818 944 120 51 actu
1879 944 150 51 intelli-

1232 980 94 63 git
1285 980 120 63 omnia
1365 980 67 63 ¶
1392 980 94 63 Sed
1446 980 187 63 pluralitas
1593 980 147 63 idearum
1700 980 94 63 est
1753 980 80 63 in
1794 980 94 63 deo
1847 980 94 63 per
1901 980 94 63 hoc
1941 980 80 63 quod

1229 1026 165 54 diuinus
1349 1026 224 54 intellectus
1528 1026 209 54 intelligit
1693 1026 195 54 essentiam
1842 1026 120 54 suam
1917 1026 90 54 vt
1947 1026 75 54 est

1221 1076 142 47 forma
1316 1076 110 47 vel
1379 1076 220 47 similitudo
1552 1076 220 47 diuersarum
1725 1076 236 47 creaturarum
1898 1076 126 47 repre-

1225 1120 195 50 sentatiua
1375 1120 90 50 et
1420 1120 90 50 vt
1465 1120 90 50 ab
1510 1120 105 50 eis
1570 1120 105 50 est
1631 1120 210 50 imitabilis
1796 1120 90 50 in
1841 1120 120 50 esse
1901 1120 120 50 viuere

1221 1149 88 56 et
1265 1149 102 56 sic
1324 1149 88 56 de
1368 1149 132 56 aliis
1455 1149 146 56 Itaque
1557 1149 88 56 in
1601 1149 102 56 deo
1660 1149 102 56 est
1718 1149 132 56 vnica
1806 1149 102 56 ars
1864 1149 88 56 et
1894 1149 132 56 sapien-

1220 1194 109 56 tia
1283 1194 109 56 qua
1345 1194 125 56 deus
1423 1194 218 56 intelligit
1594 1194 156 56 omnia.
1703 1194 140 56 tamen
1796 1194 125 56 idee
1874 1194 125 56 sunt
1937 1194 93 56 plu-

1225 1234 91 60 res
1277 1234 116 60 sicut
1354 1234 78 60 et
1393 1234 116 60 plura
1471 1234 103 60 sunt
1535 1234 142 60 obiecta
1639 1234 181 60 intellecta
1781 1234 155 60 scilicet
1885 1234 142 60 represen-

1223 1277 122 55 tate
1299 1277 107 55 res
1360 1277 91 55 ad
1406 1277 137 55 extra
1497 1277 91 55 in
1543 1277 137 55 vnica
1634 1277 198 55 essentia.
1786 1277 122 55 Unde
1847 1277 183 55 imaginatur

1246 1321 128 54 Rich.
1331 1321 114 54 quod
1403 1321 100 54 ars
1460 1321 86 54 et
1502 1321 185 54 sapientia
1645 1321 86 54 in
1688 1321 100 54 deo
1745 1321 171 54 existens
1859 1321 171 54 formaliter

1231 1362 138 53 signat
1328 1362 83 53 vt
1369 1362 83 53 id
1410 1362 96 53 quo
1465 1362 165 53 scilicet
1589 1362 110 53 deus
1658 1362 193 53 intelligit
1810 1362 96 53 per
1865 1362 124 53 modum
1934 1362 96 53 forme

1228 1406 177 52 scilicet
1361 1406 192 52 sapientie
1509 1406 222 52 intellectum
1686 1406 222 52 informantis
1864 1406 133 52 quasi
1938 1406 103 52 habi-

1224 1449 106 51 tus
1284 1449 121 51 etc.
1360 1449 121 51 Idea
1435 1449 136 51 autem
1525 1449 151 51 signat
1631 1449 106 51 non
1691 1449 151 51 tantum
1797 1449 90 51 vt
1842 1449 90 51 id
1887 1449 106 51 quo
1933 1449 90 51 deus

1225 1491 214 51 intelligit
1393 1491 107 51 per
1454 1491 138 51 modum
1546 1491 138 51 forme
1638 1491 107 51 sed
1699 1491 138 51 etiam
1791 1491 92 51 vt
1837 1491 92 51 in
1883 1491 107 51 quo
1929 1491 92 51 deus

1224 1529 211 58 intelligit
1390 1529 166 58 tanquam
1511 1529 91 58 in
1556 1529 166 58 obiecto
1677 1529 211 58 intellecto
1843 1529 91 58 in
1888 1529 136 58 aliud
1964 1529 75 58 du-

1221 1579 138 46 cente
1313 1579 108 46 seu
1374 1579 138 46 aliud
1467 1579 277 46 representante.
1697 1579 169 46 Denique
1820 1579 169 46 quamuis
1928 1579 92 46 deus

1235 1615 131 55 vnico
1323 1615 117 55 actu
1396 1615 204 55 intelligat
1556 1615 131 55 omnia
1644 1615 131 55 tamen
1732 1615 117 55 illo
1805 1615 117 55 actu
1863 1615 175 55 intelligit

1225 1660 129 50 illud
1311 1660 115 50 vnum
1383 1660 129 50 prout
1469 1660 101 50 est
1526 1660 172 50 multorum
1656 1660 273 50 representatiuum
1885 1660 86 50 et
1928 1660 72 50 a
1943 1660 86 50 mul-

1231 1707 106 53 tis
1291 1707 212 53 imitabile.
1458 1707 166 53 Teterum
1579 1707 91 53 in
1624 1707 106 53 deo
1685 1707 212 53 exemplaria
1851 1707 166 53 proprie
1957 1707 76 53 non

1228 1744 181 53 dicuntur
1364 1744 151 53 plura.
1469 1744 121 53 quia
1545 1744 181 53 exemplar
1680 1744 211 53 significat
1846 1744 121 53 tota
1906 1744 136 53 plurali

1241 1788 113 51 tatem
1317 1788 139 51 idearum
1418 1788 126 51 simul.
1506 1788 113 51 Sicut
1582 1788 151 51 sigillum
1695 1788 113 51 dicit
1771 1788 139 51 similis
1872 1788 126 51 omnium
1947 1788 76 51 figu

1228 1827 143 51 rarum
1324 1827 270 51 aggregationem
1546 1827 111 51 que
1610 1827 127 51 sunt
1689 1827 95 51 in
1737 1827 175 51 sigillo
1864 1827 127 51 etc.
1944 1827 127 51 Unde

1233 1867 141 53 sicut
1327 1867 157 53 plures
1437 1867 157 53 figure
1547 1867 126 53 sunt
1626 1867 126 53 vnum
1704 1867 188 53 sigillum
1845 1867 110 53 sic
1892 1867 126 53 plures

1228 1917 112 47 idee
1298 1917 153 47 similis
1409 1917 112 47 sunt
1479 1917 112 47 vnum
1549 1917 181 47 exemplar.
1688 1917 112 47 Quod
1758 1917 126 47 autem
1842 1917 181 47 Dionysius
1967 1917 56 47 de

1229 1958 112 50 di.
1293 1958 112 50 no.
1357 1958 96 50 c.
1405 1958 96 50 v.
1453 1958 144 50 dicit
1549 1958 96 50 In
1597 1958 112 50 deo
1662 1958 144 50 plura
1758 1958 256 50 paradigmata:
1950 1958 80 50 hoc

1227 1994 105 52 est
1287 1994 209 52 exemplaria
1451 1994 180 52 secundum
1586 1994 254 52 translationem
1796 1994 165 52 Abbatis
1900 1994 135 52 Uercel.

1231 2038 267 62 Intelligendum
1451 2038 110 62 est
1514 2038 126 62 quod
1592 2038 251 62 particularia
1797 2038 220 62 exemplaria
1954 2038 79 62 di-

1227 2090 155 51 cuntur
1336 2090 140 51 plura
1430 2090 218 51 accipiendo
1601 2090 140 51 ipsas
1694 2090 140 51 ideas
1787 2090 249 51 prohuiusmodi
1974 2090 62 51 ex

1234 2119 237 74 emplaribus
1420 2119 119 74 Hec
1488 2119 152 74 omnia
1590 2119 102 74 ex
1623 2119 119 74 Rich.

1295 2168 110 63 ¶
1339 2168 199 63 Utrum
1472 2168 133 63 in
1538 2168 155 63 deo
1626 2168 177 63 idee
1715 2168 309 63 vniuersalium

1233 2224 78 59 et
1272 2224 169 59 specierum
1402 2224 195 59 singularium
1558 2224 104 59 sint
1623 2224 169 59 distincte
1753 2224 117 59 inter
1831 2224 78 59 se
1870 2224 78 59 et
1909 2224 78 59 ab
1935 2224 91 59 ideis

1231 2269 205 55 particularium
1400 2269 84 55 vel
1448 2269 205 55 indiuiduorum.
1616 2269 181 55 Respondetur
1761 2269 145 55 secundum
1869 2269 108 55 Rich.
1942 2269 72 55 e.
1966 2269 60 55 dic

1236 2315 141 48 xxxvi.
1334 2315 141 48 primi.
1433 2315 84 48 q.
1475 2315 127 48 iiii.
1560 2315 155 48 concor.
1672 2315 169 48 Bonauen.
1799 2315 113 48 quod
1869 2315 127 48 exquo
1940 2315 84 48 deus

1238 2353 194 52 intelligit
1390 2353 180 52 essentiam
1528 2353 111 52 suam
1598 2353 97 52 non
1653 2353 138 52 tantum
1750 2353 83 52 vt
1791 2353 221 52 vniuersalium
1957 2353 69 52 vel

1229 2396 169 52 specierum
1359 2396 91 52 aut
1411 2396 143 52 generum
1515 2396 91 52 sed
1567 2396 91 52 est
1619 2396 78 52 vt
1659 2396 195 52 singularium
1802 2396 234 52 repraesentatiuam

1228 2444 90 43 et
1273 2444 195 43 imitandam
1423 2444 90 43 ab
1468 2444 120 43 eis.
1543 2444 105 43 Ion
1603 2444 210 43 vtrorumque
1769 2444 150 43 plures
1874 2444 120 43 sunt
1934 2444 90 43 idee

1231 2480 84 54 in
1273 2480 98 54 deo
1329 2480 84 54 vt
1371 2480 126 54 patet
1454 2480 126 54 etiam
1538 2480 98 54 per
1594 2480 112 54 Aug.
1664 2480 84 54 in
1706 2480 168 54 Epistola
1832 2480 84 54 ad
1859 2480 168 54 Nembridium

1230 2524 132 50 dicit.
1322 2524 132 50 Uarias
1414 2524 119 50 omnim
1493 2524 158 50 rationes
1612 2524 79 50 in
1651 2524 105 50 illa
1717 2524 198 50 sinceritate
1875 2524 132 50 viuere
1954 2524 79 50 Unde

1226 2563 160 52 quamuis
1343 2563 146 52 ipsius
1445 2563 218 52 vniuersalis
1619 2563 87 52 vt
1663 2563 116 52 vele
1736 2563 102 52 est
1794 2563 102 52 sit
1852 2563 102 52 vna
1911 2563 116 52 idea
1969 2563 58 52 in

1236 2609 94 48 deo:
1295 2609 106 48 tamen
1365 2609 176 48 singularium
1506 2609 70 48 vt
1542 2609 164 48 singularia
1671 2609 94 48 sunt
1729 2609 129 48 plures.
1823 2609 82 48 Nam
1870 2609 94 48 homo
1917 2609 106 48 rotion-

1230 2648 78 76 ne
1269 2648 104 76 veli
1334 2648 130 76 factus
1426 2648 91 76 est
1478 2648 104 76 vnam
1543 2648 144 76 ratione
1648 2648 170 76 specifica
1778 2648 170 76 inquantum
1909 2648 117 76 homo.
1974 2648 65 76 Sed
