2255 3285
370 332 119 82 pote
444 332 89 82 in
489 332 163 82 diuinis
607 332 89 82 et
652 332 208 82 virtutihus
815 332 178 82 scilicet
949 332 208 82 Consecutio
1097 332 74 82 sa-

370 391 151 66 lutis:
476 391 106 66 pax
536 391 166 66 mentis:
657 391 91 66 ac
702 391 212 66 edificatio
869 391 181 66 proximi.
1005 391 121 66 Ideo
1065 391 91 66 prae

361 447 171 52 fertur
481 447 137 52 bono
566 447 154 52 vtili
669 447 103 52 de
720 447 120 52 quo
788 447 154 52 bonum
891 447 256 52 predicatur.
1079 447 68 52 Se

377 478 144 57 cundo
473 478 176 57 denique
601 478 208 57 prefertur
761 478 80 57 a
794 478 192 57 fortiori
938 478 128 57 bono
1002 478 160 57 delecta-

375 514 139 61 bili
462 514 105 61 de
514 514 122 61 quo
584 514 157 61 bonum
688 514 261 61 predicatur.
898 514 192 61 Tertio.
1037 514 122 61 Nam
1089 514 70 61 in

374 564 128 60 bono
454 564 176 60 honesto
582 564 112 60 est
646 564 96 60 et
694 564 192 60 vtilitas
839 564 96 60 et
887 564 224 60 delectatio
1047 564 112 60 maxi-

378 604 97 64 ma
426 604 97 64 et
475 604 227 64 verissima.
654 604 114 64 Sed
719 604 97 64 in
767 604 130 64 bono
849 604 244 64 delectabili
1043 604 114 64 est
1092 604 65 64 bo

380 641 129 75 nitas
466 641 115 75 sepe
537 641 143 75 fallax
638 641 86 75 et
681 641 129 75 minus
767 641 115 75 vera
838 641 115 75 etc.
910 641 72 75 Q
939 641 115 75 ergo
996 641 172 75 quanstulti

386 695 109 63 qui
449 695 219 63 preeligunt
621 695 109 63 hec
668 695 125 63 illis.

385 750 153 86 ¶
447 750 336 86 Quomodo
691 750 398 86 iudicatur
967 750 184 86 vnum

376 823 151 49 bonum
477 823 134 49 fore
561 823 168 49 melius
678 823 185 49 altero:
813 823 252 49 Respondetur
997 823 168 49 secundum

386 864 212 59 Raynerium
549 864 98 59 in
598 864 114 59 sua
663 864 147 59 summa
761 864 130 59 Quod
842 864 261 59 preeminentia
1038 864 130 59 perfe-

380 905 178 56 ctionis
509 905 210 56 accipitur
671 905 97 56 ex
719 905 113 56 sex
784 905 243 56 rationibus.
978 905 146 56 Primo
1059 905 97 56 quia

381 948 103 53 est
440 948 205 53 diuturnius
601 948 117 53 ergo
675 948 176 53 securius
807 948 205 53 possidetur
968 948 88 53 et
1012 948 103 53 sic
1056 948 103 53 prae-

377 987 197 54 eligitur
524 987 99 54 ne
574 987 230 54 amittatur.
754 987 131 54 Unde
836 987 214 54 beatitudo
1001 987 197 54 celestis

375 1033 192 49 melior
509 1033 134 49 est
586 1033 154 49 omni
682 1033 154 49 bono
778 1033 192 49 mundi.
912 1033 211 49 Secundo
1047 1033 115 49 quia

377 1071 113 57 est
441 1071 177 57 purius.
570 1071 113 57 Nam
634 1071 193 57 secundum
779 1071 257 57 Philosophum.
988 1071 145 57 Bonum
1069 1071 97 57 quod

384 1121 114 48 est
449 1121 130 48 sine
530 1121 130 48 omni
612 1121 130 48 malo
693 1121 228 48 impermixtu
873 1121 114 48 est
938 1121 147 48 maius
1036 1121 98 48 et
1068 1121 98 48 pre-

383 1156 226 53 eligendum:
561 1156 146 53 sicut
658 1156 178 53 Gaudium
787 1156 129 53 sine
868 1156 210 53 tristicia
1013 1156 146 53 preeli-

372 1206 136 49 gitur
462 1206 121 49 quam
538 1206 106 49 cum
598 1206 211 49 tristicia.
764 1206 151 49 Tertio
870 1206 121 49 quia
945 1206 106 49 est
990 1206 166 49 communius

378 1240 122 56 Nam
447 1240 105 56 i.
500 1240 227 56 Ethicorum
674 1240 157 56 Bonum
779 1240 174 56 quanto
901 1240 227 56 communius
1057 1240 105 56 tan-

378 1286 98 49 to
427 1286 212 49 diuinius.
590 1286 98 49 et
638 1286 179 49 melius:
769 1286 130 49 quia
850 1286 130 49 tale
932 1286 114 49 est
997 1286 147 49 bonum
1079 1286 81 49 sim

382 1324 220 58 pliciter.
552 1324 119 58 Sed
619 1324 153 58 bonum
721 1324 254 58 particulare
925 1324 119 58 est
992 1324 153 58 bonum
1077 1324 85 58 ali

377 1365 114 56 cui
442 1365 180 56 tantum.
573 1365 131 56 Unde
654 1365 147 56 bonum
752 1365 228 56 reipublice
932 1365 212 56 prefertur
1078 1365 82 56 bo-

375 1416 96 44 no
423 1416 239 44 particulari
614 1416 192 44 alicuius
758 1416 128 44 etc.
838 1416 176 44 Quarto:
966 1416 128 44 quia
1045 1416 112 44 est
1093 1416 64 44 su

375 1451 255 51 ficientius
575 1451 164 51 Illud
684 1451 146 51 enim
775 1451 164 51 bonum
884 1451 127 51 est
957 1451 182 51 melius
1066 1451 91 51 quo

381 1490 167 54 habito
498 1490 151 54 nullo
599 1490 218 54 indigemus
766 1490 134 54 quam
850 1490 117 54 sit
917 1490 151 54 illud
1017 1490 117 54 quo
1068 1490 100 54 habi

372 1531 106 55 to
425 1531 158 55 adhuc
531 1531 246 55 indigemus.
724 1531 141 55 Unde
812 1531 211 55 charitas
971 1531 176 55 melior
1076 1531 88 55 est

393 1574 126 61 quam
472 1574 205 61 castitas.
630 1574 173 61 Quinto:
756 1574 126 61 quia
834 1574 110 61 est
897 1574 252 61 honorabilius
1086 1574 79 61 vel

375 1616 263 57 laudabilius
586 1616 140 57 quia
674 1616 158 57 maior
779 1616 158 57 honor
884 1616 105 57 et
937 1616 140 57 laus
1007 1616 158 57 debetur

385 1653 174 58 meliori
512 1653 143 58 bono.
607 1653 127 58 iii.
686 1653 222 58 Ethicorum.
861 1653 127 58 Unde
940 1653 222 58 benefacere
1099 1653 63 58 ex

380 1700 171 53 traneis
505 1700 109 53 est
567 1700 156 53 melius
676 1700 93 53 et
723 1700 234 53 laudabilius
910 1700 125 53 quam
988 1700 109 53 con
1034 1700 125 53 sangu.

379 1744 136 48 neis
464 1744 102 48 et
515 1744 305 48 benefactoribus
769 1744 187 48 ceteris
905 1744 203 48 paribus.
1040 1744 119 48 Sexto

384 1784 137 59 quia
470 1784 120 59 est
538 1784 257 59 preciosius.
744 1784 120 59 Nam
812 1784 257 59 preciosiora
1018 1784 137 59 sunt
1086 1784 86 59 ma-

381 1825 118 60 gis
449 1825 254 60 eligibilia:
652 1825 135 60 quia
736 1825 186 60 precium
872 1825 118 60 est
939 1825 169 60 quedam
1041 1825 118 60 digni

387 1867 108 54 tas
448 1867 93 54 et
495 1867 170 54 mensura
619 1867 124 54 rei:
696 1867 139 54 sicut
789 1867 139 54 aurum
882 1867 201 54 prefertur
1021 1867 139 54 argento

387 1916 144 46 Septio:
492 1916 105 46 quia
558 1916 92 46 est
610 1916 171 46 diuinius.
742 1916 92 46 Nam
794 1916 118 46 bonum
873 1916 144 46 diuinum
978 1916 92 46 est
1031 1916 92 46 per
1070 1916 105 46 essen-

387 1956 127 48 tiam
466 1956 158 48 bonum.
577 1956 127 48 alia
656 1956 143 48 autem
751 1956 111 48 per
815 1956 317 48 participationem:
1068 1956 95 48 Ideo

384 1997 146 48 bonum
481 1997 130 48 quod
563 1997 114 48 est
628 1997 114 48 deo
693 1997 195 48 similius
839 1997 98 48 et
888 1997 212 48 proximius
1051 1997 114 48 est
1100 1997 65 48 me

380 2035 127 58 lius
459 2035 159 58 aliis.
570 2035 143 58 Sicut
666 2035 159 58 melius
777 2035 111 58 est
840 2035 127 58 esse
919 2035 127 58 vere
998 2035 143 58 sanum
1078 2035 79 58 qua

386 2084 236 45 apparenter
572 2084 169 45 sanum.
690 2084 101 45 Et
740 2084 118 45 sic
808 2084 169 45 gratia
926 2084 219 45 prefertur
1078 2084 84 45 omn

380 2117 153 55 bono.
482 2117 187 55 Octauo:
618 2117 136 55 quia
703 2117 119 55 est
771 2117 238 55 efficacius
958 2117 102 55 in
992 2117 170 55 causando

386 2160 156 59 maius
490 2160 173 59 bonum:
611 2160 104 59 Et
663 2160 121 59 sic
732 2160 208 59 medicina
889 2160 156 59 licet
993 2160 156 59 amara
1079 2160 87 59 que

391 2203 117 55 est
458 2203 150 55 magis
558 2203 217 55 causatiua
725 2203 217 55 sanitatis
891 2203 167 55 melior
1008 2203 117 55 est
1058 2203 100 55 cibe

383 2240 156 56 dulci.
493 2240 109 56 Nam
555 2240 125 56 illa
633 2240 172 56 efficit
758 2240 109 56 vel
820 2240 156 56 causat
929 2240 218 56 sauitatem:
1085 2240 94 56 iste

381 2291 148 47 autem
479 2291 296 47 delectationem.
726 2291 115 47 sed
792 2291 165 47 melior
908 2291 115 47 est
973 2291 181 47 sanitas
1089 2291 82 47 de-

380 2326 223 55 lectatione
556 2326 128 55 ergo
635 2326 128 55 etc.
715 2326 207 55 Similiter
875 2326 96 55 si
923 2326 239 55 proponantur
1098 2326 80 55 hec

386 2371 99 49 duo
442 2371 127 49 bona.
527 2371 169 49 scilicet
653 2371 169 49 amicicia
780 2371 84 49 et
822 2371 169 49 diuitie.
949 2371 169 49 Amicicia
1075 2371 99 49 est
1118 2371 56 49 me

386 2410 123 58 lior
462 2410 92 58 et
509 2410 246 58 preeligenda:
708 2410 123 58 quia
785 2410 108 58 est
846 2410 215 58 efficacior
1015 2410 92 58 ad
1046 2410 123 58 causan

385 2459 123 52 dum
456 2459 158 52 maius
561 2459 158 52 bonum
666 2459 210 52 scilicet
824 2459 298 52 delectationem
1051 2459 123 52 pacem

387 2498 85 53 et
429 2498 113 53 alia
500 2498 113 53 bona
570 2498 99 53 que
626 2498 99 53 non
683 2498 183 53 efficiunt
824 2498 169 53 intantum
951 2498 155 53 diuitie
1063 2498 99 53 qua
1106 2498 56 53 po

378 2533 122 61 tius
454 2533 137 61 causa
545 2533 198 61 discordie
697 2533 137 61 sunt.
789 2533 122 61 Unde
865 2533 167 61 Aristo.
986 2533 137 61 viii.
1062 2533 107 61 Ethi.

384 2577 155 54 dicit.
492 2577 186 54 Amicicia
632 2577 155 54 melior
740 2577 109 54 est
802 2577 140 54 multo
895 2577 124 54 quam
973 2577 186 54 pecunia:
1097 2577 78 54 nul

393 2623 100 50 lus
450 2623 114 50 emim
521 2623 114 50 sane
592 2623 171 50 eligeret
721 2623 143 50 viuere
821 2623 114 50 sine
892 2623 143 50 amicis
992 2623 157 50 reliqua
1092 2623 71 50 beo

384 2664 90 61 na
429 2664 165 61 habens.
549 2664 105 61 Hec
609 2664 135 61 ille.
699 2664 135 61 Nono:
790 2664 120 61 quia
865 2664 240 61 ordinabilius
1060 2664 105 61 vel
1105 2664 60 61 fi

384 2708 94 54 ni
431 2708 234 54 propinquius
619 2708 125 54 siue
697 2708 125 54 ipse
775 2708 141 54 finis
869 2708 203 54 alterius.
1025 2708 109 54 Nam
1072 2708 109 54 finis

381 2750 113 74 est
446 2750 162 74 melior
559 2750 210 74 ordinatis
721 2750 97 74 in
769 2750 162 74 finem:
883 2750 146 74 sicut
980 2750 178 74 sanitas
1093 2750 81 74 me

1212 316 121 77 lior
1287 316 106 77 est
1348 316 121 77 quam
1423 316 181 77 medicina
1559 316 90 77 i.
1604 316 121 77 Eth.
1679 316 106 77 Sic
1740 316 136 77 etiam
1830 316 151 77 virtus
1921 316 75 77 me-

1213 380 112 56 lior
1283 380 98 56 est
1339 380 112 56 quam
1409 380 182 56 scientia:
1549 380 112 56 quia
1618 380 140 56 virtus
1716 380 182 56 immediate
1842 380 154 56 ordinatur

1220 421 81 61 ad
1260 421 121 61 finem
1341 421 148 61 vltimum
1449 421 162 61 scilicet
1570 421 81 61 ad
1611 421 229 61 beatitudinem.
1800 421 162 61 Scientia
1908 421 94 61 autem

1216 462 190 64 mediante
1359 462 174 64 virtute
1485 462 127 64 etc.
1565 462 174 64 Decimo:
1691 462 127 64 quia
1770 462 190 64 vtilius.
1913 462 127 64 Unde

1217 506 141 57 equus
1311 506 157 57 melior
1421 506 110 57 est
1484 506 126 57 quam
1563 506 157 57 simia:
1672 506 126 57 Quia
1751 506 141 57 licet
1845 506 141 57 simia
1924 506 78 57 sit

1220 545 145 62 homini
1322 545 87 62 in
1366 545 232 62 dispositione
1555 545 189 62 corporali
1700 545 174 62 similior
1831 545 116 62 quam
1889 545 116 62 equus:

1219 589 126 56 tamen
1303 589 126 56 equus
1388 589 84 56 in
1430 589 211 56 fortitudine
1598 589 155 56 vtilior
1711 589 98 56 est
1767 589 155 56 homini:
1880 589 112 56 ergo
1936 589 70 56 me-

1217 645 123 70 lior
1294 645 123 70 etc.
1371 645 108 70 Hec
1433 645 139 70 omnia
1525 645 154 70 Rayne.
1633 645 93 70 in
1679 645 139 70 summa
1756 645 93 70 sua.

1346 693 417 135 Mnitas.
1649 693 265 135 Ni.
1763 693 265 135 scili

1430 801 94 63 cet
1483 801 134 63 moris.
1577 801 107 63 Nota
1644 801 161 63 secundum
1765 801 134 63 Guill.
1859 801 121 63 super
1939 801 67 63 .
1952 801 54 63 i.

1437 844 120 65 dist.
1516 844 120 65 vlti.
1596 844 120 65 Sicut
1676 844 133 65 potest
1769 844 120 65 trahi
1849 844 80 65 ex
1875 844 133 65 decretis

1434 884 132 60 dist.
1522 884 88 60 i.
1566 884 103 60 Mos
1625 884 103 60 est
1684 884 206 60 consuetudo
1845 884 132 60 longa
1919 884 88 60 tran

1227 928 105 61 cta
1287 928 90 61 ex
1332 928 165 61 actibus
1452 928 165 61 hominim
1572 928 195 61 moralibus
1723 928 240 61 frequentatis
1903 928 105 61 Bonum

1232 973 137 61 moris
1323 973 122 61 ergo
1399 973 137 61 habet
1490 973 122 61 esse
1566 973 91 61 ex
1612 973 167 61 actibus
1733 973 198 61 virtuosis
1870 973 137 61 frequin

1220 1021 149 52 tatis
1320 1021 133 52 Unde
1403 1021 149 52 bonum
1503 1021 149 52 moris
1602 1021 116 52 non
1668 1021 116 52 est
1735 1021 100 52 in
1785 1021 149 52 malis
1868 1021 149 52 angelis

1235 1059 103 57 vel
1294 1059 206 57 demonibus.
1456 1059 191 57 Similiter
1603 1059 103 57 nec
1661 1059 88 57 in
1705 1059 176 57 homnibus
1838 1059 132 57 malis
1911 1059 103 57 licet

1227 1103 92 53 in
1273 1103 183 53 vtrisque
1410 1103 107 53 sit
1471 1103 137 53 bonum
1562 1103 137 53 entis
1654 1103 92 53 vt
1700 1103 153 53 patuit
1807 1103 153 53 supra.
1913 1103 92 53 §.
1944 1103 61 53 vi

1227 1143 89 57 Et
1272 1143 224 57 aduertendum
1451 1143 119 57 quod
1525 1143 119 57 ista
1600 1143 119 57 tria
1674 1143 89 57 se
1719 1143 149 57 habent
1823 1143 104 57 per
1868 1143 149 57 ordinem.

1232 1184 135 57 Mos:
1316 1184 252 57 Consuetudo:
1518 1184 135 57 Tex.
1602 1184 151 57 sicut
1703 1184 151 57 patet
1804 1184 101 57 ex
1838 1184 168 57 decretis

1238 1226 157 55 supra.
1348 1226 110 55 Nam
1411 1226 220 55 consuetudo
1584 1226 142 55 supra
1679 1226 126 55 more
1757 1226 142 55 addit
1852 1226 126 55 quod
1915 1226 94 55 ali-

1245 1263 141 68 quando
1344 1263 99 68 pro
1400 1263 113 68 lege
1471 1263 170 68 capitur.
1598 1263 113 68 Unde
1669 1263 141 68 ibidem
1768 1263 170 68 dicitur.
1881 1263 127 68 Consue-

1239 1318 117 49 tudo
1312 1318 102 49 est
1371 1318 102 49 ius
1429 1318 160 49 quoddam
1546 1318 160 49 moribus
1662 1318 204 49 institutum
1823 1318 117 49 quod
1895 1318 102 49 pro
1939 1318 73 49 le-

1232 1356 89 61 ge
1277 1356 208 61 suscipitur
1440 1356 148 61 quando
1544 1356 163 61 deficit
1662 1356 119 61 lex.
1736 1356 104 61 Tex
1796 1356 119 61 vero
1870 1356 133 61 supra
1944 1356 74 61 mo-

1239 1398 91 58 rem
1291 1398 78 58 et
1330 1398 221 58 consuetudinem
1512 1398 117 58 addit
1590 1398 104 58 quod
1656 1398 91 58 sit
1708 1398 195 58 constitutio
1864 1398 156 58 scripta.
1968 1398 52 58 vt

1237 1434 113 55 enim
1308 1434 99 55 lex
1364 1434 156 55 dicatur
1478 1434 142 55 scribi
1577 1434 184 55 conuenit.
1719 1434 113 55 Unde
1790 1434 142 55 ibidem
1875 1434 142 55 dicitur.

1230 1478 100 72 Tex
1287 1478 100 72 est
1344 1478 214 72 constitutio
1515 1478 171 72 scripta.
1644 1478 114 72 Inde
1715 1478 100 72 est
1772 1478 114 72 quod
1843 1478 100 72 lex
1901 1478 71 72 a
1915 1478 114 72 legen-

1229 1529 97 51 do
1277 1529 178 51 dicitur
1390 1529 81 51 etc

1242 1584 128 81 ¶
1294 1584 179 81 Que
1396 1584 383 81 requiruntur
1702 1584 153 81 ad
1753 1584 281 81 bonitatem

1235 1646 141 63 actus
1329 1646 188 63 moralis:
1470 1646 235 63 Respondetur
1658 1646 188 63 secundum
1799 1646 157 63 eundem
1893 1646 125 63 Guill.

1236 1691 90 48 vbi
1288 1691 129 48 supra.
1378 1691 103 48 quod
1442 1691 193 48 requiruntur
1596 1691 129 48 nouem.
1686 1691 116 48 Primo
1764 1691 103 48 ipse
1828 1691 116 48 actus
1892 1691 129 48 scilicet

1237 1734 98 50 sit
1293 1734 141 50 rectus
1392 1734 84 50 et
1434 1734 126 50 bonus
1518 1734 84 50 in
1560 1734 98 50 se.
1616 1734 70 50 ¶
1645 1734 98 50 Sed
1701 1734 98 50 hoc
1757 1734 155 50 aduerte
1869 1734 112 50 quod
1926 1734 98 50 actus

1240 1777 146 49 bonus
1337 1777 195 49 requirit
1483 1777 146 49 tria.
1580 1777 97 49 Ut
1629 1777 146 49 patet
1726 1777 146 49 extra
1823 1777 97 49 de
1872 1777 146 49 voto.
1953 1777 65 49 ca

1239 1818 145 50 Magne.
1341 1818 145 50 Primum
1443 1818 116 50 quid
1516 1818 145 50 liceat
1618 1818 175 50 secundum
1749 1818 204 50 equitatem:
1909 1818 102 50 que
1952 1818 73 50 est

1227 1864 188 49 iusticia
1368 1864 172 49 dulcore
1494 1864 219 49 temporata:
1666 1864 94 49 vt
1713 1864 141 49 dicit
1807 1864 219 49 Eiprianus.
1963 1864 63 49 Se

1237 1899 142 58 cundum
1336 1899 170 58 requirit
1464 1899 113 58 quid
1534 1899 128 58 decet
1619 1899 170 58 secundum
1747 1899 213 58 honestatem:
1917 1899 85 58 Et
1945 1899 71 58 est

1227 1948 193 47 diuersum
1371 1948 80 47 a
1404 1948 145 47 verbo
1500 1948 161 47 licet.
1612 1948 128 47 quia
1693 1948 145 47 multa
1789 1948 161 47 licent
1902 1948 112 47 que
1950 1948 80 47 non

1227 1982 169 52 decent:
1349 1982 92 52 vt
1395 1982 169 52 patebit
1518 1982 92 52 in
1564 1982 291 52 subsequentibus.
1809 1982 184 52 Tertium:
1932 1982 92 52 quid

1231 2027 155 50 expedit
1343 2027 169 50 secundum
1470 2027 211 50 vtilitatem.
1639 2027 98 50 Nam
1695 2027 126 50 filie
1779 2027 112 50 sine
1849 2027 169 50 consensu
1962 2027 56 50 pa

1225 2070 138 50 tris.
1317 2070 138 50 licet
1409 2070 231 50 matrimonium
1594 2070 215 50 contrahere
1763 2070 92 50 vt
1809 2070 154 50 patet.
1901 2070 123 50 xxvii.

1238 2114 95 55 q.
1286 2114 95 55 ii
1333 2114 95 55 c.
1381 2114 222 55 Sufficiat.
1555 2114 111 55 sed
1618 2114 143 55 tamen
1713 2114 111 55 non
1777 2114 158 55 decet.
1887 2114 95 55 Ut
1919 2114 95 55 habe

1222 2152 111 52 tur
1286 2152 95 52 de
1333 2152 174 52 despon.
1460 2152 159 52 impub.
1571 2152 95 52 ca
1619 2152 95 52 i.
1666 2152 111 52 Nec
1730 2152 143 52 etiam
1825 2152 174 52 expedit
1936 2152 79 52 cum

1229 2194 188 57 mulieres
1370 2194 125 57 sepe
1448 2194 188 57 laborent
1589 2194 157 57 contra
1699 2194 172 57 propria
1824 2194 188 57 commoda.
1949 2194 63 57 C-

1231 2235 96 55 de
1279 2235 144 55 spon.
1375 2235 96 55 l.
1423 2235 160 55 pater.
1535 2235 96 55 in
1583 2235 144 55 fine.
1678 2235 176 55 Secundo
1806 2235 96 55 ad
1838 2235 176 55 bonitatem

1234 2274 147 58 actus
1332 2274 180 58 moralis
1462 2274 245 58 requiritur:
1658 2274 131 58 quis
1740 2274 131 58 agit
1821 2274 98 58 vt
1854 2274 163 58 scilicet

1234 2327 100 42 ei
1284 2327 150 42 talis
1384 2327 150 42 actus
1484 2327 233 42 conueniat.
1667 2327 133 42 Unde
1751 2327 200 42 peccauit
1884 2327 133 42 Ornias

1219 2366 128 50 rex
1292 2366 237 50 offerendo
1474 2366 146 50 thus
1565 2366 146 50 quod
1656 2366 146 50 sibi
1747 2366 128 50 non
1802 2366 200 50 conuenie-

1224 2403 126 54 bat:
1303 2403 110 54 sed
1366 2403 220 54 sacerdoti.
1538 2403 126 54 Ideo
1617 2403 126 54 fuit
1695 2403 141 54 lepra
1789 2403 220 54 percussus.
1946 2403 63 54 ii

1240 2442 152 61 Paralis.
1354 2442 114 61 xxvi.
1431 2442 140 61 Tertio:
1532 2442 89 61 cui
1583 2442 140 61 oportet
1684 2442 152 61 scilicet
1798 2442 114 61 talem
1874 2442 114 61 talem
1938 2442 76 61 fie-

1228 2490 126 52 ri.
1300 2490 144 52 Unde
1390 2490 216 52 peccauit
1552 2490 198 52 Salomon
1697 2490 126 52 qui
1769 2490 234 52 offerebat
1931 2490 90 52 sa-

1225 2528 206 59 crificia
1379 2528 172 59 idolis
1500 2528 172 59 quibus
1620 2528 120 59 non
1689 2528 206 59 debebat.
1843 2528 137 59 Ideo
1912 2528 103 59 pri-

1225 2570 151 53 uatus
1326 2570 134 53 fuit
1410 2570 185 53 integra
1544 2570 252 53 successione
1745 2570 168 53 regni.
1863 2570 101 53 Ut
1897 2570 117 53 patu-

1225 2620 110 49 it
1280 2620 184 49 tertii
1408 2620 165 49 Regum
1519 2620 239 49 vndecimo.
1703 2620 110 49 Et
1758 2620 184 49 quarti
1868 2620 147 49 Regum.

1234 2653 172 51 Quarto
1354 2653 120 51 vbi
1423 2653 206 51 oportet:
1578 2653 138 51 vnde
1664 2653 206 51 peccauit
1819 2653 189 51 populus
1939 2653 69 51 in

1231 2694 135 60 srael
1321 2694 225 60 sacrificans
1501 2694 90 60 in
1546 2694 150 60 Bethel
1652 2694 165 60 relicto
1772 2694 150 60 templo
1862 2694 165 60 similiter

1234 2741 108 75 cum
1295 2741 248 75 sacrificaret
1497 2741 155 75 domino
1605 2741 155 75 quidam
1713 2741 108 75 sed
1775 2741 108 75 non
1837 2741 108 75 vbi
1884 2741 139 75 oporte
