2272 3299
229 235 135 81 ctus
313 235 169 81 noster
431 235 101 81 ad
482 235 169 81 diuina
600 235 101 81 Et
651 235 101 81 ad
701 235 253 81 cognitionem
886 235 169 81 substan-

229 305 179 46 tiarum
355 305 287 46 separatarum:
588 305 126 46 que
659 305 161 46 tamen
767 305 126 46 est
821 305 233 46 nobilissima

234 343 186 53 scientia
374 343 109 53 ex.
436 343 109 53 vi.
498 343 140 53 Meta.
592 343 93 53 et
638 343 109 53 per
700 343 217 53 consequens
871 343 155 53 maxime
964 343 78 53 ne-

247 386 183 52 cessaria
384 386 92 52 ad
430 386 229 52 felicitatem
613 386 107 52 que
674 386 107 52 est
735 386 122 52 quid
811 386 168 52 optimum
933 386 92 52 i.
964 386 92 52 ethi

233 434 157 46 corum.
343 434 110 46 Sed
406 434 157 46 talium
515 434 235 46 cognitionem
703 434 110 46 non
766 434 188 46 possumus
907 434 110 46 nos
954 434 94 46 habe

240 478 93 49 re
286 478 93 49 ex
332 478 139 49 puris
425 478 232 49 naturalibus
611 478 108 49 Tum
672 478 170 49 propter
796 478 247 49 infirmitatem
982 478 77 49 in-

237 519 204 47 tellectus
394 519 172 47 nostri.
519 519 110 47 tum
582 519 172 47 propter
707 519 251 47 iniquitatem.
911 519 125 47 Unde
974 519 78 47 Au-

239 549 143 55 gusti
334 549 95 55 xv
382 549 95 55 de
429 549 206 55 trinitate
588 549 111 55 ca.
652 549 159 55 vltimo
763 549 159 55 dicit.
874 549 111 55 Que
921 549 127 55 causa:

248 602 114 51 cur
313 602 147 51 ipsam
411 602 147 51 lucem
509 602 229 51 (presertim
689 602 245 51 spirituale)
885 602 131 51 acie
950 602 98 51 fixa

258 641 149 46 videre
362 641 104 46 non
422 641 164 46 possis:
541 641 104 46 Non
601 641 104 46 est
660 641 119 46 nisi
735 641 224 46 infirmitas:
914 641 89 46 et
944 641 89 46 quis

255 676 128 56 tibi
335 676 112 56 eam
399 676 144 56 fecit
495 676 112 56 non
559 676 128 56 nisi
639 676 224 56 iniquitas.
815 676 112 56 Hec
879 676 128 56 Aug.
943 676 96 56 Unde

253 726 136 43 dicta
344 726 197 43 conclusio
495 726 167 43 Secundo
616 726 167 43 ratione
737 726 212 43 ostenditur
889 726 151 43 secundum

255 763 180 51 Scotum
381 763 108 51 et
435 763 126 51 eum
507 763 234 51 sequentes
688 763 180 51 Petrum
814 763 108 51 de
868 763 180 51 aquila
976 763 54 51 a

252 814 247 47 Guillerinum
449 814 198 47 aliosque
598 814 214 47 Scotistas
763 814 198 47 precipue
895 814 148 47 taliter

270 851 119 47 Omni
344 851 148 47 agenti
448 851 104 47 per
508 851 223 47 cognitionem
686 851 163 47 propter
805 851 148 47 finem:
894 851 148 47 necessa-

268 891 103 44 ria
327 891 103 44 est
386 891 191 44 distincta
533 891 176 44 cognitio
665 891 132 44 finis
754 891 88 44 et
798 891 176 44 qualiter
915 891 118 44 adqui-

261 932 141 56 ratur
355 932 141 56 talis
449 932 141 56 finis
543 932 94 56 et
590 932 188 56 cognitis
731 932 141 56 eorum
825 932 110 56 que
872 932 172 56 requirum-

264 975 115 51 tur
329 975 98 51 ad
378 975 278 51 consecutionem
607 975 213 51 huiusmodi
771 975 147 51 finis
869 975 98 51 ac
902 975 131 51 dispo-

261 1021 144 44 nunt
351 1021 108 44 ad
405 1021 144 44 eam.
496 1021 126 44 Sed
568 1021 144 44 homo
658 1021 144 44 agit
748 1021 126 44 per
802 1021 235 44 cognitionem

269 1060 119 51 ppter
348 1060 119 51 finem
428 1060 159 51 scilicet
547 1060 106 51 pter
613 1060 186 51 felicitate
759 1060 80 51 ad
799 1060 106 51 quam
865 1060 93 51 est
905 1060 119 51 creatus

266 1100 78 40 et
305 1100 91 40 non
357 1100 117 40 habet
435 1100 195 40 naturaliter
591 1100 195 40 cognitionem
748 1100 169 40 huiusmodi
878 1100 91 40 sed
917 1100 117 40 solummo

273 1141 78 45 do
312 1141 273 45 supernaturaliter.
546 1141 130 45 Ratio:
637 1141 104 45 quia
703 1141 117 45 finis
781 1141 104 45 iste
846 1141 156 45 scilicet
950 1141 78 45 feli

276 1183 135 53 citas
366 1183 180 53 perpetua
502 1183 135 53 datur
592 1183 165 53 tanquam
712 1183 165 53 premium
832 1183 105 53 pro
893 1183 165 53 meritis

270 1227 109 49 que
333 1227 124 49 deus
410 1227 155 49 libere
519 1227 186 49 acceptat
659 1227 171 49 tanquam
783 1227 140 49 digna
876 1227 124 49 vita
938 1227 93 49 cter

261 1276 115 51 na.
326 1276 132 51 ergo
409 1276 99 51 ex
458 1276 148 51 puris
557 1276 247 51 naturalibus
754 1276 115 51 non
820 1276 197 51 possumus
952 1276 82 51 co-

272 1313 153 48 gnoscere
387 1313 89 48 nec
438 1313 153 48 consequi
553 1313 115 48 finem
629 1313 140 48 vltimum
731 1313 102 48 etc.
820 1313 127 48 Tertio
897 1313 127 48 apertius

276 1352 164 53 declaratur
405 1352 141 53 secundum
511 1352 106 53 Rich.
581 1352 82 53 vbi
628 1352 117 53 supra.
710 1352 94 53 sic.
769 1352 129 53 Doctria
863 1352 164 53 theologica
980 1352 59 53 est

280 1392 134 49 nobis
369 1392 208 49 necessaria
532 1392 163 49 propter
651 1392 134 49 tria.
740 1392 134 49 Primo
829 1392 163 49 propter
933 1392 104 49 cogno

280 1433 168 52 scendum
402 1433 122 52 deum
478 1433 92 52 et
524 1433 92 52 ea
570 1433 107 52 que
631 1433 92 52 de
676 1433 107 52 deo
737 1433 122 52 sunt
814 1433 198 52 credenda.
951 1433 76 52 Hec

268 1484 166 46 autem
378 1484 129 46 non
452 1484 222 46 possumus
619 1484 129 46 per
692 1484 203 46 humanam
822 1484 203 46 inuestiga

274 1517 149 47 tionem:
383 1517 95 47 sed
437 1517 135 47 tantum
531 1517 95 47 per
585 1517 216 47 reuelationem
761 1517 95 47 que
815 1517 122 47 facta
896 1517 95 47 est
950 1517 68 47 a
963 1517 68 47 deo

275 1558 96 48 vt
323 1558 175 48 habetur
450 1558 96 48 in
498 1558 223 48 scripturis
673 1558 175 48 sacris.
801 1558 175 48 Secundo
912 1558 112 48 neces

279 1597 139 49 saria
371 1597 108 49 est
433 1597 170 49 propter
557 1597 216 49 excitandum
727 1597 170 49 nostrum
851 1597 186 49 affectum
974 1597 62 49 ad

272 1641 131 56 deum
354 1641 263 56 desiderandum
567 1641 99 56 et
616 1641 197 56 amandum.
764 1641 115 56 Nam
830 1641 99 56 vt
863 1641 164 56 Augusonu

279 1678 108 54 ait
340 1678 92 54 x.
386 1678 92 54 de
433 1678 216 54 trinitate.
602 1678 216 54 Firmissime
771 1678 169 54 nouimus
894 1678 108 54 non
941 1678 92 54 nisi

276 1728 143 47 cognita
380 1728 117 47 amari
458 1728 130 47 posse.
548 1728 78 47 Et
587 1728 194 47 philosophus
743 1728 78 47 de
782 1728 130 47 anima.
872 1728 91 47 Nil
911 1728 117 47 volitum

285 1765 129 53 nisi
365 1765 209 53 cognitum.
526 1765 129 53 Unde
607 1765 97 53 ad
655 1765 177 53 amandum
784 1765 129 53 deum
848 1765 177 53 requiriu-

279 1812 161 58 cognitio
399 1812 121 58 fidei
480 1812 94 58 que
533 1812 94 58 est
587 1812 94 58 per
640 1812 228 58 reuelationem:
828 1812 80 58 et
868 1812 94 58 sic
908 1812 134 58 superna-

278 1854 194 45 turaliter.
431 1854 139 45 Tertio
528 1854 194 45 necessaria
680 1854 97 45 est
736 1854 153 45 propter
847 1854 166 45 vitandum
958 1854 69 45 eri

289 1892 137 46 roris
380 1892 214 46 periculum.
548 1892 214 46 Ignorantia
716 1892 122 46 enim
793 1892 107 46 est
854 1892 137 46 mater
930 1892 107 46 omnis

290 1936 153 47 ertoris
401 1936 83 47 et
443 1936 166 47 periculi
567 1936 83 47 Ut
609 1936 125 47 patet
692 1936 97 47 per
748 1936 166 47 Hierony.
872 1936 97 47 di.
914 1936 111 47 xxxvit

278 1975 101 51 ca.
335 1975 86 51 Si
378 1975 144 51 iuxta.
479 1975 86 51 et
522 1975 101 51 ca.
579 1975 201 51 Ignorantia
737 1975 115 51 etc.
809 1975 101 51 Qui
867 1975 144 51 inquit
953 1975 86 51 scri

280 2020 143 47 pturas
380 2020 172 47 ignorat:
509 2020 172 47 christum
638 2020 158 47 ignorat
753 2020 86 47 et
796 2020 72 47 a
825 2020 158 47 christo
925 2020 115 47 ignora

277 2062 154 48 bitur.
384 2062 108 48 Hec
446 2062 139 48 ille.
538 2062 123 48 Unde
615 2062 185 48 cognitio
754 2062 200 48 naturalis
908 2062 108 48 non
954 2062 77 48 est

294 2100 103 62 sine
359 2100 129 62 errore
449 2100 116 62 circa
527 2100 116 62 finem
604 2100 194 62 Philosophus
760 2100 103 62 enim
824 2100 142 62 sequens
915 2100 116 62 ratione

288 2142 209 48 naturalem
449 2142 113 48 aut
513 2142 145 48 circa
610 2142 145 48 finem
706 2142 145 48 errat
803 2142 113 48 aut
867 2142 161 48 dubius
964 2142 64 48 re

296 2186 140 63 manet.
394 2186 84 63 Et
436 2186 126 63 patet
520 2186 84 63 i.
562 2186 182 63 ethicorum
701 2186 98 63 vbi
757 2186 182 63 dubitando
897 2186 140 63 dicit.
981 2186 56 63 Si

297 2226 139 46 aliquod
399 2226 89 46 est
449 2226 114 46 donum
525 2226 126 46 deorum
614 2226 190 46 rationabile
765 2226 89 46 est
816 2226 190 46 felicitatem
955 2226 76 46 esse

280 2263 176 68 Sequitur
412 2263 117 68 ergo
486 2263 117 68 quod
559 2263 205 68 theologica
720 2263 176 68 doctrina
852 2263 103 68 sit
896 2263 147 68 necessa-

288 2311 91 62 ria
340 2311 143 62 propter
444 2311 91 62 dei
496 2311 195 62 cognitionem
651 2311 234 62 supernaturalem
833 2311 78 62 etc.

338 2353 183 94 Sed
442 2353 287 94 diceres
651 2353 287 94 quomodo
833 2353 209 94 accipi

289 2436 102 50 tur
348 2436 102 50 vel
406 2436 218 50 discernitur
580 2436 116 50 ista
652 2436 290 50 supernaturalitas
885 2436 145 50 cognitio

280 2481 118 43 nis
347 2481 118 43 cum
415 2481 202 43 videamus
566 2481 134 43 quod
650 2481 168 43 eundem
767 2481 218 43 conceptum
918 2481 118 43 quide

279 2524 171 56 tatiuum
404 2524 93 56 de
451 2524 109 56 deo
513 2524 125 56 quem
591 2524 187 56 affirmat
731 2524 233 56 christianus
902 2524 140 56 dicendo

272 2563 135 49 deum
357 2563 135 49 esse
441 2563 135 49 vnum
526 2563 101 49 et
576 2563 169 49 summum
695 2563 152 49 bonum
796 2563 101 49 et
847 2563 169 49 iustum
948 2563 85 49 etc

280 2605 177 46 affirmat
413 2605 133 46 etiam
502 2605 177 46 paganus:
634 2605 221 46 Respondetur
812 2605 177 46 secundum
930 2605 103 46 Scoto

273 2653 106 63 rel.
339 2653 132 63 scicet
432 2653 132 63 Petrum
524 2653 79 63 de
564 2653 146 63 Aquila.
670 2653 79 63 q.
710 2653 79 63 i.
750 2653 146 63 prologi
842 2653 199 63 sententiarum.

1112 260 161 61 Notan.
1224 260 129 61 quod
1305 260 193 61 potentia
1450 260 257 61 intellectiua
1659 260 161 61 potest
1755 260 145 61 compara

1101 311 98 52 ri
1150 311 115 52 vno
1215 311 131 52 modo
1297 311 98 52 ad
1346 311 147 52 actum
1444 311 131 52 quem
1526 311 196 52 recipit.
1673 311 98 52 Et
1722 311 115 52 sic
1771 311 115 52 nulla

1098 352 210 45 accipitur
1260 352 340 45 supernaturalitas.
1551 352 130 45 Quia
1632 352 97 45 ad
1681 352 210 45 quamlibet
1826 352 65 45 in

1092 394 186 55 tellectionem
1244 394 174 55 naturaliter
1383 394 151 55 incliatur
1499 394 174 55 intellectus
1639 394 70 55 et
1674 394 105 55 quasi
1732 394 151 55 naturaliter

1102 439 179 46 perficitur.
1245 439 119 46 Alious
1329 439 107 46 ptest
1400 439 155 46 comparari
1519 439 72 46 ad
1555 439 107 46 agens
1627 439 60 46 a
1651 439 83 46 quo
1698 439 131 46 recipit
1794 439 72 46 et
1817 439 72 46 tuno

1099 474 123 51 omnis
1182 474 164 51 cognitio
1305 474 96 51 que
1360 474 96 51 non
1414 474 137 51 potest
1510 474 151 51 causari
1620 474 82 51 ab
1661 474 206 51 intellectum
1812 474 82 51 agem

1098 522 97 52 te
1146 522 97 52 et
1194 522 241 52 phantasmate
1387 522 113 52 est
1452 522 129 52 sibi
1532 522 306 52 supernaturalis.
1773 522 113 52 Tales

1099 562 155 52 autem
1202 562 155 52 multe
1306 562 224 52 veritates
1478 562 138 52 sunt
1564 562 207 52 complexe
1720 562 103 52 de
1771 562 121 52 deo
1823 562 69 52 vt

1097 600 115 50 quod
1168 600 115 50 deus
1240 600 100 50 est
1297 600 143 50 trinus
1398 600 86 50 et
1441 600 129 50 vnus.
1527 600 115 50 Deus
1598 600 158 50 generat
1713 600 115 50 etc.
1770 600 115 50 Omnens

1092 647 131 40 enim
1173 647 213 40 huiusmodi
1337 647 213 40 veritates
1501 647 196 40 habentur
1632 647 245 40 supernaturali

1102 689 105 45 ter
1162 689 105 45 per
1222 689 254 45 inspirationem
1431 689 105 45 vel
1491 689 239 45 reuelationem
1685 689 75 45 a
1715 689 105 45 deo
1774 689 90 45 in
1804 689 75 45 sa-

1093 725 110 55 cris
1162 725 193 55 scripturis
1313 725 110 55 etc.
1382 725 110 55 Item
1451 725 96 55 ex.
1506 725 110 55 iii.
1575 725 83 55 de
1616 725 138 55 Anima.
1712 725 206 55 Intellectus

1106 771 187 45 phantasia
1249 771 86 45 et
1293 771 144 45 sensus
1393 771 101 45 sic
1451 771 86 45 se
1494 771 158 45 habent.
1609 771 115 45 quod
1681 771 187 45 phantasia
1810 771 72 45 non

1102 818 169 45 mouetur
1225 818 123 45 nisi
1302 818 92 45 ab
1348 818 108 45 his
1410 818 108 45 que
1471 818 123 45 sunt
1548 818 154 45 motiua
1656 818 169 45 sensus.
1779 818 92 45 et
1810 818 77 45 in-

1100 855 210 47 tellectus
1261 855 113 47 non
1326 855 178 47 mouetur
1455 855 129 47 nisi
1536 855 97 47 ab
1584 855 113 47 his
1649 855 113 47 que
1713 855 129 47 sunt
1778 855 113 47 motim

1099 896 101 48 ua
1150 896 235 48 phantasie.
1334 896 185 48 Oportet
1468 896 134 48 enim
1552 896 285 48 intelligentem
1771 896 117 48 phan-

1097 938 173 42 tasmata
1223 938 221 42 speculari.
1397 938 126 42 Unde
1475 938 142 42 Uarro
1570 938 126 42 lib.
1649 938 95 42 i.
1696 938 95 42 q.
1743 938 95 42 ii
1775 938 110 42 ponit

1093 978 263 50 similitudinem
1309 978 124 50 quod
1387 978 139 50 sicut
1480 978 139 50 agens
1572 978 124 50 homo
1650 978 155 50 vtendo
1743 978 139 50 instru-

1088 1026 140 45 mento
1182 1026 109 45 non
1244 1026 156 45 potest
1353 1026 109 45 per
1416 1026 125 45 tale
1494 1026 249 45 instrumentum
1696 1026 93 45 in
1727 1026 156 45 actionem

1099 1062 164 48 aliquam
1218 1062 104 48 que
1278 1062 164 48 excedit
1397 1062 164 48 naturam
1516 1062 134 48 talis
1606 1062 238 48 instrumenti.
1785 1062 104 48 Exen-

1088 1106 112 46 pli
1152 1106 176 46 gratia.
1280 1106 160 46 Malleo
1391 1106 112 46 non
1455 1106 160 46 potest
1567 1106 176 46 dolare:
1694 1106 112 46 nec
1742 1106 144 46 dolabro

1095 1145 210 52 malleare.
1256 1145 97 52 Et
1305 1145 210 52 perforare
1466 1145 145 52 habet
1563 1145 178 52 terebro
1692 1145 113 52 non
1741 1145 145 52 securi.

1096 1186 120 54 Iem
1164 1186 154 54 anima
1267 1186 172 54 videre
1387 1186 154 54 habet
1490 1186 189 54 colores
1628 1186 172 54 oculis
1731 1186 154 54 corpora

1095 1234 148 47 libus:
1199 1234 103 47 non
1258 1234 133 47 autem
1346 1234 133 47 sonos
1435 1234 103 47 qui
1494 1234 192 47 audiuntur
1641 1234 162 47 auribus
1759 1234 89 47 et
1789 1234 103 47 econ-

1090 1277 168 46 uerso.
1208 1277 118 46 Nec
1275 1277 168 46 potest
1393 1277 168 46 videre
1510 1277 118 46 que
1578 1277 118 46 non
1645 1277 134 46 sunt
1712 1277 168 46 colorata

1095 1315 78 47 vt
1134 1315 156 47 spiritus
1251 1315 91 47 vel
1304 1315 130 47 angeli
1395 1315 91 47 Ita
1447 1315 78 47 ad
1486 1315 196 47 propositum.
1642 1315 78 47 Ex
1681 1315 91 47 quo
1734 1315 117 47 anima
1799 1315 78 47 vtil

1089 1352 169 51 lumine
1207 1352 253 51 intellectus
1410 1352 186 51 agentis
1545 1352 186 51 tanquam
1663 1352 219 51 instrumento

1097 1395 95 57 ad
1145 1395 268 57 intelligendum
1365 1395 95 57 in
1412 1395 173 57 corpore
1538 1395 110 57 per
1601 1395 236 57 phantasmata
1775 1395 110 57 sensi

1093 1436 168 51 bilium
1211 1436 135 51 ideo
1295 1436 253 51 naturaliter
1498 1436 152 51 habet
1599 1436 236 51 cognoscere
1767 1436 118 51 talia

1089 1475 231 59 sensibilia.
1274 1475 93 59 Si
1320 1475 123 59 vero
1397 1475 139 59 habet
1490 1475 231 59 cognitionem
1675 1475 139 59 talem
1768 1475 108 59 que
1814 1475 77 59 non

1095 1520 153 54 potest
1202 1520 168 54 causari
1324 1520 92 54 ab
1370 1520 229 54 intellectum
1553 1520 153 54 agente
1660 1520 92 54 et
1691 1520 183 54 phantasma-

1094 1567 100 50 te:
1151 1567 128 50 talis
1236 1567 171 50 cogniton
1364 1567 100 50 est
1421 1567 114 50 sibi
1492 1567 270 50 supernaturalis.
1720 1567 128 50 sicut
1791 1567 85 50 quis

1087 1600 184 54 videret
1221 1600 184 54 angelum
1338 1600 100 54 etc.

1228 1651 254 107 Eda
1373 1651 436 107 questito
1663 1651 218 107 prin

1147 1724 217 68 cipalis
1305 1724 118 68 de
1364 1724 217 68 sublimi
1522 1724 296 68 nobilitate.
1739 1724 138 68 Utrum

1095 1767 171 65 Theologia
1226 1767 92 65 sic
1279 1767 144 65 sacetia
1383 1767 131 65 omnium
1475 1767 197 65 scientiarum
1633 1767 144 65 aliarum
1725 1767 157 65 nobilissi-

1087 1816 109 58 ma.
1149 1816 140 58 Ratio
1242 1816 248 58 quaestionis.
1443 1816 124 58 Quia
1521 1816 109 58 cum
1583 1816 171 58 veritas
1707 1816 93 58 in
1738 1816 140 58 doctri-

1084 1860 89 53 nis
1135 1860 190 53 cognoscatur
1287 1860 190 53 tripliciter
1439 1860 152 53 scilicet
1553 1860 152 53 opinione
1667 1860 89 53 qua
1718 1860 152 53 assentit
1820 1860 63 53 cum

1097 1897 186 60 formidine
1240 1897 86 60 de
1283 1897 186 60 opposito.
1426 1897 100 60 Uel
1483 1897 158 60 noticia
1598 1897 129 60 sctie
1684 1897 115 60 quae
1755 1897 100 60 est
1798 1897 72 60 ve-

1091 1947 116 51 rorum
1168 1947 219 51 necessariorum
1349 1947 167 51 eternorum
1478 1947 193 51 vnuersalium
1632 1947 77 51 et
1671 1947 90 51 qui
1722 1947 90 51 non
1761 1947 116 51 possunt

1093 1983 138 55 aliter
1190 1983 83 55 se
1232 1983 138 55 habere
1328 1983 69 55 .
1356 1983 180 55 posterio.
1494 1983 97 55 Vel
1550 1983 125 55 fide.
1633 1983 97 55 Sed
1688 1983 111 55 quia
1743 1983 125 55 theolo-

1097 2021 100 64 gia
1154 2021 100 64 est
1211 2021 86 64 de
1254 2021 229 64 credibilibus
1441 2021 115 64 sola
1513 2021 115 64 fide
1584 2021 129 64 Ioam.
1670 2021 100 64 xx.
1728 2021 100 64 Hec
1771 2021 100 64 autem

1091 2069 152 59 scripta
1202 2069 111 59 sunt
1271 2069 83 59 vt
1313 2069 166 59 credatis
1437 2069 111 59 quia
1506 2069 125 59 iesus
1589 2069 97 59 est
1645 2069 138 59 filius
1742 2069 111 59 dei.
1797 2069 83 59 ergo

1091 2113 144 57 videtur
1196 2113 105 57 quod
1262 2113 92 57 non
1314 2113 92 57 sit
1367 2113 144 57 scaita.
1472 2113 144 57 Quoniam
1577 2113 79 57 vt
1616 2113 105 57 Hugo
1682 2113 79 57 de
1708 2113 171 57 sacramentis

1097 2147 75 66 li
1135 2147 75 66 i.
1173 2147 126 66 parte.
1261 2147 75 66 x.
1298 2147 75 66 c.
1336 2147 75 66 v.
1374 2147 100 66 ait.
1436 2147 113 66 Fides
1512 2147 88 66 est
1562 2147 113 66 supra
1637 2147 163 66 opinionem
1763 2147 75 66 et
1788 2147 88 66 infra

1093 2191 150 62 sanctiam
1205 2191 187 62 constituta.
1354 2191 100 62 plus
1416 2191 87 62 eim
1466 2191 137 62 firmius
1566 2191 87 62 est
1616 2191 137 62 credere
1715 2191 100 62 quam
1765 2191 100 62 opinic

1099 2237 85 49 ne
1141 2237 114 49 sola
1212 2237 185 49 extimare.
1354 2237 128 49 Scita
1440 2237 128 49 autem
1525 2237 85 49 de
1568 2237 170 49 euidenti
1695 2237 99 49 est
1752 2237 85 49 et
1781 2237 99 49 certo

1090 2270 122 62 Fides
1172 2270 108 62 vero
1239 2270 95 62 est
1293 2270 81 62 de
1334 2270 122 62 certo
1415 2270 95 62 sed
1469 2270 95 62 non
1523 2270 81 62 de
1563 2270 176 62 euidenti:
1698 2270 108 62 quia
1752 2270 122 62 dicente

1100 2321 90 51 Aug.
1156 2321 135 51 Fidesemt
1257 2321 124 51 credere
1347 2321 90 51 quod
1404 2321 79 51 non
1449 2321 113 51 vides.
1527 2321 79 51 Sed
1572 2321 68 51 ad
1606 2321 79 51 hoc
1651 2321 158 51 recondetur
1764 2321 113 51 secundum

1100 2358 112 64 Alex.
1174 2358 74 64 de
1211 2358 99 64 ales
1273 2358 74 64 in
1310 2358 124 64 prolo.
1397 2358 74 64 q.
1434 2358 74 64 i.
1471 2358 99 64 ari.
1533 2358 74 64 i.
1571 2358 99 64 quod
1633 2358 112 64 fides
1694 2358 174 64 distinguitur

1099 2402 90 62 Nam
1151 2402 128 62 quidam
1240 2402 90 62 est
1292 2402 116 62 fides
1369 2402 116 62 suasa
1446 2402 77 62 ex
1485 2402 180 62 rationibus
1626 2402 206 62 probabilibus
1793 2402 77 62 et
1819 2402 51 62 de

1089 2448 99 59 ista
1150 2448 210 59 intelligendum
1323 2448 86 59 est
1373 2448 111 59 illud
1447 2448 136 59 Hugonis
1546 2448 123 59 dictum
1632 2448 148 59 scilicet
1743 2448 99 59 quod
1793 2448 86 59 fides

1090 2488 99 51 est
1146 2488 127 51 infra
1231 2488 169 51 scatiam.
1358 2488 113 51 Alia
1428 2488 99 51 est
1484 2488 113 51 aute
1555 2488 127 51 fides
1639 2488 183 51 inspirata
1780 2488 85 51 ad
1809 2488 70 51 as-

1090 2525 192 55 sentiendum
1241 2525 123 55 prime
1323 2525 164 55 veritati
1446 2525 150 55 propter
1555 2525 150 55 seipam.
1665 2525 82 55 Et
1706 2525 96 55 hec
1761 2525 96 55 non
1802 2525 68 55 est

1085 2569 118 56 infra
1164 2569 145 56 scetiam
1269 2569 92 56 imo
1322 2569 92 56 est
1374 2569 118 56 supra
1453 2569 118 56 omnem
1532 2569 158 56 sctitam.
1650 2569 105 56 Quia
1716 2569 105 56 alie
1769 2569 105 56 sceite

1091 2611 173 63 procedunt
1224 2611 80 63 ex
1264 2611 187 63 principiis
1411 2611 120 63 notis
1491 2611 133 63 lumine
1584 2611 160 63 naturali
1705 2611 133 63 intell
1785 2611 93 63 ctus.

1082 2661 94 63 Sed
1135 2661 187 63 theologica
1282 2661 134 63 scicia
1376 2661 160 63 procedit
1496 2661 80 63 ex
1536 2661 174 63 articulis
1670 2661 120 63 fidei
1750 2661 107 63 quae
1803 2661 67 63 ha
