2207 3297
155 327 220 66 voluntatis
328 327 126 66 quia
406 327 126 66 vult
485 327 94 66 se
532 327 94 66 et
579 327 126 66 amat
642 327 94 66 etc.

209 374 68 54 ¶
237 374 137 54 Tertia
333 374 151 54 veritas
442 374 123 54 Euxod
524 374 205 54 simpliciter
689 374 110 54 vera
757 374 96 54 est
812 374 110 54 ista
867 374 82 54 Deus

177 391 145 75 fuit
268 391 109 75 et
322 391 145 75 amat
413 391 109 75 se
468 391 182 75 summe.
595 391 145 75 ideo
686 391 145 75 quia
776 391 164 75 summe
867 391 91 75 bo-

192 462 104 54 nus
252 462 119 54 est.
326 462 223 54 Declaratur.
504 462 134 54 Exquo
593 462 119 54 enim
668 462 89 54 in
712 462 104 54 deo
772 462 163 54 vtraque
876 462 74 54 bo-

179 501 126 52 nitas
263 501 98 52 est
319 501 112 52 idem
388 501 168 52 secundum
514 501 98 52 rem
570 501 126 52 licet
654 501 182 52 differant
779 501 168 52 formaliter

195 548 83 47 vel
243 548 167 47 modaliter.
374 548 72 47 Et
410 548 131 47 quoniam
505 548 143 47 secundum
612 548 143 47 rationem
720 548 191 47 intelligendi
863 548 83 47 prius

193 589 71 51 us
229 589 83 51 est
276 589 94 51 esse
335 589 94 51 quam
394 589 118 51 velle.
477 589 94 51 ergo
536 589 142 51 secundum
642 589 142 51 rationem
748 589 189 51 intelligendi
890 589 59 51 pi-

179 632 95 53 us
227 632 111 53 est
290 632 127 53 deum
369 632 127 53 esse
449 632 143 53 summe
544 632 143 53 bonum
639 632 190 53 bonitate
782 632 143 53 entis
861 632 95 53 quam

182 675 125 59 velle
265 675 83 59 et
307 675 125 59 amare
390 675 83 59 se
432 675 139 59 summe.
529 675 83 59 et
571 675 97 59 sic
627 675 125 59 patet
710 675 111 59 quod
765 675 181 59 simpliciter

188 714 114 60 vera
259 714 100 60 est
316 714 200 60 propositio
473 714 143 60 dicta.
573 714 100 60 hec
630 714 86 60 ex
658 714 100 60 Rich.

190 767 131 91 ¶
242 767 236 91 Utrum
400 767 236 91 solus
557 767 210 91 deus
688 767 184 91 sit
767 767 184 91 bonus

189 841 106 54 per
249 841 196 54 essentiam
400 841 90 54 Ad
445 841 106 54 hoc
506 841 226 54 respondetur
687 841 136 54 Primo
762 841 181 54 argumentoe

182 887 110 51 rum
245 887 267 51 difficultatem
465 887 204 51 soluendo.
622 887 173 51 Secundo
732 887 220 51 conclusionem

185 927 241 44 responsalem
378 927 177 44 ponendo
506 927 161 44 Tertio
619 927 145 44 ipsam
715 927 225 44 rationibus
876 927 64 44 de

180 970 186 52 clarando
319 970 93 52 et
365 970 186 52 probando
504 970 247 52 pariformitur
705 970 93 52 vt
752 970 216 52 consueuim.

172 1015 85 57 et
214 1015 199 57 decreuimus
371 1015 142 57 facere
470 1015 85 57 in
513 1015 142 57 multis
612 1015 128 57 aliis
697 1015 241 57 quaestionibus
882 1015 71 57 vbi

180 1052 167 56 materia
301 1052 106 56 sic
362 1052 152 56 dictat
469 1052 243 56 procedendum.
666 1052 76 56 ¶
697 1052 137 56 Primo
788 1052 152 56 itaque
879 1052 61 56 an

169 1087 169 61 guitur.
291 1087 123 61 Quod
368 1087 107 61 non
429 1087 123 61 solu
506 1087 123 61 deus
582 1087 107 61 est
644 1087 138 61 bonus
736 1087 107 61 per
781 1087 169 61 essentiam

175 1141 101 48 sed
232 1141 130 48 etiam
319 1141 130 48 alia.
406 1141 116 48 quia
478 1141 116 48 esse
550 1141 202 48 cuiuslibet
709 1141 101 48 rei
767 1141 101 48 est
824 1141 116 48 eius
882 1141 58 48 be

178 1185 95 48 num
233 1185 204 48 essentiale:
396 1185 163 48 quelibet
518 1185 122 48 autem
599 1185 95 48 res
653 1185 122 48 habet
735 1185 109 48 esse
803 1185 81 48 et
843 1185 95 48 est
884 1185 68 48 ens

177 1221 104 60 per
237 1221 119 60 suam
311 1221 208 60 essentiam.
474 1221 119 60 ergo
548 1221 104 60 est
608 1221 119 60 bona
682 1221 104 60 per
741 1221 193 60 essentiam
875 1221 74 60 Con

176 1268 160 45 firmatur
295 1268 106 45 quia
362 1268 106 45 omne
428 1268 93 45 ens
482 1268 93 45 est
535 1268 106 45 vnum
601 1268 93 45 per
654 1268 106 45 suam
721 1268 186 45 essentiam.
854 1268 93 45 iiii.

173 1309 172 51 metaph.
298 1309 125 51 ergo
376 1309 78 51 a
407 1309 156 51 simili
516 1309 125 51 omne
594 1309 109 51 ens
657 1309 109 51 est
719 1309 140 51 bonum
813 1309 109 51 per
859 1309 94 51 suam

184 1355 187 49 essentiam
327 1355 115 49 quia
399 1355 100 49 ens
456 1355 115 49 vnum
528 1355 86 49 et
571 1355 129 49 bonum
657 1355 230 49 conuertuntur
844 1355 86 49 Et
872 1355 72 49 per

181 1392 233 56 consequens
364 1392 116 56 non
431 1392 150 56 solum
530 1392 133 56 deus
614 1392 116 56 est
680 1392 150 56 bonus
780 1392 116 56 per
830 1392 116 56 essen

177 1434 111 57 tiam.
251 1434 74 57 Ad
288 1434 86 57 hec
337 1434 148 57 secundum
448 1434 86 57 Tho
498 1434 74 57 id
535 1434 86 57 is.
584 1434 99 57 par.
646 1434 74 57 q.
683 1434 86 57 vi.
732 1434 111 57 arti.
806 1434 99 57 iii.
856 1434 86 57 Dicen

177 1480 102 57 dum
236 1480 117 57 quod
309 1480 131 57 licet
396 1480 219 57 vnumquodque
571 1480 102 57 sit
629 1480 131 57 bonum
717 1480 190 57 inquantum
848 1480 102 57 habet

167 1518 112 42 esse
237 1518 84 42 et
279 1518 98 42 est
335 1518 98 42 ens
391 1518 98 42 per
447 1518 112 42 suam
517 1518 126 42 essen
600 1518 112 42 iam.
670 1518 126 42 Tamen
754 1518 168 42 essentia
866 1518 84 42 rei-

169 1565 138 48 create
266 1565 97 48 non
321 1565 97 48 est
376 1565 110 48 esse
445 1565 124 48 suum.
528 1565 110 48 quia
597 1565 166 48 essentia
721 1565 83 48 et
763 1565 110 48 esse
832 1565 83 48 in
859 1565 83 48 omni

175 1604 108 49 bus
236 1604 169 49 creatis
359 1604 215 49 differunt.
529 1604 92 49 vt
575 1604 169 49 patebit
698 1604 108 49 vbi
759 1604 92 49 de
806 1604 138 49 Esse.
882 1604 62 49 Et

179 1644 79 51 go
218 1644 92 51 non
271 1644 158 51 sequitur
390 1644 105 51 quod
456 1644 92 51 res
508 1644 132 51 aliqua
600 1644 132 51 creata
693 1644 92 51 sit
745 1644 105 51 bomo
811 1644 92 51 per
851 1644 92 51 essen

163 1692 124 41 tiam.
246 1692 96 41 Sed
301 1692 96 41 hoc
356 1692 96 41 est
411 1692 138 41 solius
507 1692 96 41 dei
562 1692 165 41 scilicet
686 1692 110 41 quod
755 1692 96 41 est
810 1692 124 41 bonus
879 1692 55 41 pe

164 1729 180 46 essentiam
303 1729 111 46 quia
372 1729 83 46 in
414 1729 83 46 ea
455 1729 166 46 essentia
580 1729 83 46 et
622 1729 125 46 ipsum
705 1729 111 46 esse
775 1729 111 46 suum
844 1729 83 46 et
872 1729 69 46 bo-

176 1770 125 48 nitas
260 1770 111 48 idem
329 1770 111 48 sunt
399 1770 83 48 Ad
440 1770 250 48 confirmationem
649 1770 167 48 Dicendum
774 1770 167 48 secundum
885 1770 56 48 et

173 1815 100 50 quod
236 1815 100 50 vnum
299 1815 75 50 et
336 1815 113 50 bonum
411 1815 113 50 licet
487 1815 200 50 conuertantur
649 1815 113 50 tamen
725 1815 88 50 non
775 1815 88 50 est
825 1815 125 50 simile
900 1815 50 50 de

178 1855 97 52 eis
234 1855 83 52 in
275 1855 194 52 proposito.
427 1855 111 52 quia
497 1855 111 52 vnum
566 1855 97 52 non
621 1855 166 52 importat
746 1855 166 52 rationem
857 1855 83 52 per-

170 1900 206 50 fectionis
329 1900 111 50 sed
392 1900 254 50 indiuisionis
598 1900 174 50 tantum.
725 1900 111 50 que
773 1900 174 50 indiuisio

183 1941 90 47 vni
235 1941 129 47 cuique
325 1941 90 47 rei
377 1941 155 47 competit
493 1941 155 47 secundum
609 1941 103 47 suam
673 1941 181 47 essentiam.
815 1941 103 47 ergo
867 1941 77 47 vna-

178 1988 150 45 queque
283 1988 105 45 res
343 1988 105 45 est
403 1988 105 45 vna
463 1988 105 45 per
523 1988 120 45 suam
599 1988 195 45 essentiam
749 1988 150 45 vnicam
839 1988 105 45 nume-

179 2023 100 59 ro.
236 2023 129 59 Secus
322 2023 129 59 autem
408 2023 100 59 est
465 2023 86 59 de
508 2023 172 59 bonitate
638 2023 115 59 quia
709 2023 100 59 hec
767 2023 129 59 dicit
838 2023 115 59 perfe-

168 2064 191 54 ctionem.
311 2064 127 54 ergo
391 2064 111 54 non
454 2064 111 54 est
518 2064 79 54 a
550 2064 159 54 simili
661 2064 238 54 argumentum.
852 2064 79 54 ¶
868 2064 79 54 Se-

176 2116 143 42 cundo
271 2116 175 42 ponitur
399 2116 207 42 conclusio
558 2116 95 42 ad
605 2116 223 42 questionem
780 2116 127 42 Quod
844 2116 111 42 solus

172 2151 128 45 ipse
252 2151 128 45 deus
332 2151 112 45 est
396 2151 144 45 bonus
492 2151 112 45 per
556 2151 224 45 essentiam.
732 2151 112 45 vnd
796 2151 128 45 Mat.
860 2151 80 45 xix

177 2198 142 44 Nemo
266 2198 160 44 bonus
373 2198 142 44 nisi
462 2198 160 44 solus
569 2198 142 44 deus
658 2198 178 44 Glosa.
783 2198 142 44 Nemo
854 2198 89 44 bo-

173 2239 111 48 nus
237 2239 191 48 scilicet
380 2239 111 48 per
444 2239 207 48 essentiam
603 2239 127 48 nisi
682 2239 143 48 solus
778 2239 143 48 deus.
858 2239 96 48 Alia

170 2283 146 48 autem
267 2283 146 48 omnia
364 2283 130 48 sunt
445 2283 130 48 bona
526 2283 81 48 a
558 2283 113 48 deo
623 2283 113 48 per
672 2283 275 48 participationem

174 2324 106 45 vt
227 2324 160 45 dicit
334 2324 195 45 Boetius
476 2324 160 45 libro
582 2324 106 45 de
618 2324 248 45 ebdomadibus.

171 2359 92 57 ¶
207 2359 222 57 Exemplum
374 2359 166 57 sicut
484 2359 166 57 omnes
595 2359 185 57 numeri
706 2359 240 57 participant

186 2403 183 53 vnitatem
323 2403 107 53 que
384 2403 107 53 est
446 2403 138 53 prima
537 2403 168 53 omnium:
660 2403 92 53 et
705 2403 122 53 ipsa
782 2403 107 53 est
843 2403 107 53 per
889 2403 61 53 se

181 2449 117 46 non
248 2449 251 46 participans
449 2449 184 46 numerum
582 2449 201 46 aliquem.
733 2449 117 46 Ita
800 2449 134 46 deus
866 2449 84 46 est

175 2487 117 52 per
242 2487 100 52 se
292 2487 150 52 bonus
392 2487 284 52 essentialiter
626 2487 117 52 non
693 2487 167 52 habens
793 2487 150 52 bonita-

180 2534 112 44 tem
244 2534 96 44 ab
292 2534 144 44 alio:
388 2534 144 44 sicut
484 2534 112 44 nec
548 2534 192 44 deitatem
693 2534 160 44 habens
805 2534 96 44 ab
837 2534 112 44 alio.

172 2572 161 52 Omnis
279 2572 161 52 autem
387 2572 197 52 bonitas
530 2572 215 52 creature
673 2572 268 52 participatiue

180 2615 105 59 est
240 2615 120 59 ipsa
315 2615 166 59 bonitas
436 2615 150 59 diuina
541 2615 181 59 secundum
661 2615 181 59 Dionysium.

181 2647 88 57 ¶
217 2647 194 57 Tertio:
358 2647 124 57 Hec
429 2647 230 57 conclusio
606 2647 212 57 probatur
747 2647 212 57 declarando

185 2696 146 55 secundum
294 2696 121 55 eundem
379 2696 97 55 Tho.
440 2696 97 55 vbi.
501 2696 121 55 supra.
586 2696 97 55 tali
646 2696 134 55 ratione
744 2696 97 55 quia
792 2696 158 55 vnumquodque

181 2741 129 60 dicitur
275 2741 105 60 bonum
345 2741 140 60 secundum
450 2741 94 60 quod
509 2741 82 60 est
555 2741 152 60 perfectum
672 2741 94 60 quia
731 2741 140 60 secundum
836 2741 82 60 hoc
871 2741 82 60 habet

991 318 207 66 rationem
1146 318 259 66 appetibilis
1354 318 121 66 vel
1423 318 207 66 amabilis
1579 318 121 66 Sed
1648 318 121 66 cum
1700 318 86 66 per

1003 382 140 45 fectio
1101 382 168 45 alicuius
1227 382 98 45 rei
1283 382 98 45 sit
1339 382 168 45 triplex.
1465 382 98 45 Una
1521 382 182 45 perfectio
1661 382 98 45 sui
1703 382 84 45 esse

1002 424 102 43 vel
1061 424 102 43 qua
1119 424 234 43 constituitur
1309 424 88 43 in
1353 424 132 43 esse.
1441 424 161 43 Secunda
1558 424 132 43 prout
1646 424 88 43 ei
1675 424 117 43 aliqua

1011 465 216 46 accidentia
1180 465 262 46 superadduntur
1396 465 92 46 ad
1442 465 123 46 suam
1519 465 231 46 operationem
1688 465 108 46 perfe

1018 512 127 47 ctam
1097 512 237 47 necessaria.
1287 512 158 47 Tertia
1398 512 111 47 est
1461 512 206 47 perfectio
1619 512 111 47 qua
1667 512 127 47 attin-

1014 552 112 50 git
1078 552 128 50 suum
1158 552 160 50 finem.
1270 552 176 50 Exempli
1398 552 128 50 gra.
1479 552 128 50 homo
1559 552 176 50 dicitur
1671 552 128 50 perfe-

1008 595 125 49 ctus
1086 595 109 49 per
1149 595 125 49 suam
1227 595 156 49 formam
1336 595 265 49 substantialem
1554 595 94 49 Et
1601 595 172 49 secundo
1710 595 78 49 di-

1005 636 145 43 citur
1101 636 209 43 perfectus
1262 636 209 43 inquantum
1423 636 145 43 habet
1520 636 209 43 perfectam
1664 636 129 43 opera-

1009 675 148 46 tionem
1113 675 133 46 anime
1202 675 89 46 in
1246 675 163 46 corpore
1365 675 178 46 scilicet
1498 675 133 46 loqui
1587 675 178 46 ambulare
1706 675 89 46 etc.

1019 714 168 45 Tertio
1137 714 185 45 dicitur
1272 714 135 45 homo
1356 714 303 45 perfectissimus
1608 714 168 45 quando
1709 714 84 45 at-

1001 759 155 52 tingit
1110 759 124 52 suum
1188 759 140 52 finem
1281 759 171 52 vltimum
1405 759 186 52 scilicet
1545 759 248 52 beatitudinem
1731 759 62 52 ad

1023 799 106 49 qua
1083 799 136 49 facta
1174 799 106 49 est
1234 799 91 49 et
1280 799 91 49 c.
1325 799 106 49 Sed
1385 799 166 49 quoniam
1506 799 106 49 hec
1567 799 166 49 triplex
1672 799 121 49 perfe-

1011 840 117 50 ctio
1085 840 132 50 nulli
1172 840 146 50 creato
1275 840 176 50 competit
1407 840 176 50 secundum
1538 840 117 50 suam
1612 840 190 50 essentiam
1743 840 59 50 ni

1014 879 97 55 si
1062 879 227 55 tantummodo
1241 879 130 55 soli
1322 879 130 55 deo.
1403 879 113 55 Nam
1468 879 162 55 solius
1581 879 113 55 dei
1630 879 162 55 essentia

1018 924 107 46 est
1079 924 123 46 suum
1156 924 123 46 esse
1232 924 92 46 et
1278 924 107 46 cui
1339 924 107 46 non
1401 924 199 46 adueniunt
1554 924 153 46 aliqua
1646 924 153 46 acciden-

1016 962 127 48 tia.
1095 962 174 48 Denique
1222 962 127 48 ipse
1301 962 127 48 deus
1380 962 95 48 ad
1428 962 111 48 nil
1491 962 143 48 aliud
1586 962 206 48 ordinatur
1729 962 79 48 si-

1016 1004 114 49 cut
1081 1004 98 49 ad
1130 1004 163 49 finem:
1244 1004 114 49 sed
1309 1004 130 49 ipse
1391 1004 114 49 est
1456 1004 179 49 vltimus
1586 1004 147 49 finis
1668 1004 130 49 omnium

1022 1046 128 50 Unde
1102 1046 224 50 manifestum
1278 1046 112 50 est
1342 1046 128 50 quod
1422 1046 144 50 solus
1518 1046 128 50 deus
1598 1046 144 50 habet
1678 1046 112 50 omni.

1007 1095 144 63 modam
1103 1095 256 63 perfectionem
1311 1095 192 63 secundum
1454 1095 128 63 suam
1534 1095 224 63 essentiam:
1694 1095 96 63 ergo

1016 1135 145 63 solus
1112 1135 128 63 deus
1193 1135 112 63 est
1257 1135 145 63 bonus
1337 1135 257 63 essentialiter.

1001 1197 137 86 ¶
1055 1197 246 86 Utrum
1219 1197 246 86 omnia
1383 1197 219 86 sint
1520 1197 219 86 bona
1630 1197 191 86 boni-

1013 1266 128 52 tate
1093 1266 176 52 diuina:
1221 1266 144 52 Circa
1317 1266 144 52 istam
1414 1266 224 52 questionem
1574 1266 224 52 pariformiter

1005 1313 106 54 vt
1058 1313 106 54 in
1112 1313 230 54 preceden.
1289 1313 106 54 q.
1342 1313 89 54 ¶
1377 1313 159 54 Primo
1483 1313 230 54 arguitur.
1660 1313 142 54 Quia
1731 1313 71 54 Au

1011 1358 146 47 gusti.
1114 1358 132 47 viii.
1201 1358 88 47 de
1245 1358 190 47 trinitate
1392 1358 146 47 dicit.
1494 1358 132 47 Bonum
1582 1358 102 47 est
1640 1358 102 47 hoc
1699 1358 88 47 et
1728 1358 73 47 bo-

1003 1399 108 52 num
1064 1399 108 52 est
1126 1399 154 52 illud.
1233 1399 138 52 Tolle
1325 1399 108 52 hoc
1387 1399 92 52 et
1433 1399 138 52 illud
1525 1399 92 52 et
1571 1399 123 52 vide
1648 1399 138 52 ipsum
1725 1399 77 52 bo-

999 1438 125 43 num
1071 1438 107 43 si
1124 1438 178 43 potes.
1249 1438 125 43 Ita
1320 1438 143 43 deum
1410 1438 196 43 videbis
1552 1438 125 43 non
1624 1438 143 43 alio
1695 1438 107 43 bono

1002 1479 182 62 bonum:
1129 1479 127 62 sed
1202 1479 164 62 bonum
1311 1479 164 62 omnis
1420 1479 164 62 boni.
1529 1479 127 62 Hec
1602 1479 164 62 ille.
1711 1479 127 62 Sed

1016 1530 128 45 quia
1096 1530 240 45 vnumquodque
1288 1530 112 45 est
1352 1530 144 45 bonum
1449 1530 176 45 proprio
1577 1530 128 45 bono
1657 1530 128 45 suo:
1721 1530 80 45 ita

1007 1565 128 52 ergo
1087 1565 209 52 quodlibet
1248 1565 112 52 est
1312 1565 144 52 bonum
1408 1565 160 52 diuino
1520 1565 128 52 bono
1601 1565 128 52 quod
1681 1565 112 52 est
1729 1565 64 52 bo

1006 1607 119 49 num
1074 1607 152 49 omnis
1175 1607 152 49 boni:
1277 1607 102 49 et
1328 1607 102 49 ad
1379 1607 135 49 quod
1463 1607 237 49 ordinantur
1650 1607 152 49 omnia
1734 1607 68 49 vt

1012 1646 124 54 sint
1089 1646 124 54 bona
1166 1646 108 54 per
1228 1646 293 54 participationem
1475 1646 170 54 illius.
1598 1646 108 54 Sed
1660 1646 108 54 hec
1706 1646 93 54 difi

1011 1690 190 52 ficultas
1154 1690 111 52 vel
1217 1690 190 52 obiectio
1359 1690 190 52 soluitur
1501 1690 95 52 in
1549 1690 237 52 subscriptis
1723 1690 79 52 hu-

1010 1729 122 55 ius
1079 1729 262 55 questionis.
1289 1729 87 55 ¶
1324 1729 192 55 Secundo
1464 1729 140 55 ergo
1551 1729 227 55 conclusio
1709 1729 87 55 po-

1002 1776 138 46 nitur
1094 1776 123 46 quod
1170 1776 107 46 sic
1232 1776 138 46 omnia
1324 1776 184 46 dicuntur
1462 1776 123 46 bona
1538 1776 184 46 bonitate
1661 1776 138 46 propria

1015 1812 136 56 quod
1100 1812 119 56 cum
1168 1812 119 56 hoc
1236 1812 153 56 etiam
1338 1812 153 56 omnia
1441 1812 204 56 dicuntur
1594 1812 136 56 bona
1662 1812 136 56 bonita

1000 1858 104 53 te
1052 1858 174 53 diuina
1173 1858 278 53 participata.
1399 1858 174 53 Ratio:
1520 1858 139 53 quia
1607 1858 156 53 omnia
1694 1858 104 53 sunt

1008 1895 123 54 bona
1084 1895 199 54 inquantum
1238 1895 138 54 sunt:
1330 1895 107 54 sed
1391 1895 107 54 non
1452 1895 123 54 sunt
1529 1895 107 54 per
1590 1895 123 54 esse
1652 1895 153 54 diuinum:

1009 1944 133 48 quia
1092 1944 133 48 sunt
1175 1944 116 48 per
1242 1944 133 48 esse
1325 1944 216 48 proprium:
1490 1944 133 48 ergo
1573 1944 133 48 sunt
1656 1944 133 48 bona
1723 1944 66 48 bo

1001 1969 162 65 nitate
1114 1969 178 65 propria
1244 1969 97 65 et
1292 1969 146 65 etiam
1389 1969 162 65 diuina
1503 1969 97 65 vt
1551 1969 194 65 patebit.
1697 1969 81 65 ¶
1713 1969 97 65 Ter-

1011 2020 107 51 tio
1072 2020 214 51 declaratur
1240 2020 183 51 secundum
1377 2020 153 51 eundem
1484 2020 122 51 Tho.
1561 2020 107 51 vbi
1622 2020 137 51 supra
1698 2020 107 51 arti.

1009 2062 133 51 iiii.
1098 2062 148 51 dicen.
1201 2062 118 51 Quod
1275 2062 133 51 nihil
1364 2062 177 51 prohibet
1497 2062 89 51 in
1542 2062 104 51 his
1601 2062 104 51 que
1645 2062 148 51 relatio-

1006 2110 121 46 nem
1075 2110 224 46 important
1247 2110 189 46 aliquid
1385 2110 103 46 ab
1436 2110 241 46 extrinseco
1626 2110 155 46 etiam
1712 2110 86 46 de-

1006 2146 201 48 nominari
1157 2146 150 48 sicut
1257 2146 217 48 aliquando
1424 2146 251 48 denominatur
1625 2146 184 48 locatum
1742 2146 50 48 a

1003 2193 152 48 loco:
1104 2193 101 48 et
1155 2193 236 48 mensuratum
1340 2193 84 48 a
1374 2193 185 48 mensura
1509 2193 101 48 et
1542 2193 253 48 econuersocpu-

1007 2232 98 50 ta
1056 2232 179 50 dicendo
1186 2232 114 50 vas
1251 2232 130 50 vini
1333 2232 98 50 et
1381 2232 228 50 huiusmodi:
1561 2232 130 50 vnum
1626 2232 179 50 denominat

1009 2272 204 52 alterum¶
1162 2272 119 52 Sed
1230 2272 136 52 quia
1315 2272 119 52 hoc
1383 2272 204 52 absolute
1537 2272 153 52 verum
1639 2272 119 52 est
1690 2272 102 52 quod

1006 2315 137 54 deus
1092 2315 120 54 per
1160 2315 137 54 suam
1246 2315 223 54 essentiam
1418 2315 120 54 est
1486 2315 120 54 ens
1555 2315 103 54 et
1606 2315 172 54 primum
1709 2315 86 54 bo-

1011 2368 105 39 num
1071 2368 135 39 etiam
1161 2368 180 39 secundum
1296 2368 165 39 Aristo.
1417 2368 150 39 igitur
1522 2368 90 39 ab
1567 2368 120 39 ipso
1642 2368 135 39 primo
1717 2368 75 39 bo-

1002 2401 87 50 no
1046 2401 146 50 potest
1148 2401 219 50 vnumquodque
1323 2401 117 50 dici
1396 2401 131 50 bonum
1483 2401 87 50 et
1527 2401 102 50 ens
1585 2401 189 50 inquantum
1717 2401 87 50 par-

1002 2438 193 52 ticipat
1143 2438 158 52 ipsum
1248 2438 123 52 per
1318 2438 158 52 modum
1423 2438 210 52 cuiusdam
1563 2438 245 52 assimilatio-

1011 2482 107 52 nis
1072 2482 138 52 licet
1164 2482 153 52 remote
1271 2482 92 52 et
1317 2482 245 52 deficienter.
1517 2482 107 52 Sic
1578 2482 123 52 ergo
1655 2482 107 52 est
1701 2482 107 52 dicen

1009 2528 108 49 dum
1070 2528 124 49 quod
1148 2528 232 49 vnumquodque
1334 2528 170 49 dicitur
1457 2528 139 49 bonum
1550 2528 186 49 bonitate
1674 2528 124 49 diuina

1000 2566 117 55 per
1067 2566 317 55 participationem
1334 2566 150 55 sicut
1434 2566 83 55 a
1467 2566 150 55 primo
1567 2566 217 55 principio
1718 2566 83 55 ef-

1005 2607 173 54 fectiuo
1131 2607 205 54 exemplari
1288 2607 94 54 et
1336 2607 157 54 finali
1446 2607 157 54 totius
1556 2607 220 54 bonitatis.
1713 2607 79 54 Ni-

1006 2654 135 50 hilo
1090 2654 152 50 minus
1191 2654 152 50 tamen
1293 2654 118 50 cum
1360 2654 118 50 hoc
1427 2654 152 50 etiam
1528 2654 253 50 vnumquodque
1714 2654 84 50 di-

1008 2692 129 56 citur
1094 2692 129 56 bonum
1180 2692 186 56 bonitatis
1323 2692 143 56 diuine
1423 2692 229 56 similitudine
1609 2692 115 56 sibi
1667 2692 143 56 inheren-

1004 2744 79 64 te
1043 2744 105 64 quae
1109 2744 92 64 est
1161 2744 184 64 formaliter
1306 2744 92 64 sua
1358 2744 144 64 propria
1463 2744 144 64 bonitas
1568 2744 197 64 denomninans
1712 2744 92 64 ipsum
