2261 3283
372 304 147 81 Aristo
475 304 88 81 ii
519 304 220 81 politicorum
695 304 132 81 dicit
783 304 147 81 nullum
886 304 161 81 orbatum
1004 304 147 81 debere
1092 304 73 81 nu-

390 360 132 55 triri
478 360 88 55 et
522 360 132 55 plura
610 360 264 55 irrationabilia
831 360 117 55 etc.
904 360 73 55 ¶
933 360 161 55 Septima
1036 360 132 55 dicitur

397 394 194 63 stabilitas
549 394 166 63 ecclesie
674 394 180 63 fidelium.
812 394 97 63 Nam
868 394 83 63 vt
909 394 152 63 legitur
1020 394 152 63 actuum.
1117 394 55 63 v.

389 440 161 60 Gamaliel
509 440 121 60 dixit
590 440 80 60 de
630 440 107 60 fide
697 440 147 60 christi
804 440 80 60 si
844 440 94 60 est
898 440 80 60 ex
938 440 161 60 homnibus
1045 440 121 60 dissol-

394 478 125 68 uetur
477 478 180 68 consilium
616 478 111 68 hoc.
685 478 83 68 si
727 478 111 68 vero
796 478 83 68 ex
838 478 97 68 deo
894 478 97 68 non
949 478 166 68 potestis
1060 478 111 68 dissol

384 523 130 55 uere.
470 523 145 55 Scimus
572 523 130 55 autem
658 523 116 55 quod
731 523 174 55 ecclesia
861 523 130 55 licet
948 523 159 55 maximas
1049 523 116 55 perse-

392 565 180 61 cutiones
527 565 135 61 passa
617 565 105 61 sit
677 565 75 61 a
707 565 150 61 iudeis
811 565 90 61 et
856 565 75 61 a
886 565 180 61 tyrannis
1021 565 90 61 et
1066 565 90 61 ab
1096 565 75 61 im-

386 610 232 63 peratoribus
571 610 186 63 rhomanis
710 610 108 63 nec
772 610 155 63 potuit
880 610 201 63 dissolui:
1035 610 108 63 imo
1081 610 93 63 cre-

387 653 92 55 uit
439 653 79 55 in
479 653 249 55 persecutionibus
689 653 92 55 nec
741 653 144 55 poterit
846 653 118 55 vsque
925 653 118 55 finem
1003 653 105 55 modi
1056 653 118 55 dissol-

392 690 80 60 ui
432 690 134 60 dicete
525 690 134 60 chisto
619 690 107 60 Luc.
686 690 120 60 xxii.
766 690 94 60 Ego
820 690 134 60 rogaui
914 690 94 60 pro
967 690 80 60 te
1007 690 80 60 vt
1048 690 94 60 non
1088 690 80 60 defi

401 728 106 66 ciat
467 728 93 66 fi.
520 728 106 66 tua.
586 728 106 66 ergo
652 728 66 66 a
679 728 93 66 deo
731 728 106 66 est.
798 728 66 66 ¶
824 728 79 66 Si
864 728 146 66 obiicis
970 728 79 66 de
1009 728 132 66 sectam
1089 728 79 66 iude

391 771 96 58 orum
451 771 84 58 qui
499 771 108 58 manet
570 771 179 58 Respondetur
714 771 96 58 quod
774 771 72 58 vt
809 771 167 58 Augustinus
941 771 108 58 primo
1013 771 96 58 ser.
1072 771 72 58 de
1108 771 84 58 ad¬

387 823 142 46 uentu
482 823 110 46 ait
545 823 142 46 secta
639 823 189 46 iudeorum
781 823 110 46 non
844 823 142 46 manet
938 823 94 46 in
985 823 173 46 vigore.
1095 823 79 46 Nam

397 864 229 50 cessauerunt
580 864 137 50 inter
671 864 107 50 eos
732 864 198 50 prophetie
884 864 91 50 et
930 864 183 50 miracula
1067 864 107 50 que
1113 864 61 50 ma

389 899 103 64 nent
453 899 77 64 in
492 899 167 64 ecclesia.
620 899 141 64 Denique
723 899 154 64 iudeorum
838 899 167 64 dispersio
967 899 116 64 facta
1044 899 77 64 in
1069 899 103 64 vindi-

395 946 96 53 ctam
455 946 120 53 mortis
539 946 132 53 christi
636 946 108 53 sicut
708 946 96 53 ipse
768 946 156 53 praedixit
888 946 156 53 confirmat
1009 946 120 53 fidem.
1093 946 60 53 ¶
1105 946 72 53 Item

392 996 87 45 si
435 996 188 45 obiicitur
579 996 87 45 de
623 996 116 45 fide
695 996 202 45 mahumenti.
854 996 188 45 respondet
999 996 145 45 Scotus
1085 996 87 45 ibi-

390 1030 89 53 dem
441 1030 102 53 quod
505 1030 102 53 illa
568 1030 140 53 incepit
670 1030 102 53 post
733 1030 114 53 legem
809 1030 140 53 christi
911 1030 102 53 plus
974 1030 102 53 quam
1025 1030 140 53 sexcentis

394 1066 141 56 annis.
493 1066 85 56 Et
535 1066 85 56 in
577 1066 127 56 breui
662 1066 99 56 deo
718 1066 197 56 cooperante
873 1066 183 56 finietur.
1014 1066 99 56 Nam
1056 1066 113 56 prophe

386 1106 88 55 tia
437 1106 138 55 dicitur
537 1106 100 55 esse
600 1106 100 55 apud
663 1106 113 55 illos
738 1106 100 55 quod
801 1106 100 55 cito
864 1106 151 55 finienda
977 1106 88 55 est
1027 1106 113 55 secta
1090 1106 75 55 illa

393 1151 103 52 etc.
458 1151 90 52 Sic
509 1151 116 52 etiam
586 1151 193 52 prophetauit
741 1151 142 52 Sibylla
844 1151 142 52 quaedam
947 1151 77 52 vt
986 1151 142 52 dicitur
1076 1151 90 52 libro

393 1189 232 54 conformitis.
595 1189 72 54 ¶
624 1189 145 54 Octaua
726 1189 101 54 via
784 1189 159 54 dicitur
900 1189 174 54 claritas
1016 1189 159 54 miraculo-

400 1232 97 59 rum.
460 1232 121 59 Tertum
545 1232 85 59 est
594 1232 97 59 enim
654 1232 97 59 quod
715 1232 97 59 deus
775 1232 85 59 non
824 1232 121 59 potest
909 1232 97 59 esse
969 1232 121 59 testis
1042 1232 121 59 falsita-

396 1274 93 59 tis
449 1274 93 59 sed
502 1274 106 59 ipse
568 1274 106 59 deus
634 1274 119 59 fidem
714 1274 106 59 hanc
780 1274 199 59 confirmauit
939 1274 93 59 per
992 1274 159 59 miracula
1098 1274 79 59 ergo

401 1315 105 64 etc.
467 1315 79 64 Si
506 1315 118 64 dicas
585 1315 105 64 quis
651 1315 105 64 nunc
717 1315 105 64 scit
782 1315 263 64 certitudinaliter
1006 1315 79 64 si
1045 1315 118 64 talia
1111 1315 66 64 mi-

393 1359 148 52 racula
497 1359 163 52 fuerint
615 1359 133 52 facta
704 1359 177 52 Dicendum
837 1359 104 52 cum
896 1359 118 52 Aug.
970 1359 118 52 xii.
1044 1359 89 52 de
1073 1359 104 52 ciui.

397 1397 112 64 dei.
467 1397 84 64 c.
509 1397 84 64 v.
551 1397 84 64 Si
593 1397 112 64 ista
663 1397 168 64 miracula
789 1397 98 64 non
846 1397 154 64 credunt
958 1397 140 64 aliqui
1056 1397 112 64 fore
1112 1397 70 64 fa-

394 1436 121 64 cta:
469 1436 106 64 hoc
530 1436 136 64 nobis
621 1436 121 64 vnum
696 1436 151 64 grande
802 1436 197 64 miraculum
953 1436 181 64 sufficit
1074 1436 91 64 quod

402 1488 113 51 iam
466 1488 145 51 totus
563 1488 145 51 orbis
660 1488 129 51 sine
740 1488 145 51 vllis
837 1488 209 51 miraculis
998 1488 177 51 credit.
1111 1488 64 51 Et

399 1527 102 59 pro
458 1527 131 59 magno
545 1527 175 59 miraculo
676 1527 102 59 est
734 1527 117 59 quod
807 1527 175 59 credente
938 1527 117 59 modo
1011 1527 87 59 tu
1055 1527 102 59 non
1099 1527 87 59 cre-

394 1570 97 52 das
450 1570 83 52 et
491 1570 69 52 ¶
519 1570 111 52 Item
588 1570 208 52 confirmatur
754 1570 111 52 quia
823 1570 125 52 multi
906 1570 111 52 quae
975 1570 125 52 prius
1058 1570 125 52 fidei
1128 1570 55 52 re

397 1613 150 46 delles
502 1613 165 46 fuerunt
621 1613 209 46 miraculose
786 1613 224 46 crediderunt
966 1613 90 46 et
1010 1613 120 46 hanc
1070 1613 105 46 fidem

395 1654 187 53 docuerunt
538 1654 129 53 vsque
624 1654 86 53 ad
667 1654 158 53 mortem.
782 1654 129 53 patet
868 1654 86 53 de
911 1654 129 53 saulo
997 1654 129 53 prius
1069 1654 115 53 perse-

403 1698 150 51 cutore
508 1698 150 51 postea
613 1698 225 51 praedicante
793 1698 120 51 toto
869 1698 120 51 orbi
944 1698 120 51 Item
1019 1698 90 51 de
1049 1698 135 51 Augusti

391 1734 102 47 no
442 1734 153 47 prius
544 1734 187 47 seducto
680 1734 170 47 errore
798 1734 204 47 Manichei
951 1734 170 47 postea
1053 1734 119 47 docto

403 1775 91 52 re
448 1775 198 52 catholico
600 1775 91 52 De
646 1775 137 52 Dion.
737 1775 137 52 prius
828 1775 213 52 philosopho
996 1775 137 52 pauli
1072 1775 106 52 disci

399 1816 118 58 pulo
473 1816 118 58 dici
546 1816 177 58 cipriano
679 1816 132 58 prius
767 1816 118 58 mago
841 1816 147 58 postea
944 1816 103 58 pro
1002 1816 118 58 fide
1061 1816 118 58 occiso

397 1868 119 50 Item
471 1868 89 50 de
516 1868 223 50 constantino
694 1868 208 50 imperatore
857 1868 134 50 prius
946 1868 134 50 fidem
1021 1868 163 50 persequen

397 1901 88 62 te
441 1901 147 62 postea
544 1901 191 62 manifesto
691 1901 161 62 miraclo
808 1901 176 62 conuerso
940 1901 88 62 et
984 1901 176 62 ecclesia
1102 1901 73 62 sub

397 1936 142 59 limante
500 1936 77 59 et
539 1936 90 59 sic
590 1936 77 59 de
629 1936 129 59 aliis.
719 1936 64 59 ¶
745 1936 103 59 Item
809 1936 77 59 si
848 1936 167 59 obiicitur
977 1936 103 59 quod
1041 1936 116 59 etiam
1106 1936 77 59 anti

395 1987 173 49 christus
524 1987 144 49 faciet
625 1987 173 49 miracula
754 1987 187 49 manifesta
898 1987 144 49 quibus
999 1987 130 49 modos
1071 1987 115 49 credet

422 2035 172 47 Respondet
554 2035 133 47 Scotus
647 2035 106 47 quod
713 2035 119 47 magna
793 2035 93 47 est
846 2035 199 47 differentia
1005 2035 119 47 inter
1071 2035 106 47 miracu

414 2069 77 54 la
453 2069 103 54 quae
517 2069 115 54 fiunt
594 2069 64 54 a
619 2069 154 54 diabolo.
735 2069 77 54 Et
773 2069 90 54 qui
824 2069 115 54 fiunt
901 2069 64 54 a
927 2069 90 54 deo
978 2069 90 54 Nam
1029 2069 77 54 et
1068 2069 77 54 si
1093 2069 90 54 anti-

404 2109 160 52 christus
524 2109 133 52 faciat
617 2109 133 52 aliqua
710 2109 107 52 vera
777 2109 160 52 miracula
896 2109 80 52 vt
936 2109 120 52 dicit
1016 2109 120 52 haimo
1083 2109 93 52 super

402 2151 95 55 apo
457 2151 162 55 scilicet
578 2151 122 55 domum
659 2151 176 55 corruere.
794 2151 122 55 ignem
875 2151 81 55 de
916 2151 108 55 aere
983 2151 189 55 descendere
1118 2151 68 55 ve-

408 2203 148 41 raciter
515 2203 81 41 et
556 2203 148 41 aliquid
664 2203 189 41 consumere.
812 2203 81 41 Et
853 2203 135 41 fulmie
947 2203 175 41 prercuti.
1069 2203 121 41 statuam

420 2240 104 46 loqui
490 2240 81 46 vel
536 2240 127 46 ridere.
629 2240 69 46 et
664 2240 162 46 huiusmodi.
791 2240 104 46 Tamen
860 2240 81 46 non
907 2240 139 46 dicuntur
1011 2240 127 46 proprie
1103 2240 93 46 vera
1150 2240 46 46 mi

408 2288 140 44 racula.
510 2288 89 44 Tum
561 2288 102 44 quia
625 2288 114 44 fient
701 2288 140 44 virtute
803 2288 178 44 diabolica.
943 2288 89 44 Tum
993 2288 102 44 quia
1057 2288 114 44 licet
1121 2288 76 44 admi

418 2322 142 49 rationem
525 2322 130 49 faciant
620 2322 119 49 tantum
703 2322 119 49 nullam
786 2322 166 49 vtilitatem
916 2322 166 49 conferunt.
1047 2322 83 49 Tum
1094 2322 95 49 quia
1142 2322 59 49 tal

414 2358 88 56 lia
465 2358 101 56 sunt
528 2358 101 56 quod
590 2358 126 56 potest
678 2358 75 56 in
716 2358 88 56 eis
766 2358 113 56 fieri
842 2358 151 56 fallacia
955 2358 75 56 et
993 2358 163 56 deceptio.
1106 2358 88 56 Verum

413 2398 113 62 autem
489 2398 75 62 et
526 2398 138 62 proprie
627 2398 126 62 dictum
715 2398 151 62 miraclum
828 2398 88 62 est
878 2398 113 62 illud
953 2398 113 62 solum
1029 2398 100 62 quod
1092 2398 88 62 fit
1129 2398 63 62 vir

413 2452 108 49 tute
481 2452 135 49 diuina
576 2452 81 49 et
616 2452 95 49 cum
670 2452 203 49 admiratione
833 2452 122 49 habet
914 2452 149 49 gratiam
1022 2452 122 49 coram
1103 2452 95 49 deo
1144 2452 54 49 ac

411 2489 190 45 vtilitatem
561 2489 149 45 confert
669 2489 122 45 anime
750 2489 95 45 vel
805 2489 122 45 etiam
886 2489 163 45 corpori.
1008 2489 81 45 Et
1049 2489 81 45 in
1090 2489 95 45 quo
1130 2489 68 45 nul

410 2530 77 49 la
449 2530 129 49 potest
539 2530 103 49 esse
603 2530 116 49 fraus
681 2530 77 49 et
719 2530 155 49 deceptio
835 2530 103 49 quin
900 2530 90 49 sit
951 2530 64 49 a
977 2530 103 49 solo
1041 2530 90 49 deo
1093 2530 77 49 in
1119 2530 64 49 te-

405 2569 174 46 stimonium
539 2569 188 46 veritatis.
686 2569 121 46 Talia
767 2569 107 46 sunt
834 2569 121 46 autem
915 2569 148 46 christi
1022 2569 161 46 miracula
1129 2569 54 46 vt

412 2622 122 51 patet
494 2622 81 51 de
534 2622 176 51 mortuorum
669 2622 108 51 vera
737 2622 257 51 resuscitatione.
953 2622 216 51 infirmitatum
1115 2622 68 51 cu-

404 2654 158 52 ratione.
523 2654 185 52 peccatorum
668 2654 185 52 remissione
813 2654 106 52 etc.
879 2654 145 52 Denique
985 2654 79 52 vt
1025 2654 132 52 ibidem
1104 2654 79 52 Sco-

408 2696 87 75 tus
457 2696 112 75 dicit
532 2696 137 75 poterit
632 2696 125 75 obiici
719 2696 125 75 contra
807 2696 150 75 miracula
919 2696 187 75 antichristi
1068 2696 75 75 ad
1093 2696 100 75 conuin

1218 306 164 52 cendum.
1337 306 134 52 Primo
1427 306 134 52 certa
1516 306 164 52 cordium
1635 306 89 52 et
1680 306 209 52 secretorum
1829 306 164 52 reuelatio

1228 346 194 61 praesertim
1381 346 83 61 in
1422 346 152 61 futurum
1533 346 249 61 contingentium.
1741 346 97 61 hoc
1796 346 125 61 modo.
1879 346 83 61 Si
1921 346 83 61 tu
1949 346 55 61 es

1222 387 112 55 vere
1292 387 112 55 deus
1362 387 84 55 vt
1404 387 168 55 asseris.
1529 387 98 55 dic
1585 387 112 55 mihi
1655 387 112 55 quid
1725 387 140 55 faciam
1822 387 98 55 aut
1878 387 112 55 quid
1934 387 70 55 co-

1229 437 156 52 gitabo
1338 437 109 52 aut
1401 437 171 52 appetam
1525 437 125 52 cras
1603 437 109 52 hac
1665 437 125 52 hora
1743 437 125 52 etc.
1821 437 109 52 Nam
1883 437 109 52 hoc
1930 437 78 52 so-

1227 484 104 47 lius
1292 484 91 47 dei
1344 484 91 47 est
1396 484 117 47 scire
1475 484 117 47 iuxta
1553 484 117 47 illud
1631 484 156 47 psalmos.
1748 484 91 47 Qui
1800 484 130 47 finxit
1892 484 117 47 corda
1957 484 52 47 c.

1238 512 85 59 qui
1287 512 122 59 intel.
1372 512 110 59 omnia
1445 512 134 59 operae.
1542 512 85 59 Sed
1591 512 146 59 christus
1701 512 85 59 hoc
1749 512 110 59 fecit
1822 512 85 59 qui
1871 512 134 59 pluries
1956 512 49 59 se

1227 558 119 50 creta
1306 558 146 50 cordium
1412 558 172 50 reuelauit
1545 558 79 50 et
1584 558 132 50 futura
1677 558 185 50 praedixit.
1823 558 106 50 ergo
1889 558 106 50 etc.
1942 558 66 50 Se-

1226 606 122 43 cundo
1308 606 149 43 poterit
1416 606 135 43 obiici
1511 606 203 43 antichristo
1673 606 108 43 dici
1740 606 135 43 aperta
1835 606 95 43 dei
1876 606 135 43 visione.

1219 640 96 49 sic
1274 640 82 49 Si
1315 640 96 49 tum
1370 640 82 49 es
1411 640 110 49 vere
1480 640 110 49 deus
1548 640 96 49 fac
1603 640 82 49 me
1644 640 137 49 aperte
1740 640 137 49 videre
1836 640 178 49 essentiam
1959 640 55 49 di

1235 678 121 56 uinam
1315 678 81 56 et
1356 678 108 56 post
1423 678 161 56 visionem
1544 678 161 56 memoriam
1665 678 135 56 certam
1759 678 135 56 habere
1854 678 161 56 visionis
1961 678 54 56 et

1230 721 192 54 certitudinem
1386 721 120 54 habere
1470 721 96 54 quod
1530 721 96 54 illa
1590 721 96 54 fuit
1651 721 108 54 visio
1723 721 120 54 diuine
1807 721 144 54 essentie
1915 721 72 54 et
1939 721 72 54 etc.

1236 762 90 54 Nam
1288 762 90 54 hoc
1339 762 116 54 solus
1416 762 103 54 deus
1480 762 129 54 potest
1570 762 103 54 quod
1635 762 129 54 animam
1724 762 180 54 beatificet
1866 762 90 54 dei
1904 762 116 54 visione

1225 803 189 61 simpliciter
1376 803 88 61 vel
1427 803 75 61 ad
1464 803 138 61 tempus.
1565 803 75 61 Et
1603 803 88 61 sic
1653 803 113 61 fecit
1728 803 151 61 christus
1842 803 113 61 paulo
1904 803 101 61 rapto.

1233 849 89 45 etc
1284 849 128 45 Tertio
1374 849 140 45 poterit
1476 849 115 45 etiam
1552 849 140 45 obiici.
1655 849 153 45 secundum
1769 849 115 45 alios
1846 849 102 45 doc.
1910 849 77 45 d.
1935 849 77 45 sub-

1228 886 112 57 ita
1292 886 209 57 mutatione
1453 886 225 57 voluntatis
1630 886 161 57 humane
1742 886 96 57 vt
1790 886 96 57 de
1838 886 177 57 nolente
1951 886 64 57 fi

1222 929 81 55 at
1263 929 135 55 volens
1358 929 149 55 subito.
1466 929 108 55 sine
1534 929 108 55 omni
1602 929 108 55 alia
1669 929 190 55 extrinseca
1818 929 176 55 coactione
1940 929 68 55 ti-

1224 973 142 57 moris
1319 973 110 57 vel
1382 973 268 57 comminationis
1602 973 110 57 aut
1665 973 221 57 inductione
1839 973 158 57 amoris
1933 973 79 57 vel

1228 1007 237 62 promissionis.
1423 1007 97 62 hoc
1479 1007 111 62 enim
1548 1007 139 62 solius
1646 1007 97 62 dei
1702 1007 97 62 est
1757 1007 84 62 vt
1799 1007 125 62 dicit
1883 1007 125 62 Bern.
1952 1007 56 62 et

1237 1055 171 66 Bonauen.
1365 1055 143 66 super.
1465 1055 100 66 ii.
1522 1055 100 66 Sic
1580 1055 129 66 fecit
1665 1055 171 66 christus
1794 1055 114 66 quem
1865 1055 86 66 ad
1894 1055 114 66 vnicam

1233 1103 121 47 vocem
1313 1103 174 47 discipuli
1447 1103 161 47 relictis
1568 1103 147 47 omnibus
1675 1103 134 47 secuti
1769 1103 121 47 sunt.
1849 1103 107 47 ergo
1903 1103 67 47 etc

1228 1136 116 58 Nona
1300 1136 101 58 via
1358 1136 159 58 dicitur
1473 1136 217 58 testimonium
1647 1136 231 58 extraneorum.
1835 1136 101 58 Nam
1892 1136 87 58 et
1921 1136 87 58 demo

1235 1180 90 56 nes
1287 1180 128 56 coacti
1376 1180 103 56 sunt
1441 1180 116 56 fidem
1518 1180 141 56 christi
1621 1180 167 56 confiteri
1749 1180 103 56 esse
1813 1180 128 56 veram.
1903 1180 77 56 et
1929 1180 77 56 Iose

1233 1221 98 58 phus
1294 1221 110 58 libro
1368 1221 123 58 xviii.
1454 1221 196 58 Antiquitatum
1613 1221 147 58 testatur
1724 1221 110 58 iesum
1797 1221 98 58 esse
1859 1221 147 58 christum
1957 1221 49 58 et

1226 1261 106 52 eius
1292 1261 133 52 mortem
1385 1261 80 52 et
1425 1261 239 52 resurrectionem
1625 1261 106 52 Item
1691 1261 146 52 sibylle
1797 1261 120 52 multe
1864 1261 146 52 testantur

1234 1300 84 78 de
1276 1300 139 78 quibus
1373 1300 125 78 alibi
1457 1300 97 78 Hec
1513 1300 84 78 ad
1554 1300 167 78 praesens
1680 1300 84 78 ex
1722 1300 111 78 Sco.
1791 1300 97 78 vbi
1847 1300 125 78 supra
1917 1300 97 78 colle

1230 1351 93 56 cta
1270 1351 159 56 sufficiant

1380 1387 478 108 CIrcumincessio
1752 1387 266 108 secundum

1384 1457 89 82 Guil.
1444 1457 89 82 super
1503 1457 60 82 i.
1533 1457 179 82 distinctionem.
1682 1457 79 82 xix.
1732 1457 109 82 dicitur
1811 1457 50 82 a
1831 1457 99 82 circum
1901 1457 60 82 et
1921 1457 79 82 incedo

1380 1518 148 53 incedis
1487 1518 108 53 quia
1554 1518 108 53 illa
1622 1518 108 53 quae
1689 1518 108 53 sunt
1756 1518 121 53 simul
1824 1518 188 53 circuminces-

1391 1564 125 52 sione
1474 1564 152 52 similis
1585 1564 83 52 ad
1626 1564 152 52 inuicem
1737 1564 166 52 incedunt
1862 1564 111 52 puta
1931 1564 69 52 A
1945 1564 69 52 est

1229 1607 84 61 in
1271 1607 70 61 B
1299 1607 84 61 et
1340 1607 70 61 B
1368 1607 97 61 est
1424 1607 84 61 in
1466 1607 84 61 A.
1508 1607 97 61 Sic
1563 1607 84 61 in
1605 1607 181 61 trinitate
1744 1607 125 61 pater
1828 1607 97 61 est
1884 1607 84 61 in
1912 1607 97 61 filio

1243 1649 58 58 et
1272 1649 135 58 econuerso.
1378 1649 58 58 et
1407 1649 125 58 similiter
1504 1649 58 58 de
1533 1649 106 58 spiritu
1600 1649 87 58 sancto.

1233 1708 115 81 ¶
1279 1708 184 81 Quid
1394 1708 161 81 est
1486 1708 437 81 circumincessio.
1831 1708 184 81 Respon

1238 1764 103 63 detur
1306 1764 137 63 secundum
1409 1764 114 63 subti.
1489 1764 91 63 doc.
1546 1764 103 63 super
1614 1764 69 63 i.
1649 1764 80 63 di.
1694 1764 91 63 xix.
1751 1764 69 63 q.
1786 1764 69 63 ii
1820 1764 80 63 ar.
1866 1764 69 63 ii
1888 1764 126 63 Circumin-

1230 1817 126 50 cessio
1319 1817 88 50 est
1369 1817 202 50 subsistentis
1534 1817 76 50 in
1572 1817 190 50 subsistente
1723 1817 152 50 realiter
1837 1817 177 50 distinctio
1963 1817 51 50 mu

1237 1856 82 51 tua
1284 1856 257 51 praesentialitatis.
1506 1856 175 51 assistentia
1646 1856 70 51 in
1681 1856 105 51 eadem
1751 1856 163 51 substantia
1880 1856 93 51 sibi
1926 1856 82 51 inui-

1239 1894 81 53 cem
1286 1894 151 53 intimate.
1414 1894 58 53 ¶
1437 1894 70 53 Ex
1472 1894 93 53 quae
1530 1894 116 53 paest.
1611 1894 93 53 quod
1669 1894 139 53 scilicet
1774 1894 70 53 ad
1797 1894 221 53 circumincessionem

1238 1944 112 49 tria
1308 1944 182 49 exiguntur
1448 1944 98 49 vel
1504 1944 182 49 requirunt
1645 1944 70 49 ¶
1673 1944 126 49 primo
1757 1944 112 49 quod
1827 1944 112 49 illa
1897 1944 98 49 que
1939 1944 70 49 sic

1224 1983 142 59 sunt:
1319 1983 142 59 mutuo
1414 1983 174 59 habeant
1540 1983 158 59 eandem
1651 1983 237 59 substantiam
1840 1983 174 59 numero.
1951 1983 63 59 Et

1243 2021 121 53 propter
1331 2021 77 53 hoc
1375 2021 77 53 duo
1419 2021 121 53 corpora
1507 2021 66 53 si
1540 2021 110 53 essent
1617 2021 110 53 simlis
1695 2021 66 53 in
1728 2021 99 53 eodem
1794 2021 88 53 loco
1849 2021 99 53 licet
1915 2021 88 53 sint
1959 2021 55 53 sub

1246 2070 148 47 sistentia
1359 2070 68 47 et
1393 2070 102 47 mutuo
1461 2070 170 47 praesentia.
1597 2070 91 47 quia
1654 2070 102 47 tamen
1722 2070 79 47 non
1768 2070 113 47 habent
1847 2070 113 47 eandem
1915 2070 91 47 numero

1231 2103 194 63 substantiam
1386 2103 90 63 non
1438 2103 103 63 sunt
1502 2103 245 63 circumincessiue
1709 2103 77 63 in
1748 2103 77 63 se
1786 2103 155 63 inuicem.
1890 2103 116 63 Secundo

1234 2151 91 51 quod
1290 2151 91 51 illa
1347 2151 91 51 quae
1404 2151 80 51 sic
1450 2151 91 51 sunt
1507 2151 125 51 similis
1598 2151 91 51 sint
1654 2151 193 51 subsistentia.
1814 2151 91 51 vnde
1871 2151 125 51 quamuis
1950 2151 57 51 at-

1241 2185 143 51 tributa
1345 2185 130 51 diuina
1436 2185 104 51 sint
1501 2185 104 51 idem
1566 2185 91 51 cum
1618 2185 130 51 diuina
1710 2185 156 51 essentia
1827 2185 78 51 et
1866 2185 104 51 idem
1918 2185 91 51 inter

1246 2228 71 50 se
1282 2228 95 50 quia
1341 2228 118 50 tantum
1423 2228 83 50 non
1471 2228 165 50 subsistunt
1601 2228 130 50 propria
1695 2228 189 50 subsistentia
1849 2228 106 50 licet
1908 2228 106 50 habeant

1245 2272 180 50 existentiam
1389 2272 120 50 diuine
1474 2272 156 50 essentie.
1594 2272 84 50 non
1642 2272 144 50 dicuntur
1750 2272 156 50 adinuicem
1871 2272 84 50 per
1907 2272 108 50 circum-

1247 2315 210 47 incessionem.
1418 2315 131 47 Tertio
1510 2315 184 47 requiritur
1654 2315 105 47 quod
1720 2315 210 47 subsistentes
1891 2315 105 47 sint
1943 2315 66 47 di-

1239 2359 121 43 sticti
1323 2359 157 43 realiter.
1444 2359 97 43 vnde
1504 2359 133 43 persone
1601 2359 109 43 diuie
1673 2359 109 43 licet
1746 2359 121 43 eandem
1830 2359 133 43 hebeant
1914 2359 97 43 essen-

1237 2397 87 50 tia
1286 2397 125 50 numero
1374 2397 75 50 et
1411 2397 100 50 sint
1473 2397 212 50 subsistentes.
1648 2397 75 50 si
1685 2397 112 50 tamen
1760 2397 87 50 per
1810 2397 187 50 impossibile
1947 2397 62 50 non

1241 2436 180 61 differrent
1382 2436 167 61 realiter.
1511 2436 90 61 non
1562 2436 128 61 essent
1652 2436 77 61 in
1690 2436 77 61 se
1729 2436 141 61 inuicem
1819 2436 205 61 circumincessi-

1240 2483 104 52 ue.
1300 2483 74 52 ¶
1329 2483 178 52 Exemplum
1463 2483 89 52 ad
1507 2483 104 52 hec
1567 2483 178 52 secundum
1700 2483 148 52 eundem
1804 2483 119 52 Sco.
1864 2483 148 52 Potentie

1249 2522 101 49 anime
1316 2522 90 49 sunt
1372 2522 90 49 idem
1428 2522 135 49 realiter
1529 2522 79 49 cum
1574 2522 112 49 anima.
1653 2522 135 49 secundum
1754 2522 90 49 Aug.
1810 2522 90 49 Etsi
1866 2522 123 49 daremus
1945 2522 67 49 quod

1238 2563 132 53 essent
1330 2563 171 53 distincta
1461 2563 171 53 supposita
1593 2563 79 53 in
1633 2563 118 53 anima
1711 2563 118 53 recte
1790 2563 132 53 essent
1882 2563 79 53 in
1922 2563 79 53 se
1948 2563 66 53 in-

1235 2606 128 52 uicem
1320 2606 99 52 per
1377 2606 312 52 circumincessionem.
1647 2606 99 52 Nam
1704 2606 128 52 primo
1789 2606 170 52 haberent
1902 2606 114 52 eandem

1236 2646 164 50 essentiam
1363 2646 139 50 numero.
1464 2646 139 50 secundo
1565 2646 127 50 essent
1654 2646 177 50 supposita.
1793 2646 127 50 tertio
1882 2646 127 50 essent
1957 2646 51 50 di

1233 2691 138 72 stincta
1334 2691 163 72 realiter.
1459 2691 100 72 ergo
1522 2691 100 72 etc.
1585 2691 88 72 Sic
1635 2691 75 72 in
1672 2691 138 72 diuinis
1773 2691 113 72 pater
1848 2691 75 72 et
1886 2691 125 72 filius
1961 2691 50 72 ex
