2224 3294
209 290 102 85 etc.
273 290 192 85 Respondetur
427 290 154 85 secundum
542 290 179 85 Scotorlis.
683 290 90 85 vbi
734 290 128 85 supra.
824 290 102 85 quod
875 290 141 85 infinitum

205 368 150 44 tenens
310 368 90 44 se
355 368 90 44 ex
400 368 135 44 parte
490 368 165 44 materie
610 368 135 44 sicut
700 368 105 44 est
760 368 195 44 infinitum
910 368 90 44 in
940 368 60 44 ma

220 405 198 58 gitudine
368 405 116 58 vel
434 405 248 58 multitudine
632 405 132 58 bene
715 405 116 58 est
781 405 198 58 ignotum.
913 405 83 58 sed

216 450 200 53 infinitum
370 450 169 53 actuale
493 450 92 53 vt
539 450 108 53 est
601 450 123 53 deus
678 450 154 53 potest
785 450 123 53 esse
847 450 154 53 cognitum

215 497 252 42 naturaliter.
420 497 126 42 quia
498 497 110 42 est
561 497 236 42 naturaliter
750 497 173 42 amabile
876 497 79 42 a
892 497 110 42 nobis

215 537 142 43 nibil
310 537 142 43 autem
405 537 158 43 amatur
515 537 126 43 nisi
594 537 205 43 cognitum.
752 537 126 43 ergo
830 537 110 43 est
878 537 126 43 natura

209 575 131 52 liter
297 575 248 52 cognoscibilis
501 575 117 52 deus
574 575 73 52 a
603 575 146 52 nobis.
705 575 160 52 quamuis
822 575 102 52 non
880 575 102 52 sit
924 575 73 52 con

210 616 257 57 prehensibilis
421 616 121 57 quia
497 616 211 57 infinitus.
663 616 91 57 vt
708 616 166 57 patebit
814 616 121 57 infra.

217 659 191 53 Secunda
356 659 278 53 difficultas.
582 659 139 53 quid
669 659 104 53 ad
721 659 174 53 illud.
843 659 122 53 ii.
895 659 122 53 Meta-

215 702 172 50 physice
340 702 141 50 Sicut
434 702 94 50 se
481 702 141 50 habet
575 702 156 50 oculus
684 702 250 50 nycticoracis
888 702 94 50 ad
919 702 78 50 li.

222 744 199 52 mensolis.
375 744 107 52 ita
436 744 230 52 intellectus
621 744 153 52 noster
728 744 92 52 ad
774 744 169 52 maximum
881 744 123 52 intel-

222 784 157 50 ligibile
339 784 78 50 id
379 784 91 50 est
431 784 78 50 ad
470 784 117 50 deum.
548 784 78 50 Ad
587 784 91 50 hoc
640 784 196 50 respondetur
796 784 157 50 secundum
901 784 91 50 eunde

223 831 200 52 Scotorlis.
380 831 114 52 quod
451 831 186 52 intelligi
594 831 129 52 debet
680 831 86 52 de
722 831 214 52 impossibili
894 831 114 52 quae
951 831 57 52 ad

209 876 179 48 visionem
343 876 223 48 intuitiuam.
522 876 119 48 quia
596 876 134 48 sicut
685 876 223 48 impossibile
864 876 104 48 est
909 876 89 48 quod

222 914 160 45 oculus
334 914 255 45 nycticoracis
541 914 160 45 videat
653 914 207 45 intuitiue
813 914 144 45 lumen
892 914 112 45 solis

226 952 104 53 ita
286 952 223 53 impossibile
464 952 104 53 est
523 952 119 53 quod
598 952 223 53 intellectus
776 952 149 53 noster
865 952 134 53 natural

223 999 105 44 ter
283 999 105 44 pro
343 999 120 44 isto
418 999 135 44 statu
507 999 150 44 videat
612 999 194 44 intuitiue
762 999 165 44 diuinam
866 999 135 44 essenti

219 1042 114 46 am.
284 1042 147 46 Secus
382 1042 98 46 de
431 1042 229 46 cognitione
611 1042 114 46 per
676 1042 327 46 ratiocinationem.
938 1042 65 46 Ad

219 1079 196 59 praedicta.
373 1079 126 59 plura
457 1079 98 59 vbi
513 1079 84 59 de
555 1079 70 59 U
583 1079 140 59 isione
681 1079 112 59 dei.
751 1079 126 59 Eodem
835 1079 112 59 lib.
905 1079 84 59 et
933 1079 70 59 su-

213 1128 91 44 pra
265 1128 78 44 in
304 1128 156 44 prologo.
420 1128 78 44 §.
459 1128 117 44 xiii.
524 1128 78 44 etc.

241 1174 117 87 ¶
287 1174 210 87 Utrum
428 1174 187 87 deus
545 1174 164 87 sit
638 1174 234 87 primum
779 1174 210 87 cogniti

214 1252 98 46 tum
270 1252 70 46 a
298 1252 140 46 nobis.
396 1252 126 46 Circa
480 1252 98 46 hoc
536 1252 168 46 secundum
661 1252 196 46 Scotorlis.
815 1252 126 46 super
899 1252 84 46 i.
927 1252 70 46 di-

225 1288 118 57 iii.
299 1288 89 57 q.
344 1288 118 57 iii.
417 1288 133 57 Primo
506 1288 148 57 aliqua
610 1288 207 57 praeambula
772 1288 177 57 notantur
905 1288 74 57 ¶
920 1288 89 57 Priu

216 1336 98 49 mum
272 1336 112 49 quod
342 1336 84 49 in
383 1336 265 49 cognoscibilibus
607 1336 209 49 tripliciter
774 1336 153 49 dicitur
871 1336 126 49 aliquid

221 1375 126 51 esse
300 1375 158 51 primum
411 1375 221 51 Primoordie
584 1375 126 51 siue
663 1375 111 51 via
727 1375 190 51 originis
869 1375 126 51 siue
932 1375 63 51 go

222 1418 245 49 nerationis.
418 1418 147 49 sicut
516 1418 164 49 embryo
631 1418 147 49 prius
729 1418 147 49 viuit
827 1418 131 49 vita
892 1418 115 49 plan-

211 1460 84 53 te
253 1460 140 53 postea
351 1460 182 53 animalis.
491 1460 140 53 deinde
589 1460 168 53 hominis.
714 1460 84 53 vt
756 1460 126 53 dicit
826 1460 168 53 philosophu

214 1502 138 45 lib.
300 1502 104 45 de
352 1502 259 45 animalibus.
559 1502 190 45 Secundo
697 1502 173 45 ordine
818 1502 173 45 nature
922 1502 69 45 ve

221 1542 226 52 perfectionis.
407 1542 80 52 et
446 1542 93 52 sic
500 1542 159 52 dicitur.
619 1542 93 52 ix.
672 1542 146 52 Metaph.
779 1542 106 52 quod
845 1542 80 52 ea
885 1542 93 52 que
925 1542 66 52 sum

215 1590 157 46 priora
325 1590 235 46 generatione
513 1590 126 46 sunt
592 1590 220 46 posteriora
765 1590 235 46 perfectione
937 1590 63 46 et

221 1633 190 49 econuerso.
371 1633 122 49 sicut
452 1633 109 49 esse
520 1633 177 49 rationale
656 1633 95 49 per
711 1633 122 49 prius
792 1633 149 49 dicitur
901 1633 82 49 de
928 1633 68 49 ho-

209 1671 126 52 mine
288 1671 126 52 quam
367 1671 126 52 esse
446 1671 205 52 sensibile
604 1671 158 52 Tertio
714 1671 158 52 ordine
809 1671 189 52 adequatio-

224 1713 102 53 nis.
288 1713 115 53 Sicut
365 1713 128 53 scili.
455 1713 128 53 Poste.
544 1713 154 53 dicitur.
659 1713 102 53 quod
723 1713 141 53 propria
826 1713 128 53 passio
902 1713 90 53 primo

221 1758 148 42 inest
319 1758 197 42 subiecto
467 1758 197 42 adequato
614 1758 148 42 sicut
713 1758 164 42 habere
828 1758 131 42 tres
894 1758 98 42 angu

209 1793 125 55 los:
287 1793 140 55 prius
381 1793 140 55 inest
474 1793 218 55 triangulo.
645 1793 125 55 quam
723 1793 202 55 Isocheli.
879 1793 109 55 Qui
926 1793 62 55 et

210 1842 213 45 triangulus
377 1842 152 45 duorum
483 1842 182 45 equalium
620 1842 182 45 laterum.
757 1842 137 45 sicut
833 1842 167 45 Hysopleu-

218 1880 111 51 rus
282 1880 111 51 est
345 1880 222 51 triangulus
519 1880 238 51 equilaterus
709 1880 206 51 Similiter
852 1880 143 51 risibus

216 1924 95 57 le
264 1924 143 57 prius
359 1924 143 57 inest
454 1924 159 57 homini
565 1924 175 57 tanquam
692 1924 191 57 subiecto
819 1924 175 57 adequato.

228 1965 108 54 quam
295 1965 135 54 homini
389 1965 108 54 albo
457 1965 94 54 vel
511 1965 135 54 alicui
605 1965 175 54 indiuiduo
740 1965 162 54 scilicet
848 1965 108 54 petro.

223 2008 164 49 Secundum
346 2008 218 49 praeambulum.
524 2008 109 49 quod
592 2008 164 49 secundum
715 2008 137 49 docto.
810 2008 137 49 subti.
906 2008 82 49 in
933 2008 55 49 p.

212 2051 80 48 mo
252 2051 119 48 dist.
331 2051 106 48 iii.
397 2051 80 48 q.
437 2051 80 48 ii
477 2051 119 48 arti.
556 2051 80 48 i.
596 2051 80 48 et
636 2051 80 48 ii
676 2051 159 48 Cognitio
795 2051 186 48 diuiditur.
928 2051 66 48 Pri

213 2096 91 47 ma
258 2096 107 47 est
319 2096 183 47 actualis
456 2096 152 47 quando
563 2096 183 47 obiectum
700 2096 183 47 praesens
837 2096 122 47 actu
897 2096 107 47 conci

212 2136 160 47 pitur.
324 2136 176 47 Secunda
452 2136 112 47 est
516 2136 224 47 habitualis
691 2136 160 47 quando
787 2136 208 47 intelligens

215 2178 146 52 habet
312 2178 179 52 habitum
442 2178 114 52 quo
507 2178 162 52 potest
621 2178 162 52 statim
734 2178 97 52 in
783 2178 146 52 actum
864 2178 130 52 intell

209 2223 144 49 gendi
305 2223 144 49 exire
401 2223 112 49 cum
464 2223 207 49 voluerit.
624 2223 160 49 Tertia
736 2223 112 49 est
800 2223 192 49 cognitio
927 2223 64 49 vi

215 2269 163 43 tualis
329 2269 163 43 quando
443 2269 180 43 aliquid
574 2269 261 43 intelligitur
787 2269 98 43 in
836 2269 163 43 aliquo
934 2269 65 43 vt

221 2304 114 54 pars
292 2304 128 54 primi
377 2304 214 54 intellecti.
548 2304 100 54 non
605 2304 128 54 autem
691 2304 85 54 vt
733 2304 142 54 primum
819 2304 185 54 intellectum

219 2348 118 44 siue
293 2348 192 44 cognitum.
441 2348 133 44 sicut
529 2348 207 44 intellecto
691 2348 148 44 homine
780 2348 221 44 intelliguntur

236 2391 217 44 virtualiter
409 2391 87 44 in
453 2391 87 44 eo
497 2391 145 44 partes
598 2391 87 44 vt
642 2391 145 44 corpus
743 2391 87 44 et
787 2391 145 44 anima.
888 2391 87 44 et
917 2391 87 44 simi

219 2425 136 57 liter
310 2425 136 57 patet
401 2425 91 57 de
446 2425 121 57 toto
522 2425 212 57 vniuersali
689 2425 91 57 in
734 2425 106 57 quo
780 2425 227 57 intelliguntur

221 2470 91 49 sua
273 2470 222 49 particularia.
456 2470 78 49 et
495 2470 78 49 de
534 2470 104 49 toto
600 2470 196 49 essentiali.
756 2470 157 49 secundum
861 2470 91 49 Guil.

217 2515 71 47 ¶
245 2515 155 47 Tertium
358 2515 226 47 praeambulum.
541 2515 113 47 quod
612 2515 169 47 quelibet
739 2515 226 47 praedictarum
908 2515 99 47 cogni

222 2561 146 53 tionum
324 2561 189 53 diuiditur
470 2561 87 53 in
514 2561 175 53 riplicem
645 2561 131 53 aliam
732 2561 131 53 vicem
819 2561 87 53 in
848 2561 146 53 cognitio

216 2598 109 50 nem
279 2598 202 50 confusam.
434 2598 233 50 cognitionem
620 2598 186 50 confuse.
759 2598 93 50 et
790 2598 202 50 cognitionen

212 2640 244 53 distinctam.
407 2640 195 53 Cognitio
553 2640 179 53 confusa
683 2640 114 53 est
747 2640 162 53 quando
845 2640 146 53 aliquod

209 2683 142 46 totum
304 2683 221 46 vniuersale
477 2683 110 46 aut
541 2683 205 46 integrale
698 2683 237 46 cognoscitur
888 2683 110 46 non
935 2683 63 46 co

209 2736 178 58 gitando
338 2736 97 58 de
387 2736 195 58 partibus
533 2736 243 58 subiectiuis
727 2736 113 58 seu
776 2736 227 58 integralibus

1059 315 97 60 De
1107 315 146 60 primo
1205 315 194 60 exemplum
1350 315 146 60 sicut
1447 315 194 60 cognitio
1593 315 194 60 animalis
1739 315 97 60 in
1771 315 81 60 ge-

1065 367 122 50 nere
1141 367 122 50 sine
1217 367 122 50 suis
1294 367 214 50 speciebus.
1462 367 92 50 De
1508 367 168 50 secundo
1630 367 183 50 exemplum
1752 367 107 50 sicut

1068 408 193 58 cognitio
1213 408 145 58 domus
1309 408 113 58 non
1374 408 209 58 cogitando
1535 408 209 58 distincte
1696 408 97 58 de
1728 408 113 58 tecto

1070 455 101 49 et
1121 455 254 49 parietibus.
1324 455 118 49 Sed
1391 455 203 49 cognitio
1544 455 186 49 confuse
1679 455 118 49 est
1730 455 118 49 quan-

1058 493 100 47 do
1108 493 134 47 quid
1192 493 184 47 nominis
1326 493 150 47 solum
1426 493 251 47 cognoscitur
1627 493 150 47 sicut
1727 493 117 47 dum
1777 493 67 47 co

1054 537 171 50 gnosco
1173 537 154 50 solum
1276 537 137 50 quid
1361 537 137 50 homo
1446 537 119 50 vel
1515 537 256 50 hircoceruus
1702 537 154 50 signifi

1057 576 116 46 cat.
1130 576 116 46 vnde
1203 576 175 46 cognitio
1334 576 160 46 confuse
1450 576 160 46 differt
1567 576 73 46 a
1596 576 204 46 cognitione
1741 576 102 46 confu

1058 621 83 51 sa
1100 621 111 51 quia
1169 621 166 51 cognitio
1293 621 152 51 confusa
1404 621 166 51 attingit
1528 621 124 51 etiam
1611 621 97 51 rem
1666 621 83 51 ad
1708 621 124 51 extra
1777 621 69 51 li.

1057 662 116 45 cet
1124 662 166 45 grosso
1240 662 149 45 modo.
1339 662 116 45 Sed
1405 662 199 45 cognitio
1555 662 182 45 confuse
1687 662 149 45 solum
1770 662 83 45 no-

1065 703 107 51 men
1126 703 122 51 quid
1202 703 107 51 per
1263 703 137 51 illud
1355 703 214 51 exprimitur
1523 703 214 51 Concipitur
1690 703 137 51 autem
1767 703 76 51 vel

1056 747 218 39 cognoscitur
1231 747 189 39 distincte
1376 747 131 39 sicut
1463 747 203 39 exprimitur
1623 747 102 39 per
1667 747 174 39 diffinitio

1063 792 95 53 nem
1118 792 109 53 vtet
1186 792 122 53 primo
1267 792 190 53 physicorum
1416 792 109 53 quia
1484 792 95 53 sic
1539 792 204 53 cognoscitur
1702 792 95 53 res
1756 792 81 53 in
1783 792 68 53 se-

1057 830 121 47 ipsa
1132 830 90 47 vt
1178 830 90 47 ab
1223 830 121 47 alia
1298 830 241 47 distinguitur
1494 830 181 47 Cognitio
1630 830 151 47 itaque
1720 830 121 47 distin

1053 879 117 45 cta
1120 879 117 45 est
1187 879 167 45 quando
1304 879 167 45 partes
1420 879 117 45 seu
1487 879 234 45 integrales
1671 879 117 45 seu
1721 879 133 45 subie-

1063 917 134 48 ctiue
1152 917 104 48 vel
1212 917 148 48 potius
1316 917 238 48 constitutiue
1509 917 178 48 alicuius
1627 917 223 48 cognoscuntur.

1063 957 134 50 sicut
1153 957 164 50 dicitur
1272 957 120 50 quis
1347 957 149 50 habere
1452 957 224 50 cognitionem
1631 957 209 50 distinctam
1780 957 60 50 ho

1064 1005 143 41 minis
1159 1005 159 41 quando
1271 1005 207 41 cognoscit
1430 1005 127 41 quod
1509 1005 127 41 homo
1589 1005 111 41 est
1652 1005 159 41 animal
1748 1005 95 41 rati

1067 1048 106 50 nale
1133 1048 159 50 mortale.
1252 1048 79 50 Et
1292 1048 106 50 ista
1358 1048 159 50 cognitio
1477 1048 159 50 scilicet
1596 1048 93 50 per
1635 1048 212 50 diffinitionema

1065 1088 131 45 prima
1153 1088 102 45 est
1211 1088 87 45 in
1254 1088 145 45 ordine
1356 1088 247 45 perfectionis.
1559 1088 131 45 licet
1646 1088 102 45 sit
1689 1088 160 45 posterior

1057 1135 100 49 in
1107 1135 167 49 ordine
1225 1135 201 49 originis
1375 1135 151 49 sicut
1476 1135 201 49 Auicenna
1626 1135 100 49 in
1677 1135 117 49 sua
1727 1135 117 49 meta-

1059 1174 170 52 physica
1182 1174 154 52 dicit.
1290 1174 93 52 et
1336 1174 108 52 sic
1398 1174 139 52 patet
1491 1174 108 52 Hec
1553 1174 139 52 omnia
1645 1174 93 52 ex
1692 1174 154 52 Scoto.
1784 1174 62 52 Et

1067 1218 126 56 etiam
1151 1218 98 56 li.
1207 1218 98 56 ii.
1263 1218 98 56 vbi
1320 1218 154 56 Angeli.
1432 1218 84 56 §.
1474 1218 154 56 lxviii.
1586 1218 70 56 ¶
1614 1218 154 56 Secundo
1713 1218 140 56 principa

1069 1255 106 45 liter
1140 1255 70 45 ad
1175 1255 176 45 quaestionem
1315 1255 188 45 conclusiones
1468 1255 152 45 ponentur.
1585 1255 94 45 Pria
1644 1255 94 45 quod
1702 1255 129 45 quamuis
1784 1255 59 45 sin

1068 1299 125 52 gule
1147 1299 219 52 efficacius
1319 1299 157 52 moueat
1428 1299 141 52 primo
1522 1299 172 52 sensum.
1648 1299 141 52 tamen
1726 1299 125 52 primum

1057 1344 203 52 cognitum
1209 1344 220 52 primitate
1378 1344 203 52 originis
1530 1344 236 52 cognitione
1699 1344 135 52 actual

1055 1383 181 44 confusa
1186 1383 115 44 est
1252 1383 181 44 species
1383 1383 296 44 specialissima.
1630 1383 115 44 Nam
1680 1383 164 44 supponem

1059 1423 81 50 do
1099 1423 108 50 quod
1166 1423 148 50 singule
1274 1423 94 50 non
1328 1423 215 50 intelligitur
1503 1423 148 50 proprie
1610 1423 108 50 quia
1664 1423 175 50 intellectus

1058 1462 111 55 est
1122 1462 270 55 vniuersalium.
1344 1462 159 55 Sensus
1456 1462 127 55 vero
1535 1462 238 55 singularium
1710 1462 127 55 tertio

1059 1506 93 57 de
1105 1506 155 57 anima.
1213 1506 93 57 In
1260 1506 124 57 tota
1337 1506 139 57 autem
1430 1506 139 57 linea
1523 1506 279 57 predicamentali
1740 1506 108 57 totum

1064 1554 166 47 vltimum
1185 1554 196 47 perfectum
1336 1554 106 47 est
1396 1554 166 47 species
1517 1554 257 47 specialissima
1713 1554 136 47 formali

1062 1596 103 45 ter
1121 1596 88 45 in
1165 1596 118 45 quam
1239 1596 147 45 potest
1342 1596 221 45 intellectus
1519 1596 103 45 per
1578 1596 221 45 cognitionem
1740 1596 103 45 attin

1051 1638 135 46 gere
1135 1638 135 46 ergo
1220 1638 135 46 etc.
1304 1638 84 46 ¶
1338 1638 185 46 Secunda
1472 1638 219 46 conclusio
1641 1638 135 46 quod
1708 1638 135 46 primum

1059 1683 182 49 obiectum
1196 1683 228 49 intellectus
1378 1683 152 49 nostri
1484 1683 198 49 primitate
1621 1683 213 49 adequationis

1059 1716 104 55 est
1119 1716 104 55 ens
1178 1716 104 55 sub
1238 1716 164 55 ratione
1358 1716 134 55 entis
1447 1716 119 55 quia
1522 1716 90 55 in
1566 1716 119 55 ipso
1641 1716 194 55 concurrit
1775 1716 60 55 du

1055 1758 113 58 plex
1126 1758 170 58 primitas
1253 1758 170 58 scilicet
1381 1758 227 58 communitatis
1565 1758 85 58 ad
1607 1758 128 58 omnia
1692 1758 85 58 et
1721 1758 113 58 virtu-

1047 1804 177 47 alitatis
1180 1804 118 47 quia
1254 1804 104 47 est
1313 1804 237 47 transcendens
1506 1804 89 47 et
1550 1804 177 47 includit
1683 1804 133 47 etiam
1757 1804 74 47 ens

1061 1844 174 48 increatum
1194 1844 107 48 quod
1261 1844 94 48 est
1315 1844 107 48 deus
1382 1844 201 48 virtualiter
1543 1844 80 48 in
1583 1844 107 48 suam
1650 1844 147 48 ratione
1743 1844 94 48 essen

1056 1891 149 54 tiali.
1160 1891 74 54 ¶
1190 1891 149 54 Tertia
1294 1891 193 54 conclusio
1443 1891 119 54 quod
1517 1891 149 54 primum
1621 1891 178 54 cognitum
1740 1891 104 54 perfe

1063 1931 148 45 ctione
1167 1931 223 45 simpliciter
1345 1931 89 45 ac
1390 1931 134 45 primu
1479 1931 178 45 obiectum
1612 1931 223 45 intellectus
1776 1931 59 45 no

1048 1969 134 58 stri
1132 1969 117 58 hoc
1199 1969 134 58 modo
1283 1969 117 58 est
1350 1969 151 58 deus.
1450 1969 151 58 Ratio
1550 1969 134 58 quia
1634 1969 134 58 deus
1718 1969 117 58 est
1768 1969 67 58 ob

1050 2016 158 48 iectum
1161 2016 269 48 actualissimum
1382 2016 95 48 eo
1429 2016 126 48 quod
1508 2016 111 48 est
1571 2016 221 48 infinitus.
1745 2016 126 48 Ergo

1049 2056 126 51 eius
1128 2056 189 51 cognitio
1270 2056 110 51 est
1333 2056 237 51 simpliciter
1522 2056 237 51 perfectior.
1712 2056 95 51 Et
1743 2056 95 51 quia

1048 2105 102 45 est
1107 2105 132 45 causa
1195 2105 132 45 aliis
1282 2105 161 45 vtssint
1399 2105 161 45 cognita
1516 2105 132 45 sicut
1604 2105 88 45 et
1648 2105 132 45 causa
1721 2105 117 45 essen-

1059 2139 83 55 di
1101 2139 97 55 est
1156 2139 152 55 aliorum
1267 2139 152 55 Denique
1377 2139 125 55 etiam
1460 2139 111 55 quia
1530 2139 83 55 in
1571 2139 249 55 consideratione
1765 2139 69 55 il-

1062 2181 124 47 lius
1139 2181 217 47 substantie
1309 2181 186 47 scilicet
1448 2181 155 47 divine
1557 2181 170 47 ponitur
1665 2181 170 47 felicitas

1055 2228 94 48 per
1108 2228 241 48 philosophum.x.
1309 2228 174 48 Ethicorum
1443 2228 107 48 Ideo
1510 2228 94 48 est
1563 2228 134 48 primum
1657 2228 80 48 et
1683 2228 161 48 perfectis-

1055 2264 126 55 simum
1139 2264 167 55 cognitum
1250 2264 84 55 etc.

1084 2309 120 90 ¶
1132 2309 217 90 Utrum
1276 2309 193 90 deus
1397 2309 168 90 sit
1469 2309 361 90 notificabilis

1057 2394 82 46 et
1098 2394 178 46 effabilis
1235 2394 205 46 Respondetur
1400 2394 164 46 secundum
1523 2394 137 46 Aureo.
1619 2394 82 46 Et
1660 2394 110 46 Tho.
1728 2394 82 46 in
1756 2394 82 46 con-

1066 2437 154 39 pendio.
1178 2437 168 39 aliosque
1304 2437 112 39 quod
1374 2437 112 39 deus
1444 2437 98 39 est
1501 2437 126 39 tante
1585 2437 210 39 excellentie
1753 2437 84 39 vt
1781 2437 56 39 ni

1061 2475 92 48 hil
1113 2475 118 48 digne
1192 2475 79 48 et
1231 2475 144 48 proprie
1336 2475 79 48 et
1375 2475 210 48 sufficienter
1546 2475 131 48 possit
1637 2475 79 48 de
1677 2475 79 48 eo
1716 2475 105 48 dici
1768 2475 66 48 vel

1061 2519 144 47 effari.
1166 2519 105 47 vnde
1231 2519 105 47 Bon.
1297 2519 79 47 in
1336 2519 131 47 prius.
1428 2519 105 47 dis.
1493 2519 157 47 xxxiiii.
1611 2519 79 47 q.
1651 2519 79 47 ii
1677 2519 157 47 Augustinum

1057 2560 156 43 allegat
1170 2560 170 43 dicentem
1298 2560 99 43 sic
1355 2560 142 43 Uerius
1454 2560 99 43 est
1511 2560 113 43 deus
1582 2560 113 43 quam
1653 2560 184 43 cogitatur
1780 2560 57 43 Et

1048 2603 138 44 verius
1145 2603 179 44 cogitatur
1283 2603 110 44 quam
1352 2603 152 44 dicitur
1462 2603 97 44 Nam
1517 2603 83 44 et
1558 2603 83 44 si
1600 2603 207 44 intellectus
1751 2603 83 44 ali-

1055 2646 112 45 quo
1119 2646 128 45 modo
1199 2646 192 45 ascendat
1343 2646 96 45 ad
1391 2646 208 45 contuitum
1550 2646 272 45 simplicitatis
1758 2646 80 45 non

1051 2686 126 49 tamen
1135 2686 140 49 potest
1233 2686 98 49 hoc
1289 2686 182 49 exprimere
1429 2686 112 49 voce
1498 2686 168 49 simplici
1624 2686 98 49 sed
1666 2686 168 49 composita.

1050 2728 103 67 Hec
1109 2728 117 67 ibi.
1182 2728 88 67 Et
1226 2728 220 67 declaratur.
1403 2728 103 67 Nam
1461 2728 132 67 primo
1549 2728 88 67 de
1593 2728 103 67 deo
1652 2728 103 67 non
1696 2728 147 67 loquimur
