2256 3297
361 320 126 74 prprie
450 320 88 74 per
500 320 139 74 nomina.
601 320 101 74 quia
664 320 126 74 nomina
752 320 189 74 significant
903 320 189 74 substantiam
1054 320 88 74 cum
1092 320 63 74 qua

368 375 150 60 litate.
478 375 82 60 et
518 375 96 60 ita
573 375 191 60 compositio
723 375 218 60 intelligitur
901 375 96 60 ibi
955 375 123 60 forme
1037 375 96 60 cum
1078 375 82 60 mate

361 417 118 56 ria
429 417 118 56 que
496 417 101 56 in
547 417 118 56 deo
614 417 118 56 non
682 417 152 56 habet
783 417 152 56 locum
884 417 186 56 Secundo
1019 417 118 56 non
1070 417 84 56 pos

366 455 135 60 sumus
456 455 135 60 loqui
546 455 165 60 proprie
666 455 90 60 de
711 455 105 60 deo
772 455 105 60 per
832 455 210 60 pronomina.
997 455 120 60 quia
1057 455 90 60 illa

371 498 94 62 de
418 498 110 62 deo
481 498 141 62 dicta
575 498 157 62 cadunt
685 498 78 62 a
717 498 282 62 demonstratione
952 498 110 62 non
1015 498 126 62 enim
1078 498 78 62 po-

367 545 122 52 test
443 545 107 52 ibi
504 545 122 52 esse
580 545 244 52 demonstratio
778 545 91 52 ad
824 545 152 52 sensum
931 545 107 52 cum
992 545 107 52 sit
1037 545 107 52 incor

380 582 153 57 poreus
487 582 107 57 nec
548 582 92 57 ad
594 582 229 57 intellectum
777 582 107 57 cum
838 582 107 57 sit
884 582 260 57 incognoscibilis

375 629 146 55 scilicet
485 629 73 55 in
521 629 183 55 particulari
667 629 73 55 et
704 629 171 55 distincte.
838 629 73 55 vt
875 629 122 55 patuit
960 629 73 55 in
984 629 171 55 praecedenti-

383 666 115 59 pus.
455 666 187 59 huiusmodi
598 666 129 59 autem
685 666 187 59 pronomina
828 666 86 59 vt
871 666 129 59 dicit
958 666 201 59 Priscianus
1101 666 58 59 si

368 711 160 54 cadunt
480 711 80 54 a
512 711 303 54 demonstratione:
767 711 144 54 cassa
863 711 144 54 erunt
958 711 96 54 et
990 711 112 54 vana.

380 751 83 55 Si
422 751 138 55 dicit.
518 751 124 55 tamen
601 751 110 55 deum
669 751 220 55 demonstramus
848 751 207 55 pronomnibus
1014 751 138 55 dicit.
1096 751 69 55 cum

377 791 134 65 psalm.
470 791 107 65 ista
537 791 80 65 Tu
578 791 134 65 domine
671 791 214 65 singulariter
846 791 80 65 in
886 791 94 65 spe
940 791 214 65 constituisti
1100 791 54 65 me

372 834 82 63 Tu
413 834 109 63 deus
482 834 109 63 meus
550 834 96 63 es.
605 834 82 63 et
646 834 137 63 iterum
741 834 150 63 Dominus
851 834 109 63 ipse
919 834 123 63 fecit
1001 834 96 63 nos
1056 834 109 63 etc.
1110 834 55 63 Di

382 875 124 61 cendum
469 875 149 61 secundum
581 875 174 61 praedictos
718 875 124 61 docto.
805 875 100 61 quod
867 875 75 61 in
904 875 137 61 omnibus
1004 875 137 61 talibus
1091 875 62 61 non

388 920 105 62 est
448 920 241 62 demonstratio
644 920 90 62 ad
689 920 150 62 sensum
794 920 105 62 nec
854 920 90 62 ad
899 920 226 62 iutellectum
1065 920 90 62 pro-

376 961 112 64 prie
446 961 84 64 et
488 961 126 64 clare
572 961 112 64 nisi
642 961 168 64 confuse.
768 961 98 64 sed
823 961 98 64 est
879 961 224 64 demonstratio
1061 961 84 64 ad
1089 961 70 64 fi-

378 1009 122 50 dem.
454 1009 168 50 Denique
576 1009 107 50 non
637 1009 183 50 possumus
775 1009 92 50 de
820 1009 107 50 deo
881 1009 168 50 proprie
1003 1009 107 50 per
1049 1009 107 50 verba

380 1052 132 52 quia
462 1052 115 52 cum
528 1052 148 52 modis
626 1052 99 52 et
676 1052 164 52 formis
791 1052 164 52 agendi
906 1052 115 52 vel
972 1052 197 52 patiendi
1103 1052 66 52 et

377 1091 106 52 cum
438 1091 167 52 tempore
559 1091 122 52 sunt
635 1091 258 52 significatiua
848 1091 106 52 sed
909 1091 137 52 talia
1000 1091 106 52 non
1045 1091 122 52 cadunt

375 1127 85 57 in
417 1127 127 57 deum.
502 1127 99 57 Nec
559 1127 127 57 etiam
644 1127 99 57 per
701 1127 198 57 participia
856 1127 99 57 cum
913 1127 113 57 illa
984 1127 184 57 sequantur
1111 1127 57 57 na

378 1178 118 54 turam
456 1178 131 54 nomins
548 1178 79 54 et
587 1178 131 54 verbi.
679 1178 170 54 Similiter
810 1178 92 54 nec
862 1178 118 54 etiam
941 1178 92 54 per
993 1178 118 54 alias
1058 1178 105 54 partes

392 1209 186 58 orationis
535 1209 100 58 que
592 1209 100 58 non
650 1209 115 58 sunt
721 1209 229 58 subiicibiles
908 1209 100 58 vel
951 1209 215 58 praedicabiles

392 1259 106 56 Unde
458 1259 119 56 patet
537 1259 106 56 quod
603 1259 106 56 deus
670 1259 93 56 non
722 1259 93 56 est
775 1259 172 56 effabilis
908 1259 146 56 proprie
1013 1259 79 56 et
1053 1259 79 56 in
1080 1259 79 56 per-

374 1293 190 57 ticulari
517 1293 111 57 nec
580 1293 269 57 cognoscibilis
802 1293 143 57 clare
897 1293 111 57 sed
945 1293 190 57 semiplene.

417 1350 197 83 Utrum
548 1350 175 83 deus
658 1350 219 83 possit
811 1350 263 83 cognosci
987 1350 175 83 diffi-

394 1423 137 60 nitione
493 1423 199 60 quiditatiua.
655 1423 187 60 Respondetur
804 1423 149 60 secundum
916 1423 187 60 supradictos
1065 1423 75 60 et
1090 1423 75 60 con-

386 1463 172 58 muniter
511 1463 141 58 omnes
605 1463 156 58 docto.
715 1463 125 58 quod
793 1463 125 58 non.
871 1463 125 58 vnde
949 1463 219 58 Damascenus
1105 1463 63 58 di

380 1506 111 56 cit
444 1506 127 56 quod
523 1506 95 56 de
570 1506 111 56 deo
634 1506 143 56 scire
729 1506 206 56 possumus.
887 1506 127 56 quia
966 1506 127 56 est.
1045 1506 111 56 Sed
1093 1506 79 56 non

388 1543 120 57 quid
463 1543 120 57 est.
539 1543 136 57 Ratio
629 1543 120 57 quia
704 1543 105 57 non
764 1543 136 57 habet
855 1543 120 57 quid
930 1543 151 57 primum
1035 1543 105 57 per
1081 1543 90 57 quod

388 1584 198 61 diffiniri
540 1584 152 61 possit
647 1584 107 61 nec
708 1584 137 61 genus
799 1584 107 61 nec
860 1584 244 61 differentiam
1058 1584 107 61 cum
1104 1584 76 61 sit

392 1635 223 49 transcendens
573 1635 139 49 omnia.
671 1635 195 49 Diffinitio
824 1635 125 49 autem
907 1635 125 49 debet
991 1635 125 49 fieri
1075 1635 97 49 per
1116 1635 56 49 ge

389 1670 101 59 nus
446 1670 86 59 et
489 1670 230 59 differentiam
677 1670 115 59 etc.
749 1670 115 59 vnde
820 1670 173 59 Auicenna
950 1670 86 59 in
993 1670 101 59 sua
1036 1670 130 59 metaph.

403 1712 183 58 tractatu.
544 1712 127 58 viii.
628 1712 141 58 dicit.
727 1712 99 58 sic
783 1712 197 58 manifestum
938 1712 99 58 est
994 1712 113 58 quod
1050 1712 113 58 primus

393 1756 90 54 id
438 1756 105 54 est
498 1756 120 54 deus
573 1756 105 54 non
633 1756 135 54 habet
723 1756 135 54 genus
812 1756 105 54 nec
872 1756 210 54 quiditatem
1037 1756 105 54 nec
1082 1756 90 54 qua-

405 1805 159 43 litatem:
524 1805 93 43 nec
577 1805 212 43 quantitatem:
750 1805 93 43 nec
803 1805 106 43 vbi:
869 1805 93 43 nec
922 1805 146 43 quania:
1028 1805 93 43 nec
1068 1805 106 43 simile

400 1844 131 52 sibi.
488 1844 102 52 nec
546 1844 204 52 contrarium
706 1844 102 52 qui
764 1844 102 52 est
823 1844 204 52 altissimus
983 1844 87 52 et
1012 1844 160 52 gloriosus

400 1877 87 62 eo
444 1877 116 62 quod
517 1877 102 62 non
575 1877 131 62 habet
662 1877 261 62 diffinitionem.
880 1877 102 62 Hec
938 1877 131 62 ille.
1025 1877 116 62 Unde
1083 1877 87 62 deus

394 1923 103 57 non
453 1923 148 57 potest
557 1923 207 57 notificari
719 1923 236 57 diffinitione
911 1923 236 57 quiditatiua.
1103 1923 103 57 sed

398 1972 196 52 notificatur
554 1972 65 52 a
580 1972 143 52 sanctis
685 1972 235 52 qualitercumque
880 1972 91 52 per
932 1972 222 52 descriptionem
1102 1972 78 52 cir-

410 2004 219 60 cumlocutiuam.
590 2004 103 60 vnde
655 2004 167 60 Anselmus.
784 2004 193 60 descriptiue
938 2004 155 60 diffinit
1054 2004 129 60 dicit.
1131 2004 52 60 De

402 2048 92 56 us
448 2048 108 56 est
509 2048 154 56 summum
617 2048 138 56 bonum
709 2048 108 56 quo
771 2048 138 56 maius
863 2048 108 56 non
925 2048 154 56 potest
1017 2048 154 56 cogitari

407 2089 79 59 et
446 2089 158 59 trahitur
565 2089 92 59 ex.
618 2089 119 59 iiii.
697 2089 105 59 Phy.
762 2089 105 59 Item
828 2089 119 59 Beru.
907 2089 105 59 Quid
973 2089 92 59 est
1026 2089 105 59 deus
1092 2089 79 59 ex
1118 2089 66 59 qua

406 2136 138 54 omnia
498 2136 107 54 per
559 2136 122 54 quem
635 2136 138 54 omnia
727 2136 92 54 et
773 2136 92 54 in
819 2136 107 54 quo
880 2136 153 54 omnia.
987 2136 122 54 Item
1049 2136 122 54 Cassio

397 2176 158 55 dorus.
508 2176 126 55 Deus
587 2176 111 55 est
650 2176 158 55 virtus
761 2176 300 55 inexplicabilis.
1013 2176 158 55 pietas
1108 2176 79 55 in-

399 2218 327 49 comprehensibilis.
679 2218 202 49 Sapientia
835 2218 233 49 ineffabilis
1021 2218 140 49 cuius
1099 2218 78 49 dif

410 2264 157 46 finitio
524 2264 100 46 est
581 2264 128 46 finem
666 2264 86 46 in
709 2264 128 46 finem
795 2264 86 46 in
838 2264 157 46 sanctis
952 2264 171 46 laudibus
1080 2264 100 46 non
1123 2264 57 46 ha

412 2307 151 46 bere.
513 2307 134 46 Item
597 2307 168 46 Rayne.
714 2307 101 46 in
764 2307 168 46 summa.
881 2307 134 46 Deus
965 2307 117 46 est
1032 2307 134 46 amor
1099 2307 84 46 qui

416 2343 134 54 plus
500 2343 184 54 habitus
633 2343 134 54 plus
717 2343 167 54 placet
834 2343 150 54 cuius
934 2343 150 54 posse
1034 2343 117 54 non
1084 2343 100 54 mino

408 2390 144 51 ratur
504 2390 144 51 cuius
600 2390 128 51 esse
680 2390 112 51 non
744 2390 208 51 clauditur
905 2390 144 51 cuius
1001 2390 176 51 bonitas
1113 2390 80 51 non

409 2428 216 48 terminatur
578 2428 123 48 etc.
655 2428 123 48 Item
733 2428 93 48 in
779 2428 170 48 Compen.
902 2428 123 48 Quid
979 2428 108 48 est
1041 2428 139 48 deus.
1118 2428 62 48 vo

414 2468 154 55 luntas
521 2468 231 55 omnipotens.
706 2468 308 55 beniuolentissima
968 2468 169 55 virtus.
1076 2468 108 55 lumen

414 2518 196 44 eternum.
561 2518 294 44 incommutabilis
806 2518 163 44 ratio.
920 2518 147 44 summa
1001 2518 180 44 beatitudo

425 2559 81 47 et
466 2559 243 47 inaccessibilis
669 2559 81 47 et
710 2559 203 47 inuisibilis
872 2559 81 47 in
912 2559 95 47 se.
967 2559 95 47 sed
1021 2559 81 47 in
1061 2559 108 47 suis
1115 2559 68 47 spe

417 2598 194 48 ctabilis
562 2598 97 48 et
611 2598 146 48 summe
708 2598 210 48 mirabilis
902 2598 97 48 Ad
950 2598 129 48 idem
1031 2598 146 48 plura
1112 2598 81 48 ha-

421 2635 109 58 bes
484 2635 109 58 vbi
546 2635 140 58 Deus.
639 2635 93 58 .
685 2635 124 58 xii.
763 2635 155 58 Itemde
872 2635 311 58 cognoscibilitate
1120 2635 78 58 dei

423 2677 136 59 plura
513 2677 166 59 ibidem.
634 2677 166 59 Denique
754 2677 151 59 Arist.
860 2677 120 59 xii.
935 2677 120 59 lib.
1010 2677 166 59 Metaph.
1116 2677 75 59 di-

419 2720 97 63 cit
474 2720 110 63 quod
543 2720 110 63 deus
612 2720 97 63 est
668 2720 193 63 substantia
819 2720 193 63 incorporea
971 2720 138 63 eterna
1068 2720 83 63 et
1095 2720 97 63 actus

1209 318 234 59 purissimus
1393 318 167 59 mouens
1510 318 201 59 simplex.
1661 318 167 59 mouens
1778 318 151 59 omnia
1861 318 151 59 intelle

1209 378 148 42 ctuale
1313 378 89 42 et
1357 378 222 42 appetibile.
1535 378 133 42 causa
1624 378 163 42 finalis
1742 378 148 42 totius
1831 378 163 42 vniuersi.

1206 408 161 55 summa
1313 408 250 55 delectatio
1510 408 179 55 optima
1635 408 143 55 vita
1725 408 107 55 et
1778 408 161 55 omnio
1868 408 125 55 immu-

1214 450 175 70 cabilis.
1346 450 102 70 Hec
1390 450 102 70 ille.

1332 490 527 111 Ognoscere
1698 490 325 111 trini-

1358 581 141 50 tatem
1452 581 172 50 diuina.
1608 581 188 50 Queritur
1749 581 141 50 vtrum
1843 581 109 50 per
1890 581 109 50 crea-

1348 620 149 62 turas
1448 620 199 62 possimus
1597 620 232 62 cognoscere
1779 620 133 62 quod
1862 620 133 62 deus
1928 620 83 62 est

1211 664 140 54 trinus
1309 664 84 54 et
1351 664 126 54 vnus.
1435 664 210 54 Respondetur
1603 664 168 54 breviter
1730 664 168 54 secundum
1856 664 126 54 Rich.
1926 664 70 54 su-

1221 712 94 47 per
1274 712 121 47 primo
1355 712 121 47 dist.
1435 712 107 47 iii.
1502 712 107 47 art.
1570 712 81 47 ii
1610 712 81 47 q.
1650 712 81 47 ii
1690 712 148 47 concor.
1798 712 121 47 Alex.
1878 712 81 47 de
1905 712 94 47 ales.

1208 742 104 62 i.
1260 742 139 62 par.
1346 742 104 62 Et
1398 742 191 62 ponemus
1537 742 295 62 conclusiones.
1814 742 156 62 Prima
1901 742 104 62 con-

1211 789 142 55 clusio
1310 789 113 55 quod
1381 789 142 55 ductum
1480 789 170 55 rationis
1608 789 184 55 naturalis
1750 789 99 55 non
1806 789 170 55 possumus
1920 789 85 55 per-

1203 836 208 49 creaturas
1363 836 224 49 cognoscere
1539 836 128 49 quod
1619 836 128 49 deus
1699 836 112 49 est
1763 836 160 49 trinus
1875 836 96 49 et
1907 836 96 49 vnus

1219 876 185 50 Declaratur
1364 876 159 50 secundum
1484 876 119 50 Rich.
1563 876 93 50 sic
1616 876 106 50 quia
1682 876 79 50 vt
1722 876 172 50 Dionysius
1854 876 79 50 de
1894 876 93 50 di.
1934 876 66 50 no.

1218 914 83 52 c.
1260 914 124 52 vlti.
1343 914 138 52 dicit.
1439 914 83 52 in
1481 914 194 52 cognitonem
1633 914 97 52 dei
1688 914 207 52 tripliciter
1840 914 166 52 ascendimus

1213 957 84 51 a
1247 957 235 51 creaturis.
1465 957 151 51 Primo
1566 957 134 51 modo
1650 957 117 51 per
1717 957 235 51 ablationem
1885 957 117 51 condi

1217 996 128 63 tionum
1307 996 231 63 imperfectarum:
1500 996 154 63 reliquum
1615 996 167 63 videlicet
1743 996 103 63 quod
1808 996 90 63 est
1846 996 154 63 perfectio-

1222 1048 108 45 nis
1283 1048 108 45 deo
1345 1048 201 45 tribuere.
1499 1048 139 45 Sicut
1592 1048 170 45 exempli
1716 1048 154 45 gratia
1824 1048 108 45 cum
1870 1048 139 45 videmus

1213 1080 97 56 in
1261 1080 145 56 nobis
1358 1080 225 56 sapientiam
1535 1080 258 56 consideramus
1744 1080 97 56 in
1793 1080 145 56 nobis
1873 1080 129 56 sapien

1215 1129 100 50 tiam
1278 1129 88 50 duo
1328 1129 138 50 habere.
1429 1129 151 50 scilicet
1542 1129 100 50 quod
1605 1129 138 50 inheret
1705 1129 75 50 et
1743 1129 88 50 hoc
1793 1129 88 50 est
1831 1129 163 50 imperfectio

1209 1168 105 53 nis
1269 1168 90 53 Et
1314 1168 120 53 quod
1389 1168 195 53 illuminat
1539 1168 90 53 in
1584 1168 225 53 cognoscendo
1765 1168 90 53 et
1810 1168 105 53 hoc
1870 1168 105 53 est
1915 1168 90 53 per-

1222 1206 197 58 fectionis.
1377 1206 127 58 primo
1461 1206 169 58 dimisso.
1588 1206 169 58 secundum
1715 1206 155 58 ponimus
1828 1206 85 58 in
1870 1206 113 58 deo.
1926 1206 85 58 Item

1222 1253 162 52 videmus
1340 1253 103 52 ens
1399 1253 162 52 creatum
1517 1253 88 52 et
1561 1253 162 52 finitum
1679 1253 236 52 consideramus
1870 1253 118 52 quod
1929 1253 74 52 cre

1212 1291 110 51 atum
1281 1291 82 51 et
1322 1291 151 51 finitum
1432 1291 124 51 dicit
1514 1291 247 51 imperfectionem
1720 1291 110 51 quia
1789 1291 151 51 produci
1899 1291 82 51 de
1926 1291 69 51 non

1222 1332 114 57 esse
1293 1332 85 57 ad
1335 1332 128 57 esse.
1421 1332 213 57 Inspiciamus
1591 1332 142 57 iterum
1690 1332 114 57 quod
1761 1332 114 57 esse
1832 1332 128 57 dicit
1903 1332 114 57 perfe-

1217 1378 195 49 ctionem.
1363 1378 130 49 Ideo
1444 1378 130 49 esse
1525 1378 97 49 in
1574 1378 114 49 deo
1639 1378 179 49 ponimus
1769 1378 114 49 vel
1833 1378 114 49 ens
1882 1378 130 49 dimit-

1216 1423 129 48 tendo
1302 1423 158 48 creatum
1417 1423 86 48 et
1460 1423 172 48 finitum.
1589 1423 86 48 Et
1632 1423 115 48 ista
1704 1423 101 48 est
1762 1423 129 48 etiam
1848 1423 101 48 vna
1891 1423 115 48 regula

1222 1461 163 58 Scotica
1341 1461 118 58 quam
1414 1461 133 58 etiam
1503 1461 177 58 Auicenna
1636 1461 89 58 et
1681 1461 222 58 alphorabius
1843 1461 163 58 philosoph

1226 1504 173 47 tenent
1347 1504 104 47 Et
1399 1504 156 47 summi
1503 1504 225 47 theologi.
1677 1504 121 47 hoc
1746 1504 156 47 primo
1850 1504 139 47 modo
1919 1504 87 47 co-

1230 1533 175 70 ergoscimus
1367 1533 100 70 deum
1429 1533 100 70 esse
1492 1533 162 70 increatum
1616 1533 162 70 infinitum
1741 1533 150 70 immensum
1841 1533 162 70 perfectissi

1227 1582 135 52 mum.
1345 1582 186 52 Secundo
1481 1582 135 52 modo
1565 1582 254 52 cognoscimus
1768 1582 135 52 deum
1853 1582 118 52 per
1904 1582 101 52 cau-

1230 1621 184 61 salitatem
1371 1621 85 61 in
1414 1621 184 61 creaturis
1555 1621 85 61 et
1598 1621 184 61 effectum.
1739 1621 85 61 et
1782 1621 99 61 sic
1824 1621 184 61 cognoscimus

1234 1669 117 51 llum
1308 1669 117 51 esse
1381 1669 264 51 conseruatorem:
1601 1669 249 51 gubernatorem:
1807 1669 205 51 directorem
1953 1669 59 51 in

1230 1715 160 48 finem.
1342 1715 96 48 Et
1390 1715 160 48 iustum
1502 1715 272 48 remuneratorem
1726 1715 128 48 etc.
1838 1715 160 48 Tertio
1934 1715 80 48 mo-

1228 1750 96 60 do
1276 1750 241 60 cognoscimus
1469 1750 112 60 per
1533 1750 289 60 supereminentia
1773 1750 193 60 conditom
1902 1750 112 60 perfe

1228 1796 146 49 tarum
1325 1796 97 49 et
1374 1796 113 49 sic
1438 1796 227 49 cognouimus
1616 1796 146 49 ipsum
1714 1796 130 49 esse
1795 1796 162 49 summum
1892 1796 113 49 bonum

1221 1838 218 50 superlumen:
1396 1838 261 50 inaccessibilis
1613 1838 189 50 beatitudo
1758 1838 116 50 etc.
1831 1838 102 50 Sed
1874 1838 131 50 quoniam

1228 1884 95 46 ad
1276 1884 222 46 propositum
1450 1884 190 46 loquendo
1593 1884 143 46 nullo
1688 1884 174 46 istorum
1815 1884 174 46 modorum
1926 1884 79 46 pos

1248 1931 123 43 umus
1324 1931 215 43 cognoscere
1493 1931 107 43 hoc
1554 1931 123 43 quod
1631 1931 123 43 deus
1707 1931 107 43 sit
1769 1931 153 43 trinus
1876 1931 92 43 et
1907 1931 107 43 vnus.

1243 1963 103 58 Non
1302 1963 132 58 primo
1390 1963 132 58 modo:
1479 1963 118 58 quia
1552 1963 118 58 deum
1626 1963 206 58 cognoscere
1787 1963 147 58 trinum
1890 1963 88 58 et
1920 1963 88 58 vnum

1228 2010 106 48 non
1289 2010 106 48 est
1349 2010 213 48 cognoscere
1517 2010 106 48 per
1577 2010 228 48 ablationem.
1760 2010 106 48 Nec
1820 2010 167 48 secundo
1927 2010 91 48 modo

1239 2046 128 59 quia
1319 2046 144 59 omnia
1415 2046 112 59 que
1478 2046 192 59 dicuntur
1622 2046 96 59 de
1670 2046 112 59 deo
1734 2046 112 59 per
1798 2046 207 59 respectum
1957 2046 96 59 ad

1242 2088 199 53 creaturas
1395 2088 199 53 pertinent
1547 2088 92 53 ad
1593 2088 199 53 essentiam
1746 2088 168 53 diuinam
1868 2088 92 53 et
1914 2088 107 53 non
1960 2088 61 53 di

1232 2131 174 52 stincte
1358 2131 95 52 ad
1406 2131 189 52 personas
1548 2131 174 52 Denique
1674 2131 110 52 nec
1737 2131 158 52 tertio
1847 2131 142 52 modo:
1926 2131 95 52 quia

1244 2178 258 53 perfectiones
1454 2178 177 53 diuinas
1583 2178 145 53 licet
1679 2178 194 53 creature
1824 2178 161 53 aliquo
1921 2178 97 53 modo

1249 2215 197 58 articipent
1404 2215 127 58 tamen
1488 2215 84 58 in
1530 2215 127 58 nulla
1615 2215 169 58 creatura
1742 2215 183 58 inuenitur
1882 2215 84 58 in
1910 2215 113 58 tribus

1228 2264 205 45 suppositis
1389 2264 102 45 vna
1448 2264 175 45 essentia
1579 2264 117 45 ergo
1652 2264 117 45 deum
1726 2264 117 45 esse
1799 2264 146 45 trinum
1901 2264 88 45 et
1930 2264 88 45 vnum

1239 2304 95 54 no
1287 2304 238 54 cognoscimus
1477 2304 127 54 nisi
1557 2304 111 54 per
1620 2304 143 54 fidem
1715 2304 95 54 et
1763 2304 206 54 doctrinam
1906 2304 111 54 scri

1231 2349 136 50 pture.

1281 2390 227 84 Secunda
1446 2390 268 84 conclusio
1652 2390 165 84 quod
1756 2390 186 84 licet
1879 2390 145 84 per
1941 2390 83 84 na

1251 2459 147 50 uralem
1354 2459 176 50 rationem
1486 2459 117 50 homo
1559 2459 205 50 trinitatem
1721 2459 191 50 agnoscere
1868 2459 103 50 non
1912 2459 117 50 possit

1255 2505 137 50 ecundum
1354 2505 137 50 propria
1453 2505 186 50 personarum.
1602 2505 112 50 tamen
1677 2505 87 50 per
1726 2505 161 50 naturalem
1850 2505 149 50 rationem
1962 2505 87 50 ad

1245 2543 134 49 lutam
1334 2543 104 49 per
1394 2543 163 49 gratiam
1513 2543 104 49 aut
1572 2543 149 49 gratis
1676 2543 134 49 datam
1765 2543 104 49 aut
1825 2543 149 49 gratum
1914 2543 104 49 faci-

1247 2587 136 48 entem
1338 2587 121 48 bene
1414 2587 152 48 potest
1520 2587 106 48 Nam
1580 2587 152 48 potest
1686 2587 167 48 aliquis
1808 2587 91 48 ex
1853 2587 152 48 auditu
1944 2587 76 48 fi-

1241 2629 120 50 dei:
1316 2629 120 50 sola
1391 2629 120 50 fide
1467 2629 165 50 informi
1587 2629 105 50 que
1647 2629 105 50 est
1707 2629 105 50 gra
1767 2629 150 50 gratis
1873 2629 120 50 data
1933 2629 90 50 tri-

1240 2680 149 42 nitatem
1349 2680 176 42 agnoscere
1485 2680 109 42 etc.
1553 2680 122 42 Ratio
1634 2680 122 42 huius
1715 2680 217 42 conclusionis
1878 2680 136 42 secundum

1237 2707 155 72 Alex.
1340 2707 103 72 et
1391 2707 206 72 Bonauen.
1546 2707 137 72 Quia
1632 2707 258 72 intellectus
1838 2707 189 72 noster.
1958 2707 86 72 ob
