2247 3285
346 315 121 70 dist.
426 315 121 70 iiii.
507 315 81 70 et
547 315 94 70 se.
601 315 107 70 Quod
668 315 107 70 isti
735 315 107 70 tres
802 315 148 70 termini
909 315 121 70 deus.
990 315 81 70 et
1017 315 107 70 deitas

345 376 122 49 siue
421 376 213 49 diuinitas.
588 376 91 49 ac
634 376 152 49 diuina
741 376 198 49 essentia.
893 376 152 49 eandem
999 376 107 49 rem
1045 376 76 49 sim

349 419 211 52 plicissimam
517 419 225 52 significant.
700 419 126 52 licet
784 419 197 52 differenti
938 419 112 52 modo
995 419 140 52 secundum

338 460 223 55 diuersum
506 460 168 55 modum
618 460 298 55 intelligendi
860 460 93 55 ¶
897 460 130 55 Nam
971 460 149 55 deus
1046 460 93 55 si-

352 505 133 51 gnat
436 505 183 51 quoddam
569 505 217 51 singulare
736 505 117 51 seu
803 505 150 51 quod.
903 505 117 51 Cui
969 505 150 51 primo
1053 505 83 51 mul

359 552 78 40 ta
398 552 181 40 praedicata
540 552 181 40 conueniunt
683 552 78 40 et
722 552 142 40 secundo
825 552 142 40 diuinis
929 552 168 40 personis.
1045 552 91 40 sicut

355 586 98 49 cum
411 586 168 49 dicitur:
537 586 112 49 deus
607 586 140 49 creat.
705 586 112 49 deus
775 586 168 49 gubernat
901 586 112 49 etc.
971 586 154 49 itaquod
1069 586 70 49 in-

358 623 174 54 telligo
485 623 190 54 (inquit)
628 623 111 54 per
691 623 111 54 hoc
755 623 143 54 nomen
850 623 127 54 deus
929 623 174 54 quoddam
1040 623 95 54 Quod

347 668 214 61 adequatum
511 668 197 61 deitati:
659 668 181 61 commune
790 668 197 61 personis
938 668 181 61 tribus.
1053 668 82 61 quo

356 712 153 50 dammodo
468 712 265 50 praeintellectum
691 712 126 50 ipsis
774 712 181 50 personis.
914 712 98 50 nec
970 712 84 50 in
1012 712 112 50 isto
1067 712 84 50 con-

360 746 134 59 ceptum
454 746 188 59 includitur
601 746 296 59 incommunicabilitas
857 746 134 59 nature
951 746 94 59 seu
1005 746 121 59 ratio
1072 746 67 59 per

358 792 127 49 sone.
442 792 113 49 vnde
513 792 127 49 sicut
598 792 141 49 deitas
696 792 99 49 est
753 792 99 49 per
809 792 85 49 se
851 792 113 49 hoc:
922 792 99 49 ita
978 792 85 49 et
1006 792 99 49 deus.

356 828 162 56 Deitas
469 828 130 56 vero
551 828 162 56 signat
664 828 114 56 quo
729 828 130 56 deus
810 828 114 56 est
875 828 130 56 deus
956 828 146 56 Sicut
1038 828 97 56 enim

356 877 146 47 entitas
462 877 93 47 est
515 877 119 47 ratio
594 877 119 47 entis
673 877 185 47 subiectiua
819 877 93 47 sic
872 877 132 47 deitas
965 877 119 47 dici.
1044 877 79 47 et
1071 877 79 47 difi

362 924 141 46 ferunt
461 924 127 46 sicut
545 924 183 46 concretum
686 924 85 46 et
729 924 212 46 abstractum.
898 924 99 46 seu
955 924 127 46 sicut
1039 924 99 46 quo
1082 924 56 46 et

358 961 154 54 quod.
461 961 154 54 Sicut
564 961 137 54 enim
649 961 137 54 deus
735 961 120 54 est
804 961 223 54 adequatum
975 961 137 54 quod
1044 961 103 54 diui

347 1001 171 57 nitati.
472 1001 109 57 sic
534 1001 125 57 deus
612 1001 109 57 est
675 1001 203 57 adequatum
830 1001 125 57 quo:
908 1001 125 57 deo.
986 1001 125 57 etc.
1064 1001 78 57 ¶
1080 1001 62 57 Di

363 1047 120 50 uina
438 1047 180 50 essentia
573 1047 135 50 autem
663 1047 165 50 quamuis
784 1047 105 50 sit
844 1047 105 50 quo
904 1047 225 50 simpliciter
1069 1047 75 50 lo-

362 1093 164 47 quendo
476 1093 131 47 quia
558 1093 115 47 est
624 1093 131 47 ipsa
706 1093 180 47 deitas.
837 1093 147 47 Tamen
935 1093 98 47 in
984 1093 115 47 sua
1033 1093 115 47 vlti-

360 1133 90 50 ma
405 1133 240 50 abstractione
600 1133 225 50 considerata
781 1133 105 50 est
841 1133 210 50 tantummodo
1006 1133 120 50 ipsa
1066 1133 75 50 pro

363 1167 91 50 ut
408 1167 196 50 abstrahit
559 1167 75 50 a
589 1167 106 50 quo
650 1167 91 50 et
695 1167 136 50 quod.
786 1167 106 50 Hec
846 1167 181 50 secundum
982 1167 166 50 Scotis.
1088 1167 60 50 vi

364 1208 101 57 de.
421 1208 87 57 c.
465 1208 159 57 Diuinus
581 1208 145 57 infra.
682 1208 72 57 ¶
711 1208 116 57 Addo
783 1208 101 57 pro
841 1208 174 57 clariori
971 1208 145 57 captu.
1058 1208 87 57 quod

358 1254 141 46 sicut
452 1254 141 46 dicit
546 1254 157 46 Boeti.
656 1254 94 46 de
703 1254 235 46 Ebdomadibus
891 1254 125 46 quod
969 1254 94 46 in
1016 1254 110 46 deo
1063 1254 78 46 ide

363 1297 103 50 est
422 1297 118 50 esse
496 1297 88 50 et
540 1297 192 50 essentia.
687 1297 103 50 quo
746 1297 103 50 est
805 1297 88 50 et
849 1297 118 50 quod
923 1297 118 50 est.
997 1297 118 50 ergo
1056 1297 88 50 deus

353 1345 109 39 est
416 1345 109 39 sua
478 1345 156 39 deitas
588 1345 109 39 met
650 1345 94 39 et
697 1345 219 39 econuerso.
869 1345 109 39 Sed
931 1345 94 39 in
978 1345 203 39 creaturis

364 1384 171 45 aliter
484 1384 137 45 est.
569 1384 120 45 nam
637 1384 222 45 humanitas
808 1384 120 45 est
877 1384 120 45 quo
945 1384 137 45 homo
1030 1384 120 45 est
1082 1384 68 45 ho

355 1417 116 51 mo.
422 1417 99 51 Et
471 1417 116 51 non
538 1417 215 51 totaliter
703 1417 132 51 idem
786 1417 116 51 est
852 1417 132 51 quod
935 1417 149 51 homo.
1034 1417 116 51 Sed
1084 1417 66 51 hu

350 1459 194 55 manitas
491 1459 123 55 est
562 1459 141 55 pars
650 1459 212 55 formalis
809 1459 212 55 hominis.
968 1459 123 55 nec
1021 1459 123 55 verum

363 1495 114 55 est
428 1495 163 55 dicere
542 1495 130 55 quod
623 1495 130 55 homo
705 1495 130 55 puta
786 1495 163 55 petrus
901 1495 114 55 vel
966 1495 163 55 paulus
1064 1495 81 55 ess

363 1546 219 54 humanitas:
535 1546 94 54 et
582 1546 219 54 econuerso.
754 1546 109 54 sed
816 1546 125 54 deus
894 1546 109 54 est
957 1546 172 54 deitas.
1066 1546 78 54 er-

360 1578 88 61 go
404 1578 117 61 etc.
478 1578 88 61 Ad
522 1578 117 61 idem
595 1578 132 61 plura
683 1578 103 61 vbi
742 1578 88 61 de
786 1578 117 61 Esse
859 1578 88 61 et
903 1578 191 61 essentia.
1050 1578 88 61 et
1080 1578 73 61 vbi

354 1630 95 54 de
402 1630 111 54 quo
465 1630 111 54 est
513 1630 95 54 etc.

419 1670 114 70 ¶
465 1670 206 70 Utrum
602 1670 183 70 deum
716 1670 183 70 esse
831 1670 160 70 sit
922 1670 160 70 per
1014 1670 137 70 se
1060 1670 91 70 no

365 1723 131 58 tum.
446 1723 196 58 arguitur
593 1723 131 58 quod
675 1723 131 58 non.
757 1723 131 58 quia
839 1723 196 58 Auicenna
986 1723 147 58 primo
1067 1723 82 58 Me-

355 1769 129 54 taph.
441 1769 129 54 dicit
526 1769 114 54 deum
598 1769 114 54 esse
669 1769 100 54 non
727 1769 100 54 est
784 1769 100 54 per
841 1769 86 54 se
884 1769 143 54 notum.
984 1769 100 54 Sed
1027 1769 129 54 contra-

370 1818 103 47 est
429 1818 118 47 quia
503 1818 162 47 Boetius
620 1818 132 47 dicit
709 1818 118 47 quod
782 1818 118 47 deum
856 1818 132 47 esse.
944 1818 103 47 est
1003 1818 88 47 de
1032 1818 118 47 primis

374 1855 264 57 conceptionibus.
596 1855 83 57 Et
638 1855 194 57 Damascenus
790 1855 125 57 libro
874 1855 83 57 i.
915 1855 222 57 sententiarum
1082 1855 69 57 sua

368 1898 106 54 rum.
434 1898 80 54 c.
474 1898 80 54 i.
514 1898 133 54 dicit.
607 1898 106 54 quod
673 1898 159 54 cognitio
793 1898 173 54 existendi
925 1898 106 54 deum
992 1898 146 54 omnibus
1085 1898 66 54 na-

376 1938 189 50 turaliter
522 1938 102 50 est
580 1938 175 50 inserta.
711 1938 102 50 Sed
770 1938 160 50 quoniam
886 1938 87 50 ea
930 1938 146 50 quorum
1017 1938 131 50 noticia

378 1982 161 63 omnibus
495 1982 102 63 est
554 1982 220 63 naturaliter
730 1982 161 63 inserta
847 1982 117 63 sunt
920 1982 102 63 per
978 1982 88 63 se
1022 1982 117 63 nota
1081 1982 73 63 tan

373 2024 123 47 quam
449 2024 138 47 prima
541 2024 199 47 principia
694 2024 107 47 ex.
756 2024 107 47 ii.
817 2024 138 47 Meta.
909 2024 123 47 ergo
985 2024 123 47 etc.
1062 2024 77 47 ¶
1093 2024 92 47 Ad

372 2071 115 52 hec
437 2071 246 52 respondendo
634 2071 213 52 praemitto
798 2071 262 52 praeambulum.
1011 2071 82 52 ¶
1028 2071 131 52 Primum

368 2109 155 49 secundum
484 2109 181 49 Scotorlis.
627 2109 116 49 super
704 2109 78 49 i.
743 2109 116 49 dist.
821 2109 78 49 ii
860 2109 168 49 concordit
989 2109 116 49 Rich.
1054 2109 103 49 ibidem

373 2150 114 48 quod
444 2150 213 48 autoritates
614 2150 142 48 Boetii
714 2150 85 48 et
756 2150 185 48 Damasceni
898 2150 185 48 praedicte
1040 2150 85 48 et
1069 2150 85 48 alie

380 2192 188 55 huiusmodi
524 2192 231 55 intelligende
712 2192 116 55 sunt
784 2192 87 55 de
828 2192 202 55 cognitione
987 2192 101 55 dei
1044 2192 87 55 in
1073 2192 87 55 con-

375 2237 138 45 ceptu
467 2237 169 45 communi
589 2237 169 45 quodam.
712 2237 92 45 et
758 2237 107 45 quo
820 2237 92 45 ad
866 2237 230 45 conditiones
1034 2237 123 45 genera

375 2278 100 49 les.
438 2278 151 49 scilicet
551 2278 100 49 deum
614 2278 100 49 esse
677 2278 126 49 verum.
765 2278 126 49 bonum:
853 2278 100 49 vnum
915 2278 100 49 etc.
978 2278 100 49 quia
1041 2278 88 49 sic
1079 2278 75 49 deum

369 2324 118 47 esse
443 2324 104 47 est
502 2324 104 47 per
561 2324 89 47 se
606 2324 133 47 notum
695 2324 104 47 cum
754 2324 177 47 quilibet
887 2324 148 47 potest
976 2324 177 47 cognoscere

376 2367 87 45 eo
420 2367 116 45 quod
493 2367 218 45 naturaliter
667 2367 102 45 est
725 2367 131 45 menti
812 2367 102 45 hoc
870 2367 189 45 insertum.
1015 2367 131 45 tamen
1087 2367 73 45 de-

368 2409 81 46 um
409 2409 122 46 esse.
491 2409 149 46 proprie
599 2409 95 46 non
654 2409 95 46 est
708 2409 109 46 actu
776 2409 95 46 per
830 2409 81 46 se
871 2409 122 46 notum
952 2409 122 46 sicut
1034 2409 109 46 sunt
1088 2409 68 46 per

378 2446 105 50 se
431 2446 140 50 nota
519 2446 158 50 prima
624 2446 245 50 principia.
817 2446 140 50 puta
905 2446 140 50 omne
992 2446 158 50 totum
1080 2446 70 50 es

367 2481 151 54 maius
468 2481 117 54 sua
535 2481 167 54 parte.
652 2481 100 54 Et
702 2481 100 54 de
752 2481 201 54 quolibet
903 2481 234 54 affirmatio
1070 2481 84 54 vel

373 2533 165 43 negatio
493 2533 120 43 etc.
568 2533 150 43 quibus
673 2533 225 43 intellectus
853 2533 150 43 noster
958 2533 150 43 statim
1063 2533 90 43 de
1093 2533 60 43 no

374 2567 173 72 cessitate
507 2567 160 72 assentit
627 2567 107 72 etc.
694 2567 93 72 non
747 2567 93 72 sic
800 2567 120 72 autem
880 2567 160 72 assentit
1000 2567 133 72 statim
1080 2567 80 72 isti

383 2617 106 63 quod
449 2617 106 63 deus
502 2617 66 63 est

423 2657 205 71 Item
551 2657 154 71 ad
628 2657 359 71 questionem
884 2657 282 71 declaran-

372 2706 105 75 dam
432 2706 180 75 primitto
567 2706 180 75 secundum
702 2706 195 75 pambulum.
853 2706 120 75 Quid
928 2706 105 75 est
973 2706 195 75 propositio

1193 308 88 71 nem
1244 308 100 71 esse
1306 308 88 71 per
1357 308 75 71 se
1394 308 125 71 notam.
1482 308 75 71 Ad
1520 308 100 71 quod
1582 308 188 71 respondetur
1733 308 151 71 secundum
1833 308 151 71 Scotorlis.

1187 371 127 54 super
1272 371 85 54 i.
1314 371 99 54 di.
1370 371 99 54 ii.
1427 371 85 54 q.
1469 371 85 54 i.
1511 371 85 54 Et
1554 371 127 54 Fran.
1638 371 141 54 Mayro.
1737 371 155 54 ibidem.
1850 371 85 54 q.
1892 371 85 54 i.
1920 371 71 54 si-

1192 412 99 58 mul.
1254 412 99 58 quod
1316 412 87 58 cum
1366 412 137 58 dicitur
1465 412 174 58 propositio
1602 412 87 58 per
1651 412 75 58 se
1689 412 112 58 nota.
1763 412 75 58 li
1801 412 87 58 per
1850 412 87 58 se.
1900 412 87 58 non
1937 412 50 58 ex

1196 452 159 55 cludit
1307 452 191 55 terminos
1450 452 286 55 propositionis.
1688 452 127 55 quia
1768 452 206 55 principia
1911 452 79 55 co-

1190 492 236 48 gnoscimus
1372 492 236 48 inquantum
1554 492 218 48 terminos
1717 492 273 48 cognoscimns
1917 492 73 48 ex

1196 534 136 60 primo
1286 534 151 60 Poste.
1392 534 105 60 sed
1452 534 181 60 excludit
1587 534 196 60 quecumque
1738 534 120 60 alia
1813 534 105 60 que
1874 534 120 60 sunt
1934 534 60 60 ex

1194 575 96 59 tra
1249 575 179 59 conceptum
1387 575 193 59 terminorum
1538 575 234 59 propositionis
1731 575 96 59 per
1786 575 83 59 se
1827 575 124 59 note.
1896 575 96 59 vnde-

1184 617 133 58 prprie
1277 617 93 58 per
1330 617 80 58 se
1370 617 106 58 nota
1436 617 146 58 dicitur
1542 617 186 58 propositio
1688 617 106 58 illa
1755 617 93 58 que
1808 617 120 58 habet
1874 617 120 58 euiden-

1197 657 100 55 tem
1254 657 186 55 veritatem
1397 657 86 55 ex
1440 657 172 55 propriis
1568 657 172 55 terminis
1697 657 229 55 originaliter
1883 657 86 55 et
1912 657 71 55 non

1190 707 94 52 ex
1237 707 125 52 alia
1316 707 267 52 propositione.
1535 707 141 52 Ratio
1629 707 125 52 quia
1708 707 204 52 euidentia
1849 707 141 52 verita-

1198 748 99 50 tis
1255 748 99 50 vel
1311 748 199 50 falsitatis
1468 748 99 50 est
1524 748 185 50 perfectio
1666 748 256 50 propositionis.
1879 748 85 50 Si
1908 748 85 50 ergo

1201 792 115 46 hanc
1273 792 130 46 habet
1359 792 72 46 a
1388 792 86 46 se
1431 792 173 46 perfecte
1561 792 101 46 hoc
1618 792 130 46 habet
1705 792 86 46 et
1748 792 216 46 perseipsum.
1907 792 86 46 ergo

1205 826 92 59 est
1257 826 92 59 per
1310 826 79 59 se
1349 826 118 59 nota.
1428 826 79 59 Si
1468 826 118 59 autem
1546 826 118 59 habet
1625 826 79 59 ab
1665 826 105 59 alio
1730 826 92 59 non
1783 826 92 59 est
1835 826 92 59 per
1888 826 79 59 se
1914 826 79 59 eui-

1195 863 128 56 dens
1275 863 112 56 sed
1339 863 112 56 per
1403 863 160 56 aliud.
1515 863 128 56 ergo
1595 863 112 56 non
1659 863 112 56 per
1723 863 96 56 se
1771 863 144 56 nota.
1867 863 80 56 ¶
1883 863 128 56 Terti-

1189 910 86 57 um
1232 910 229 57 praeambulum.
1418 910 115 57 quod
1490 910 158 57 aliquam
1604 910 244 57 propositionem
1805 910 86 57 ee
1848 910 100 57 per
1905 910 86 57 se
1934 910 57 57 no

1201 950 100 56 tam
1258 950 185 56 contingit
1400 950 171 56 pluribus
1528 950 128 56 modis
1613 950 171 56 secundum
1741 950 128 56 Fran.
1826 950 142 56 supra.
1912 950 85 56 Pri-

1200 991 92 57 mo
1246 991 108 57 per
1307 991 185 57 rationem
1446 991 92 57 et
1492 991 185 57 noticiam
1631 991 246 57 abstractiuam
1831 991 92 57 ex
1861 991 139 57 euiden-

1196 1032 112 51 tia
1260 1032 225 51 terminorum
1437 1032 145 51 sicut
1533 1032 128 51 sunt
1614 1032 145 51 prima
1710 1032 209 51 principia
1871 1032 128 51 puta
1935 1032 64 51 in

1196 1077 190 49 logicam.
1339 1077 95 49 De
1386 1077 190 49 quolibet
1529 1077 222 49 affirmatio
1704 1077 111 49 vel
1767 1077 174 49 negatio
1894 1077 95 49 et
1926 1077 79 49 de-

1200 1116 165 54 nullo
1310 1116 183 54 simul.
1438 1116 146 54 Item
1529 1116 110 54 in
1584 1116 275 54 mathematica
1804 1116 146 54 Omne
1877 1116 128 54 totum

1205 1167 99 45 est
1262 1167 128 45 maius
1347 1167 142 45 parte.
1446 1167 156 45 Secundo
1559 1167 99 45 per
1616 1167 142 45 sensum
1715 1167 85 45 et
1758 1167 241 45 experientiam.
1942 1167 57 45 vt

1208 1196 110 56 est.
1277 1196 96 56 hec
1332 1196 96 56 nix
1386 1196 96 56 est
1441 1196 123 56 alba.
1523 1196 137 56 coruus
1619 1196 96 56 est
1674 1196 123 56 niger
1756 1196 82 56 et
1797 1196 192 56 huiusmodi.
1934 1196 69 56 Sed

1199 1240 141 51 tamen
1293 1240 125 51 ista
1372 1240 235 51 vniuersalis
1560 1240 141 51 omnis
1654 1240 110 51 nix
1717 1240 110 51 est
1779 1240 141 51 alba.
1874 1240 110 51 vel
1921 1240 78 51 omn

1200 1289 108 53 nis
1261 1289 154 53 coruus
1369 1289 108 53 est
1430 1289 154 53 niger.
1538 1289 108 53 non
1600 1289 108 53 est
1661 1289 108 53 per
1723 1289 92 53 se
1769 1289 123 53 nota
1846 1289 123 53 quia
1908 1289 92 53 deus

1200 1323 180 61 potest
1326 1323 252 61 conseruare
1524 1323 162 61 niuem
1633 1323 252 61 destruendo
1813 1323 198 61 albedinem

1207 1373 133 47 eius.
1296 1373 193 47 similiter
1444 1373 119 47 dici
1519 1373 148 47 coruo.
1622 1373 119 47 vnde
1696 1373 119 47 quia
1771 1373 163 47 noticia
1874 1373 119 47 illius

1209 1409 230 51 vniuersalis
1393 1409 169 51 habetur
1515 1409 107 51 per
1576 1409 245 51 inductionem.
1776 1409 123 51 ergo
1852 1409 107 51 non
1898 1409 92 51 habe

1205 1451 210 52 euidentiam
1370 1451 75 52 a
1400 1451 105 52 se.
1460 1451 150 52 Tertio
1565 1451 105 52 per
1626 1451 180 52 noticiam
1761 1451 225 52 intuitiuam.
1926 1451 75 52 si-

1207 1490 117 54 mul
1274 1490 100 54 et
1324 1490 301 54 demonstrabilem
1575 1490 150 54 atque
1675 1490 284 54 abstractiuam.
1892 1490 117 54 Sicut

1204 1534 123 49 ista
1280 1534 230 49 propositio.
1465 1534 107 49 sol
1526 1534 107 49 est
1587 1534 184 49 mobilis.
1726 1534 107 49 que
1787 1534 92 49 ad
1833 1534 154 49 sensum
1925 1534 77 49 ver

1201 1576 171 51 ficatur.
1329 1576 100 51 nec
1386 1576 100 51 est
1443 1576 228 51 inconueniens
1629 1576 114 51 quod
1700 1576 100 51 sit
1757 1576 257 51 demonstrabilis
1957 1576 57 51 in

1211 1622 199 42 scientia
1361 1622 266 42 abstractiua.
1577 1622 199 42 Arguendo
1726 1622 133 42 sic.
1809 1622 133 42 omne
1875 1622 133 42 corpus

1213 1663 188 60 sphericum
1357 1663 101 60 est
1415 1663 159 60 mobile.
1531 1663 101 60 sol
1589 1663 101 60 est
1646 1663 202 60 huiusmodi.
1806 1663 116 60 ergo
1878 1663 116 60 etc.
1936 1663 72 60 Hec

1212 1698 142 55 Fran.
1307 1698 79 55 ¶
1338 1698 173 55 Secundo
1464 1698 268 55 principaliter
1684 1698 94 55 ad
1732 1698 220 55 questionem
1889 1698 126 55 conclu

1208 1743 135 74 siones
1303 1743 163 74 ponuntur
1425 1743 163 74 secundum
1547 1743 122 74 Fran.
1628 1743 95 74 vbi
1682 1743 122 74 supra
1764 1743 81 74 et
1804 1743 190 74 Scotorlis.
1940 1743 81 74 etc.

1208 1803 120 81 ¶
1256 1803 217 81 Prima
1401 1803 313 81 conclusio
1642 1803 193 81 quod
1762 1803 193 81 deum
1858 1803 145 81 esse

1214 1869 108 54 apud
1282 1869 203 54 intellectum
1445 1869 176 54 intuitiue
1580 1869 149 54 vidente
1688 1869 95 54 est
1743 1869 95 54 per
1797 1869 81 54 se
1837 1869 135 54 notum.
1919 1869 81 54 quia

1206 1914 162 52 noticia
1324 1914 133 52 talis
1413 1914 103 52 est
1472 1914 266 52 experimentalis
1693 1914 221 52 simpliciter
1855 1914 148 52 intelle-

1215 1946 121 53 ctui
1291 1946 121 53 tali
1366 1946 121 53 apud
1442 1946 121 53 quem
1518 1946 106 53 non
1579 1946 197 53 contingit
1730 1946 182 53 dubitare
1866 1946 76 53 ¶
1882 1946 136 53 Secunda

1211 1999 177 51 conclusio
1348 1999 109 51 quod
1416 1999 205 51 intellectui
1580 1999 136 51 nostro
1675 1999 82 51 in
1716 1999 96 51 hac
1771 1999 109 51 vita
1839 1999 82 51 de
1880 1999 109 51 lege
1935 1999 68 51 com

1208 2038 116 55 muni
1280 2038 116 55 deum
1352 2038 116 55 esse
1424 2038 101 55 non
1482 2038 101 55 est
1540 2038 101 55 per
1598 2038 87 55 se
1641 2038 145 55 notum.
1743 2038 116 55 quia
1815 2038 101 55 non
1858 2038 145 55 possumus

1211 2080 126 48 deum
1290 2080 205 48 intuitiue
1448 2080 221 48 cognoscere
1621 2080 110 48 nec
1684 2080 189 48 possumus
1826 2080 142 48 scire
1905 2080 95 48 quid

1226 2121 103 48 est.
1290 2121 77 48 Ex
1329 2121 90 48 quo
1380 2121 90 48 non
1432 2121 90 48 est
1483 2121 90 48 per
1534 2121 77 48 se
1573 2121 103 48 nota
1637 2121 180 48 propositio
1778 2121 103 48 quod
1842 2121 103 48 deus
1906 2121 103 48 est.
1958 2121 51 48 Ex

1215 2165 92 50 hoc
1267 2165 105 50 enim
1333 2165 144 50 dicitur
1438 2165 131 50 aliqua
1530 2165 184 50 propositio
1674 2165 92 50 per
1727 2165 79 50 se
1766 2165 105 50 nota
1831 2165 105 50 quod
1897 2165 79 50 ex
1923 2165 79 50 pro-

1209 2207 130 53 priis
1295 2207 173 53 terminis
1424 2207 130 53 habet
1511 2207 187 53 euidentem
1655 2207 187 53 veritatem
1799 2207 86 53 eo
1842 2207 115 53 quod
1899 2207 101 53 prae-

1220 2250 154 50 dicatum
1332 2250 197 50 includitur
1487 2250 84 50 in
1529 2250 154 50 ratione
1641 2250 182 50 subiecti.
1781 2250 84 50 vt
1824 2250 112 50 homo
1894 2250 98 50 est
1936 2250 70 50 ani

1217 2286 110 46 mal.
1286 2286 110 46 quod
1354 2286 123 46 etiam
1437 2286 123 46 cadit
1519 2286 96 46 sub
1574 2286 137 46 sensu.
1670 2286 110 46 quia
1738 2286 192 46 principiis
1889 2286 96 46 nil
1930 2286 69 46 no-

1215 2329 125 46 tius
1294 2329 94 46 i.
1341 2329 157 46 Poste.
1450 2329 94 46 ea
1497 2329 125 46 ergo
1576 2329 110 46 que
1639 2329 125 46 sunt
1717 2329 110 46 per
1780 2329 94 46 se
1827 2329 125 46 nota
1889 2329 110 46 nobis

1212 2374 229 45 efficiuntur
1395 2374 153 45 statim
1502 2374 122 45 nota
1578 2374 107 45 per
1639 2374 168 45 sensum.
1761 2374 137 45 sicut
1853 2374 137 45 visis
1929 2374 61 45 to

1215 2411 80 50 to
1255 2411 80 50 et
1295 2411 120 50 parte
1375 2411 134 50 statim
1469 2411 107 50 sine
1535 2411 214 50 inquisitione
1709 2411 200 50 cognoscimus
1869 2411 107 50 quod
1923 2411 80 50 omne

1225 2453 130 50 totum
1311 2453 101 50 est
1369 2453 130 50 maius
1456 2453 101 50 sua
1514 2453 145 50 parte.
1615 2453 101 50 Sed
1673 2453 159 50 quoniam
1789 2453 159 50 termini
1890 2453 101 50 huius

1210 2497 240 55 propositionis
1407 2497 113 55 deus
1478 2497 113 55 est:
1549 2497 99 55 non
1605 2497 141 55 cadunt
1704 2497 99 55 sub
1760 2497 141 55 sensu.
1859 2497 99 55 nec
1915 2497 85 55 in
1944 2497 56 55 co

1220 2534 212 62 gnitionem
1383 2534 180 62 nostram
1513 2534 261 62 quiditatiuam
1726 2534 114 62 sed
1791 2534 196 62 indigent
1921 2534 82 62 de-

1214 2582 188 46 monstrari
1358 2582 101 46 per
1416 2582 174 46 effectus
1547 2582 87 46 ex
1590 2582 130 46 magis
1677 2582 130 46 notis
1764 2582 87 46 id
1808 2582 101 46 est
1851 2582 145 46 visibili

1215 2619 108 52 bus
1276 2619 216 52 procedendo
1446 2619 124 52 quod
1524 2619 124 52 ista
1601 2619 124 52 sunt
1678 2619 170 52 causata
1802 2619 77 52 a
1833 2619 124 52 deo.
1910 2619 124 52 ergo

1201 2670 189 52 propositio
1350 2670 108 52 illa
1418 2670 95 52 non
1472 2670 95 52 est
1526 2670 95 52 per
1580 2670 81 52 se
1621 2670 122 52 nota.
1702 2670 95 52 Hec
1756 2670 95 52 est
1810 2670 122 52 ratio
1877 2670 122 52 Auicene

1196 2703 75 77 ¶
1226 2703 150 77 Tertia
1331 2703 195 77 conclusio
1481 2703 210 77 Scotorlis.
1645 2703 120 77 quod
1720 2703 120 77 deum
1795 2703 120 77 esse
1855 2703 150 77 simplixi
