2164 3301
367 312 93 58 vel
420 312 146 58 propter
526 312 199 58 ignorantiam
684 312 185 58 cogitantis
830 312 93 58 vel
883 312 146 58 propter
989 312 159 58 defectum
1095 312 66 58 in-

370 367 198 58 tellectus
522 367 107 58 qui
583 367 183 58 ignorat.
720 367 122 58 Quid
796 367 122 58 est.
873 367 107 58 hec
933 367 91 58 ex
979 367 183 58 Bonauen.
1101 367 61 58 et

378 408 104 59 per
437 408 104 59 hec
497 408 133 59 patet
585 408 89 59 ad
630 408 192 59 argumenta
778 408 104 59 pro
837 408 89 59 et
867 408 133 59 contra-

388 441 109 74 ¶
432 441 262 74 Qualiter
629 441 219 74 potest
760 441 393 74 certitudinaliter

376 508 213 45 demonstrari
546 508 85 45 et
589 508 156 45 probari
702 508 114 45 deum
774 508 128 45 esse.
859 508 85 45 Ad
901 508 99 45 hoc
958 508 114 45 nota
1015 508 142 45 secundum

384 546 133 53 Fran.
473 546 148 53 Mayro.
576 546 133 53 super
665 546 89 53 i.
709 546 103 53 di.
769 546 103 53 ii.
828 546 89 53 q.
872 546 118 53 iii.
946 546 148 53 Silque
1035 546 118 53 Anton.

381 589 112 47 summa
455 589 124 47 parte.
542 589 74 47 i.
579 589 99 47 tie.
641 589 74 47 c.
678 589 87 47 vi.
728 589 74 47 §.
765 589 112 47 iiii.
840 589 74 47 et
877 589 87 47 se.
926 589 99 47 Quod
988 589 99 47 deum
1050 589 99 47 esse
1100 589 62 47 pro

374 635 153 47 batur
476 635 204 47 pluribus
629 635 153 47 modis
731 635 102 47 et
782 635 153 47 viis.
884 635 85 47 ¶
918 635 153 47 Primo
1020 635 136 47 modo
1088 635 68 47 mi

373 671 163 54 taphysico
499 671 150 54 scilicet
611 671 88 54 per
661 671 100 54 viam
724 671 163 54 eminentie
849 671 100 54 Dato
912 671 100 54 enim
974 671 100 54 quod
1037 671 88 54 nil
1074 671 88 54 crea-

383 722 146 46 retur
480 722 97 46 in
528 722 178 46 entibus
658 722 113 46 vel
722 722 113 46 nil
787 722 210 46 moueretur
949 722 162 46 nihilo
1046 722 113 46 minus

381 760 133 48 adhuc
470 760 177 48 secundum
602 760 162 48 ordinem
720 760 118 48 quem
794 760 192 48 reperimus
941 760 88 48 in
985 760 162 48 entibus
1088 760 74 48 que

385 798 122 52 sunt
461 798 183 52 alterius
598 798 183 52 rationis
735 798 244 52 ostenderetur
933 798 122 52 quod
1010 798 137 52 esset
1086 798 76 52 de-

379 843 199 53 uenire
519 843 120 53 ad
579 843 199 53 primum
718 843 219 53 eminens
878 843 120 53 et
938 843 199 53 summum
1057 843 100 53 omn

383 890 139 45 nium
469 890 191 45 entium.
608 890 139 45 quod
695 890 121 45 est
764 890 173 45 summum
886 890 156 45 bonum
990 890 104 45 et
1024 890 139 45 infini

382 923 118 53 tum.
456 923 88 53 Et
500 923 147 53 primum
603 923 88 53 ac
647 923 206 53 essenciale
809 923 103 53 per
868 923 88 53 se
912 923 118 53 bonn
985 923 88 53 et
1015 923 147 53 vniuersa

377 966 95 47 le.
432 966 81 47 Et
472 966 95 47 sic
526 966 135 47 Ansel.
621 966 81 47 in
662 966 149 47 monolis
770 966 149 47 nititur
879 966 149 47 probare
987 966 81 47 et
1014 966 149 47 demonstra

374 1007 94 59 re
421 1007 126 59 deum
500 1007 141 59 esse.
594 1007 126 59 dit.
673 1007 126 59 Deus
751 1007 110 59 est
814 1007 141 59 summu
909 1007 141 59 bonum
1003 1007 110 59 quo
1050 1007 110 59 maius

382 1052 191 47 excogitari
532 1052 95 47 non
587 1052 150 47 potest.
696 1052 82 47 Et
737 1052 218 47 intelligitur
914 1052 82 47 de
955 1052 191 47 maioritate
1091 1052 68 47 vir

386 1097 126 50 tuali
470 1097 98 50 non
526 1097 182 50 corporali
665 1097 84 50 In
707 1097 98 50 his
763 1097 84 50 ei
805 1097 112 50 quae
875 1097 98 50 non
931 1097 112 50 mole
1000 1097 126 50 magna
1070 1097 98 50 sunt:

387 1134 172 54 dicimus
512 1134 94 54 id
559 1134 141 54 maius
653 1134 125 54 quod
731 1134 156 54 melius
841 1134 188 54 secundum
981 1134 141 54 Augu.
1075 1134 94 54 Si
1106 1134 63 54 et

387 1176 177 50 possit
511 1176 213 50 cogitari
671 1176 160 50 maius
778 1176 160 50 summo
884 1176 160 50 bono:
991 1176 124 50 Iam
1044 1176 124 50 illud

388 1223 130 50 prius
474 1223 187 50 cogitatum
618 1223 101 50 non
676 1223 130 50 esset
762 1223 144 50 summum
863 1223 86 50 Et
906 1223 115 50 quia
978 1223 173 50 repuagrt
1093 1223 72 50 sum

399 1258 84 47 mo
441 1258 112 47 fore
511 1258 126 47 maius
595 1258 168 47 aliquid:
722 1258 112 47 ergo
792 1258 98 47 per
848 1258 84 47 se
890 1258 126 47 notum
974 1258 98 47 est
1031 1258 112 47 deum
1087 1258 84 47 esse

388 1301 169 69 summum.
511 1301 108 69 Nam
572 1301 231 69 quanicunque
757 1301 200 69 oppositum
911 1301 215 69 praedicati
1064 1301 108 69 repu-

376 1342 115 59 gnat
447 1342 172 59 subiecto
576 1342 100 59 est
633 1342 200 59 propositio
791 1342 100 59 per
848 1342 86 59 se
891 1342 129 59 nota.
977 1342 100 59 hec
1020 1342 100 59 Fran-

423 1375 160 62 Secundo
540 1375 116 62 modo
612 1375 247 62 philosophico.
815 1375 102 62 per
873 1375 116 62 viam
946 1375 189 62 mundialis
1076 1375 102 62 crea-

387 1429 116 47 ture
460 1429 102 47 vel
518 1429 160 47 nature.
634 1429 87 47 Et
678 1429 102 47 hoc
736 1429 174 47 secundum
866 1429 87 47 e.
910 1429 131 47 Fran.
997 1429 87 47 ac
1026 1429 145 47 Bonauen.

390 1467 113 51 super
466 1467 75 51 i.
503 1467 113 51 dist.
579 1467 113 51 viii.
654 1467 113 51 arti.
729 1467 75 51 i.
767 1467 75 51 q.
804 1467 75 51 ii
842 1467 100 51 sic.
905 1467 113 51 Nulla
980 1467 150 51 creatura
1093 1467 88 51 fit
1130 1467 38 51 a

383 1513 135 49 seipsa
478 1513 95 49 sed
532 1513 81 49 ab
573 1513 135 49 aliquo
668 1513 108 49 alio
735 1513 122 49 habet
816 1513 108 49 esse
884 1513 81 49 et
925 1513 189 49 participat
1060 1513 108 49 boni.-

388 1548 136 51 tatem.
484 1548 82 51 Et
525 1548 123 51 illud
606 1548 136 51 iterum
702 1548 82 51 ab
743 1548 123 51 alio:
824 1548 82 51 et
865 1548 95 51 sic
920 1548 232 51 consequentur.
1097 1548 68 51 Se-

382 1595 100 50 non
439 1595 100 50 est
496 1595 185 50 processus
638 1595 86 50 in
681 1595 185 50 infinitum
824 1595 86 50 in
867 1595 143 50 causis
952 1595 214 50 efficientibus

390 1639 81 47 vt
430 1639 121 47 patet
511 1639 94 47 per
564 1639 215 47 philosophum.
739 1639 94 47 ii.
793 1639 161 47 metaphy.
914 1639 81 47 et
954 1639 148 47 Auicen.
1061 1639 108 47 vii.
1115 1639 54 47 me

394 1679 139 50 taphy.
492 1679 84 50 c.
533 1679 84 50 i.
575 1679 97 50 Nec
631 1679 139 50 potest
728 1679 111 50 esse
798 1679 167 50 circulus
923 1679 84 50 in
965 1679 139 50 causis
1063 1679 84 50 ex
1090 1679 84 50 pri-

387 1716 96 50 mo
435 1716 256 50 posteriorum.
643 1716 176 50 oportet
771 1716 128 50 ergo
850 1716 192 50 deuenire
994 1716 96 50 ad
1026 1716 144 50 aliquam

390 1758 139 50 causam
487 1758 111 50 vnam
557 1758 70 50 a
585 1758 97 50 qua
640 1758 125 50 omnia
724 1758 139 50 habent
821 1758 111 50 esse
891 1758 83 50 et
933 1758 195 50 bonitatem.
1086 1758 83 50 Et
1113 1758 70 50 il-

392 1803 102 51 la
443 1803 119 51 est
511 1803 136 51 deus
596 1803 187 51 Amplius
732 1803 102 51 ex
783 1803 255 51 creaturarum
971 1803 204 51 magnitudie

394 1843 108 56 puta
461 1843 108 56 celi
528 1843 81 56 et
568 1843 121 56 terre
649 1843 81 56 ac
690 1843 121 56 earum
770 1843 161 56 perpetua
891 1843 202 56 stabilitate
1039 1843 135 56 probatur

391 1895 113 42 deus
462 1895 113 42 esse
532 1895 170 42 virtutis
660 1895 85 42 et
702 1895 141 42 ptatis
801 1895 127 42 summe
886 1895 85 42 et
928 1895 184 42 infinite.
1070 1895 85 42 Ex
1098 1895 71 42 cri

394 1935 172 48 aturarum
523 1935 129 48 autem
609 1935 215 48 multitudine
781 1935 86 48 et
824 1935 143 48 ordine
924 1935 172 48 probatur
1039 1935 129 48 magnitu

391 1970 92 54 do
437 1970 200 54 sapientie
590 1970 169 54 diuine.
713 1970 92 54 Ex
759 1970 138 54 earum
851 1970 261 54 pulcritudine:
1051 1970 123 54 bonita

398 2018 89 42 te.
449 2018 166 42 suauitate
577 2018 76 42 et
615 2018 204 42 perfectione:
780 2018 166 42 infinitas
908 2018 204 42 perfectionis
1060 2018 115 42 diuine:

393 2052 117 68 quia
466 2052 131 68 omnis
554 2052 146 68 virtus
656 2052 87 68 et
699 2052 160 68 bonitas
816 2052 87 68 in
860 2052 175 68 effectu:
991 2052 175 68 nobilius
1107 2052 73 68 est

387 2095 93 55 in
433 2095 108 55 sua
495 2095 139 55 causa
587 2095 124 55 ergo
649 2095 93 55 etc.

411 2127 121 77 ¶
459 2127 242 77 Tertio
628 2127 193 77 modo
749 2127 266 77 physico
918 2127 242 77 etethice

392 2198 88 56 per
443 2198 101 56 viam
506 2198 189 56 conditionis
657 2198 176 56 rationalis
796 2198 126 56 anime.
884 2198 88 56 Nam
934 2198 113 56 omnis
1010 2198 113 56 anima
1073 2198 101 56 ratio-

400 2247 122 47 nalis
482 2247 136 47 sentit
577 2247 82 47 in
618 2247 82 47 se
659 2247 109 47 ista
727 2247 109 47 tria
795 2247 177 47 desideria
930 2247 204 47 naturaliter
1080 2247 95 47 inser

407 2285 77 42 ta
446 2285 154 42 scilicet
561 2285 128 42 scire:
651 2285 77 42 et
690 2285 116 42 bonum
767 2285 167 42 appetere.
895 2285 77 42 Et
934 2285 154 42 quietari
1050 2285 77 42 in
1075 2285 103 42 vltimo

395 2327 125 52 fine.
479 2327 70 52 ¶
506 2327 111 52 Prio
576 2327 125 52 inqua
659 2327 139 52 scire:
757 2327 111 52 quia
826 2327 83 52 i.
868 2327 153 52 metaph.
979 2327 125 52 omnes
1049 2327 125 52 homines

390 2369 221 52 naturaliter
567 2369 133 52 scire
656 2369 221 52 desiderant.
833 2369 89 52 Et
877 2369 192 52 experimur
1025 2369 118 52 quod
1084 2369 103 52 quan-

397 2410 93 54 to
444 2410 124 54 quis
522 2410 140 54 nouit
615 2410 140 54 plura
708 2410 140 54 tanto
801 2410 202 54 desiderat
957 2410 140 54 scire
1034 2410 140 54 amplio-

399 2454 102 48 ra:
458 2454 131 48 teste
545 2454 131 48 eccs.
632 2454 87 48 i.
676 2454 102 48 Non
734 2454 174 48 satiatur
864 2454 145 48 oculus
966 2454 116 48 visu
1039 2454 102 48 nec
1082 2454 102 48 auris

397 2491 181 54 auditu.
528 2491 82 54 ¶
561 2491 198 54 Secundo.
709 2491 148 54 bonum
808 2491 198 54 appetere
973 2491 148 54 malum
1055 2491 132 54 refuge

403 2543 88 47 re.
454 2543 88 47 Nam
504 2543 75 47 i.
541 2543 138 47 Ethico.
641 2543 138 47 dicitur
742 2543 100 47 quod
804 2543 113 47 bonum
879 2543 88 47 est
930 2543 100 47 quod
992 2543 113 47 omnia
1055 2543 125 47 appetunt

397 2580 85 48 Et
439 2580 99 48 hoc
496 2580 113 48 adeo
566 2580 113 48 quod
636 2580 155 48 numquam
749 2580 155 48 conscia
862 2580 127 48 teste
946 2580 113 48 quis
1017 2580 127 48 velit
1087 2580 99 48 malum

395 2628 206 43 naturaliter:
562 2628 142 43 quoniam
665 2628 142 43 Boetius
768 2628 77 43 de
807 2628 142 43 consol.
910 2628 116 43 dicit
987 2628 103 43 quod
1038 2628 142 43 vnicuique

406 2662 134 43 menti
495 2662 223 43 naturaliter
674 2662 164 43 inserta
793 2662 104 43 est
853 2662 119 43 veri
927 2662 179 43 summique
1061 2662 119 43 boni
1120 2662 60 43 cu

387 2701 186 69 piditas.
526 2701 171 69 Proinde
650 2701 155 69 seneca
759 2701 109 69 ait
821 2701 93 69 Si
867 2701 155 69 scirem
976 2701 171 69 homines
1084 2701 93 69 igra

1199 296 142 66 turos
1294 296 95 66 et
1341 296 126 66 deos
1420 296 221 66 igscituros
1594 296 142 66 adhuc
1689 296 158 66 nollem
1800 296 174 66 peccare
1910 296 95 66 etc.

1234 362 78 57 ¶
1266 362 157 57 Tertio
1376 362 126 57 pace
1454 362 157 57 habere
1564 362 110 57 vel
1627 362 188 57 quietari
1768 362 94 57 in
1799 362 204 57 affectione.

1212 399 88 51 Et
1256 399 103 51 hoc
1315 399 88 51 in
1360 399 147 51 tantum
1463 399 177 51 insertum
1595 399 103 51 est
1654 399 133 51 menti
1743 399 147 51 humane
1846 399 118 51 quod
1905 399 88 51 num-

1216 439 107 55 quam
1283 439 134 55 potest
1376 439 174 55 quiescere
1510 439 161 55 plenarie
1631 439 107 55 nisi
1698 439 80 55 in
1738 439 107 55 deo.
1805 439 107 55 vnde
1872 439 107 55 Aug.
1926 439 80 55 lib.

1216 481 150 58 confes.
1326 481 150 58 Fecisti
1435 481 136 58 domine
1530 481 96 58 cor
1585 481 109 58 meum
1653 481 82 58 ad
1694 481 96 58 te.
1748 481 82 58 Et
1789 481 109 58 ideo
1844 481 150 58 inquietum

1223 523 102 57 est
1282 523 131 57 donec
1369 523 190 57 perueniat
1515 523 87 57 ad
1559 523 102 57 te.
1617 523 102 57 hec
1675 523 117 57 Aug.
1748 523 102 57 Sed
1807 523 160 57 quoniam
1909 523 87 57 deus

1226 565 79 58 et
1265 565 131 58 natura
1357 565 92 58 nil
1410 565 144 58 faciunt
1515 565 157 58 frustra:
1633 565 79 58 vt
1672 565 144 58 dicitur
1777 565 118 58 primo
1856 565 118 58 celi:
1921 565 79 58 opor

1215 613 105 46 tet
1275 613 120 46 ergo
1350 613 120 46 quod
1425 613 105 46 sit
1485 613 150 46 aliqua
1590 613 135 46 prima
1681 613 90 46 et
1726 613 135 46 summa
1816 613 165 46 veritas
1921 613 90 46 quam

1223 654 131 48 cire
1305 654 213 48 desiderat
1468 654 147 48 anima
1567 654 213 48 finaliter
1730 654 98 48 et
1780 654 147 48 summa
1862 654 147 48 bonitas

1229 696 104 53 quam
1294 696 143 53 appetit
1398 696 117 53 super
1476 696 104 53 omne
1541 696 78 53 id
1580 696 91 53 est
1631 696 117 53 deus.
1709 696 78 53 vt
1748 696 78 53 in
1787 696 104 53 ista
1852 696 156 53 veritate
1956 696 52 53 ad

1217 728 174 60 bonitate
1347 728 188 60 finaliter
1491 728 188 60 quietetur
1636 728 145 60 noster
1737 728 217 60 intellectus
1911 728 87 60 et
1940 728 72 60 af-

1221 774 149 58 fectus
1325 774 134 58 alias
1415 774 209 58 desiderium
1579 774 179 58 naturale
1713 774 134 58 esset
1802 774 179 58 frustra.
1922 774 89 58 Quod

1224 822 118 46 enim
1298 822 148 46 omnino
1402 822 133 46 nihil
1491 822 104 46 est
1550 822 104 46 hoc
1609 822 148 46 appeti
1713 822 222 46 naturaliter
1891 822 104 46 vel
1935 822 74 46 ama

1223 856 78 55 ri
1262 856 91 55 non
1314 856 144 55 potest.
1419 856 157 55 Exemplum
1536 856 78 55 si
1575 856 91 55 sit
1628 856 144 55 aliquis
1732 856 65 55 a
1758 856 157 55 puericia
1875 856 131 55 semper
1954 856 52 55 in

1220 896 156 64 firmus
1330 896 109 64 qui
1392 896 156 64 nunque
1502 896 141 64 nouit
1595 896 219 64 sanitatem.
1767 896 94 64 Si
1798 896 219 64 interrogetur

1221 946 109 50 quid
1289 946 163 50 optaret.
1412 946 204 50 responderet
1575 946 109 50 quod
1643 946 150 50 optaret
1752 946 163 50 liberari
1875 946 82 50 ab
1902 946 109 50 infir-

1225 985 150 54 mitate.
1334 985 82 54 et
1375 985 95 54 per
1430 985 191 54 consequens
1579 985 136 54 credit
1675 985 109 54 esse
1743 985 177 54 sanitatem
1879 985 123 54 licet
1947 985 68 54 eam

1217 1024 174 59 nunquam
1344 1024 158 59 nouit.
1455 1024 111 59 Sic
1518 1024 127 59 homo
1597 1024 158 59 semper
1708 1024 143 59 optat
1803 1024 158 59 summum
1898 1024 111 59 bonum

1231 1062 111 65 quo
1295 1062 159 65 adepto
1406 1062 111 65 nil
1469 1062 174 65 amplius
1596 1062 238 65 desideraret
1786 1062 174 65 quamuis
1897 1062 111 65 illud

1231 1106 138 57 ummum
1322 1106 138 57 bonum
1414 1106 92 57 in
1460 1106 184 57 speciali
1598 1106 107 57 non
1659 1106 168 57 nouerit
1781 1106 138 57 tamen
1858 1106 168 57 naturali-

1225 1151 97 49 ter
1280 1151 193 49 desiderat.
1432 1151 83 49 et
1474 1151 97 49 sic
1529 1151 207 49 praesuponit
1694 1151 110 49 esse
1749 1151 97 49 deum.

1276 1212 131 68 ¶
1328 1212 263 68 Quarto
1512 1212 210 68 deum
1644 1212 210 68 esse
1749 1212 263 68 probatur

1229 1279 111 50 modo
1299 1279 153 50 logico.
1410 1279 97 50 per
1466 1279 111 50 viam
1535 1279 181 50 veritatis
1674 1279 209 50 enunciatiue
1841 1279 167 50 secundum
1952 1279 56 50 Be

1229 1322 134 49 nauen.
1322 1322 94 49 vbi
1376 1322 134 49 supra.
1469 1322 107 49 quia
1536 1322 120 49 omnis
1616 1322 187 49 propositio
1763 1322 200 49 affirmatiua
1923 1322 80 49 et
1950 1322 67 49 ne-

1227 1362 155 51 gatiua
1335 1362 93 51 et
1381 1362 139 51 omnis
1474 1362 139 51 sermo
1567 1362 232 51 enuciatiuus
1752 1362 155 51 probat
1860 1362 124 51 deum
1922 1362 93 51 esse

1224 1406 76 50 ¶
1254 1406 213 50 Declaratur
1421 1406 137 50 primo
1513 1406 91 50 de
1558 1406 228 50 affirmatiua
1740 1406 243 50 enunciatione
1923 1406 91 50 quia

1238 1441 119 56 omnis
1317 1441 186 56 affirmatio
1463 1441 119 56 ponit
1543 1441 133 56 semper
1636 1441 146 56 aliquid
1742 1441 80 56 de
1781 1441 146 56 aliquo.
1887 1441 80 56 Et
1927 1441 93 56 hoc
1967 1441 53 56 vl

1239 1483 99 51 vere
1300 1483 124 51 ponit.
1387 1483 74 51 vt
1424 1483 87 51 cum
1474 1483 136 51 dicitur
1572 1483 99 51 homo
1634 1483 87 51 est
1684 1483 124 51 animal
1770 1483 74 51 et
1807 1483 161 51 huiusmodi
1931 1483 87 51 vel
1968 1483 62 51 fal

1242 1528 72 52 se
1278 1528 72 52 vt
1314 1528 84 52 cum
1363 1528 145 52 dicitur.
1471 1528 97 52 homo
1531 1528 84 52 est
1580 1528 121 52 asinus
1664 1528 72 52 et
1700 1528 169 52 huiusmodi.
1833 1528 72 52 Si
1869 1528 121 52 itaque
1942 1528 84 52 ponit

1240 1572 125 42 vere:
1323 1572 111 42 illo
1393 1572 139 42 posito
1490 1572 153 42 ponitur
1601 1572 125 42 verum
1684 1572 125 42 esse.
1767 1572 83 42 et
1809 1572 111 42 vero
1878 1572 139 42 posito
1962 1572 55 42 po

1244 1613 100 45 nitur
1310 1613 100 45 summa
1377 1613 122 45 veritas
1465 1613 88 45 quae
1520 1613 77 45 est
1565 1613 100 45 causa
1631 1613 100 45 omnis
1697 1613 100 45 veri.
1764 1613 88 45 vnde
1819 1613 100 45 Anss.
1885 1613 100 45 libro
1952 1613 66 45 de
1985 1613 66 45 ve

1230 1656 146 49 ritate
1333 1656 131 49 dicit
1420 1656 117 49 quod
1493 1656 131 49 omnia
1581 1656 117 49 sunt
1654 1656 117 49 vera
1727 1656 131 49 prima
1814 1656 117 49 veri
1887 1656 117 49 tate
1945 1656 88 49 quia

1231 1703 149 42 nulla
1331 1703 182 42 veritas
1463 1703 165 42 creata
1578 1703 116 42 est
1644 1703 132 42 vera
1727 1703 116 42 per
1793 1703 215 42 essentiam
1941 1703 83 42 sed

1238 1736 88 49 per
1289 1736 238 49 participationem
1489 1736 113 49 prime
1565 1736 176 49 veritatis.
1703 1736 75 49 et
1740 1736 88 49 sic
1791 1736 113 49 omnis
1866 1736 151 49 vertitas
1966 1736 63 49 as-

1235 1778 128 47 serit
1320 1778 142 47 primam
1420 1778 185 47 veritatem
1562 1778 114 47 esse
1633 1778 71 47 a
1662 1778 100 47 qua
1719 1778 199 47 participat
1875 1778 114 47 esse
1932 1778 100 47 verum

1243 1823 157 47 Denique
1357 1823 86 47 si
1400 1823 200 47 affirmatio
1556 1823 128 47 ponit
1642 1823 157 47 aliquid
1756 1823 86 47 de
1799 1823 143 47 aliquo
1899 1823 128 47 false
1970 1823 57 47 vt

1239 1862 179 43 dicendo
1369 1862 130 43 homo
1450 1862 114 43 est
1515 1862 179 43 asinus.
1645 1862 130 43 tunc
1726 1862 163 43 nihilo
1840 1862 146 43 minus
1921 1862 114 43 adhuc

1239 1903 182 59 praesuponit
1384 1903 170 59 veritatem.
1518 1903 97 59 quia
1578 1903 158 59 sequitur.
1700 1903 85 59 est
1748 1903 109 59 falsa
1821 1903 170 59 propositio
1942 1903 85 59 ista.

1234 1948 110 49 ergo
1303 1948 124 49 verum
1386 1948 96 49 est
1441 1948 138 49 dicere
1537 1948 124 49 ipsam
1619 1948 110 49 esse
1688 1948 151 49 falsam.
1798 1948 83 49 Et
1839 1948 96 49 sic
1894 1948 138 49 posita
1977 1948 55 49 ta

1238 1982 69 57 li
1272 1982 137 57 veritate
1375 1982 137 57 infertur
1478 1982 114 57 primam
1558 1982 149 57 veritatem
1672 1982 91 57 esse
1729 1982 69 57 vt
1763 1982 114 57 prius.
1843 1982 91 57 ergo
1900 1982 103 57 patet
1957 1982 69 57 pro-

1234 2024 168 57 positum.
1360 2024 70 57 ¶
1388 2024 154 57 Secundo
1500 2024 126 57 patet
1584 2024 84 57 de
1626 2024 168 57 negatiua
1753 2024 224 57 enunciatione
1921 2024 98 57 quoia

1247 2072 130 48 pinis
1333 2072 158 48 negatio
1448 2072 130 48 ponit
1535 2072 144 48 primam
1635 2072 187 48 veritatem
1779 2072 130 48 esse.
1866 2072 101 48 Nam
1909 2072 115 48 nullus

1236 2109 142 55 sermo
1331 2109 110 55 est
1394 2109 142 55 magis
1488 2109 205 55 negatiuus
1646 2109 205 55 veritatis
1803 2109 126 55 quam
1882 2109 142 55 iste.
1960 2109 79 55 Nul

1236 2151 88 52 la
1280 2151 103 52 est
1339 2151 176 52 veritas.
1471 2151 103 52 Sed
1530 2151 88 52 vt
1574 2151 132 52 Augu.
1662 2151 147 52 solil.
1765 2151 103 52 li.
1823 2151 147 52 probat
1911 2151 103 52 sermo

1236 2196 105 54 iste
1302 2196 132 54 probat
1394 2196 79 54 et
1434 2196 119 54 ponit
1513 2196 132 54 primam
1605 2196 145 54 aliquam
1711 2196 171 54 veritatem
1842 2196 119 54 esse.
1922 2196 105 54 quia
1974 2196 53 54 si

1242 2237 120 49 nulla
1321 2237 146 49 veritas
1428 2237 106 49 est.
1494 2237 106 49 ergo
1561 2237 120 49 verum
1641 2237 93 49 est
1694 2237 146 49 dicere.
1800 2237 133 49 nullam
1880 2237 146 49 veritatem

1239 2287 109 45 esse.
1312 2287 97 45 Etsi
1373 2287 85 45 hoc
1421 2287 85 45 est
1470 2287 109 45 verum
1543 2287 134 45 dicere.
1640 2287 146 45 sequitur
1749 2287 97 45 quod
1810 2287 134 45 aliquid
1907 2287 85 45 est
1944 2287 85 45 verum

1238 2322 66 48 et
1271 2322 77 48 sic
1315 2322 77 48 per
1359 2322 154 48 consequens
1480 2322 110 48 aliqua
1557 2322 121 48 veritas
1645 2322 88 48 est.
1699 2322 66 48 Et
1732 2322 88 48 quia
1787 2322 99 48 omnis
1853 2322 121 48 veritas
1930 2322 110 48 partici-

1235 2366 92 50 pat
1288 2366 171 50 veritatem
1419 2366 132 50 primam
1512 2366 66 50 a
1538 2366 92 50 qua
1591 2366 171 50 causatur.
1723 2366 105 50 ergo
1789 2366 119 50 prima
1868 2366 145 50 veritas
1960 2366 66 50 est

1242 2398 90 59 vt
1287 2398 135 59 patet
1377 2398 90 59 ex
1422 2398 165 59 dictis.
1541 2398 105 59 Hec
1601 2398 90 59 ex
1646 2398 135 59 Bona.
1736 2398 224 59 sufficiant.
1915 2398 75 59 ¶
1930 2398 90 59 Qui-

1240 2447 82 50 to
1281 2447 164 50 probatur
1404 2447 109 50 modo
1472 2447 205 50 theologico.
1636 2447 164 50 scilicet
1759 2447 96 50 per
1814 2447 109 50 viam
1882 2447 123 50 sacre
1950 2447 82 50 scri

1241 2498 143 43 pture
1336 2498 95 43 et
1384 2498 143 43 fidei
1480 2498 223 43 catholice.
1654 2498 111 43 Nam
1718 2498 143 43 omnis
1813 2498 207 43 scriptura
1956 2498 64 43 ve

1238 2533 140 52 teris
1332 2533 93 52 et
1379 2533 125 52 noui
1456 2533 218 52 testamenti
1628 2533 125 52 deum
1706 2533 171 52 clamat.
1830 2533 93 52 Et
1861 2533 156 52 catholi-

1243 2573 83 50 ca
1285 2573 125 50 fides
1368 2573 83 50 ac
1409 2573 208 50 vniuersalis
1575 2573 180 50 sanctorum
1714 2573 166 50 iusticia
1824 2573 194 50 protestatur.

1238 2619 143 46 etiam
1334 2619 143 46 morti
1429 2619 96 46 se
1477 2619 207 46 exponendo
1636 2619 111 46 pro
1700 2619 111 46 deo
1763 2619 96 46 vt
1811 2619 143 46 patet
1907 2619 96 46 in
1938 2619 80 46 mar

1236 2662 179 49 tyribus
1366 2662 81 49 ¶
1399 2662 163 49 Sexto.
1513 2662 130 49 modo
1594 2662 163 49 legali
1708 2662 98 49 et
1757 2662 212 49 iuridico.
1920 2662 98 49 vt
1953 2662 65 49 pa

1229 2692 110 74 tet
1292 2692 94 74 de
1339 2692 141 74 summa
1433 2692 204 74 trinitate
1590 2692 94 74 et
1638 2692 126 74 fide
1716 2692 220 74 catholica.
1889 2692 79 74 ¶
1904 2692 126 74 Septio
