2243 3280
382 309 176 61 analogia
514 309 206 61 formaliter
676 309 206 61 repugnant.
837 309 103 61 cum
896 309 176 61 analogia
1028 309 132 61 dicit
1102 309 73 61 plu

392 370 169 45 ralitate
519 370 85 45 et
561 370 169 45 rationem
688 370 155 45 prioris
801 370 85 45 et
843 370 226 45 posterioris.
1013 370 155 45 vniuocato

398 403 106 54 vero
464 403 132 54 realis
557 403 119 54 dicit
636 403 106 54 vnum
702 403 212 54 simpliciter.
874 403 106 54 ergo
940 403 93 54 non
993 403 106 54 sunt
1046 403 119 54 compos-

383 448 172 45 sibiles
508 448 172 45 Proinde
633 448 109 45 non
696 448 109 45 est
759 448 188 45 dicendum
899 448 125 45 quod
977 448 125 45 deus
1056 448 94 45 et
1087 448 78 45 cre

384 492 135 54 atura
474 492 210 54 conuenunit
639 492 90 54 in
684 492 120 54 ente
759 492 180 54 realiter
893 492 135 54 Ratio
983 492 120 54 quia
1043 492 120 54 impos-

385 536 138 43 sibile
482 536 96 43 est
537 536 138 43 eandem
633 536 179 43 entitatem
770 536 110 43 esse
839 536 206 43 necessariam
1004 536 83 43 et
1032 536 138 43 continge

381 570 122 49 tem.
457 570 107 49 Sed
518 570 183 49 quicquid
656 570 107 49 est
717 570 92 49 in
763 570 107 49 deo
824 570 107 49 est
885 570 244 49 necessarium:
1068 570 92 49 quic

380 618 111 50 quid
449 618 125 50 autem
532 618 97 50 est
588 618 83 50 in
629 618 166 50 creatura
754 618 97 50 est
809 618 194 50 contingens
961 618 111 50 ergo
1031 618 111 50 etc.
1100 618 97 50 Sed

376 654 87 54 si
419 654 159 54 ponatur
535 654 202 54 vniuocatio
694 654 130 54 entis
781 654 174 54 secundum
911 654 130 54 modum
983 654 188 54 concipiendi

378 698 135 57 sicut
468 698 150 57 ponunt
573 698 180 57 Scotiste
708 698 105 57 sic
768 698 150 57 potest
872 698 135 57 stare
962 698 105 57 cum
1007 698 150 57 analogia

378 739 95 62 Ut
426 739 174 62 patebit
552 739 95 62 in
584 739 221 62 sequentibus;

424 782 117 68 ¶
470 782 235 68 Qualis
635 782 164 68 est
729 782 188 68 ergo
846 782 211 68 entis
963 782 188 68 vniuo-

388 848 130 52 cantio:
482 848 177 52 Respondetur
624 848 141 52 secundum
730 848 165 52 Scotorlis.
859 848 71 52 et
895 848 106 52 Guil.
966 848 106 52 supra
1036 848 94 52 quod
1083 848 71 52 capi

380 891 111 51 endo
449 891 97 51 rem
505 891 97 51 pro
560 891 152 51 actuali
671 891 208 51 existentia.
837 891 97 51 sic
893 891 166 51 communis
1004 891 152 51 conceptus

387 929 153 46 vniuoci
499 929 126 46 entis
582 929 98 46 non
638 929 98 46 est
694 929 139 46 realis
791 929 153 46 quamuis
903 929 153 46 dicatur
1015 929 139 46 realis
1098 929 56 46 in

381 971 163 50 quantum
500 971 74 50 a
530 971 89 50 re
574 971 134 50 habet
664 971 149 50 ortum.
768 971 134 50 sicut
857 971 89 50 et
901 971 89 50 de
946 971 193 50 quocumque
1080 971 74 50 vni

381 1011 180 56 uersali
512 1011 196 56 dicimus.
659 1011 115 56 Sed
724 1011 147 56 entis
822 1011 229 56 vniuocatio
986 1011 180 56 accipitur

380 1047 96 55 ex
428 1047 272 55 indifferentia
652 1047 128 55 modi
732 1047 240 55 concipiendi
925 1047 240 55 abstrahendo
1101 1047 64 55 vt

372 1093 106 67 fit
432 1093 91 67 in
478 1093 257 67 vniuersalibus
689 1093 226 67 conceptibus
870 1093 106 67 sic
930 1093 91 67 et
976 1093 136 67 entis
1051 1093 121 67 vniuo-

378 1143 188 57 cationem
519 1143 235 57 intellectus
691 1143 141 57 format.

425 1189 227 62 Sedan
576 1189 227 62 talis
727 1189 353 62 vniuocatio
980 1189 177 62 stare

382 1239 137 54 possit
478 1239 123 54 simul
560 1239 96 54 cum
615 1239 178 54 analogia.
752 1239 178 54 Respondet
888 1239 192 54 Scotorlis.
1039 1239 109 54 quod
1094 1239 68 54 sic

384 1280 131 52 Quia
465 1280 196 52 analogia
613 1280 115 52 non
678 1280 147 52 magis
777 1280 196 52 repugnat
924 1280 131 52 Enti
1006 1280 131 52 quam
1071 1280 82 52 cui

366 1330 159 50 cunque
478 1330 159 50 generi
589 1330 239 50 vniuersali.
780 1330 112 50 Sed
844 1330 143 50 genus
940 1330 128 50 vere
1004 1330 159 50 predica-

378 1367 107 45 tur
439 1367 92 45 de
485 1367 183 45 pluribus
622 1367 183 45 vniuoce.
759 1367 137 45 iiii.
851 1367 137 45 Topi.
942 1367 92 45 Et
988 1367 122 45 vere
1049 1367 107 45 etiam

382 1412 163 50 predicatur
511 1412 152 50 analogice
628 1412 140 50 scilicet
733 1412 140 50 secundum
838 1412 105 50 prius
908 1412 70 50 et
943 1412 163 50 posterius.
1071 1412 70 50 x.
1095 1412 58 50 mod

365 1458 115 47 taph.
442 1458 115 47 Sicut
519 1458 179 47 substantia
660 1458 192 47 praedicatur
814 1458 90 47 per
865 1458 115 47 prius
942 1458 77 47 de
968 1458 179 47 incorruptibi

370 1493 87 51 li
413 1493 116 51 quam
485 1493 246 51 corruptibili.
688 1493 116 51 ergo
760 1493 130 51 entis
847 1493 203 51 vniuocatio
1006 1493 116 51 siue
1064 1493 87 51 com-

359 1534 143 57 munis
454 1534 207 57 conceptus
613 1534 95 57 de
661 1534 111 57 deo
725 1534 95 57 et
772 1534 191 57 creatura
916 1534 127 57 stat
995 1534 111 57 cum
1043 1534 111 57 analo

372 1573 102 68 gia
431 1573 87 68 In
474 1573 174 68 analogia
605 1573 116 68 enim
677 1573 145 68 vnitas
779 1573 145 68 quedam
880 1573 102 68 est
938 1573 116 68 ergo
996 1573 73 68 etc

383 1630 110 81 ¶
427 1630 241 81 Quomodo
602 1630 241 81 ponitur
778 1630 153 81 ens
865 1630 263 81 vniuocum
1040 1630 110 81 cum

376 1690 95 52 non
431 1690 149 52 ponatur
539 1690 81 52 ee
580 1690 122 52 genus
661 1690 81 52 Ut
701 1690 135 52 patet.
796 1690 122 52 iiii.
877 1690 149 52 metaph.
972 1690 176 52 Respondetur

375 1730 144 51 secundum
483 1730 96 51 doc.
543 1730 120 51 subti.
628 1730 72 51 et
664 1730 168 51 Scotorlis.
796 1730 108 51 supra
868 1730 144 51 clarius.
977 1730 96 51 Quod
1037 1730 108 51 sicut
1097 1730 48 51 du

369 1782 106 49 plex
435 1782 133 49 potest
528 1782 106 49 esse
594 1782 119 49 ratio
674 1782 80 49 in
713 1782 93 49 qua
767 1782 133 49 aliqua
859 1782 186 49 conueniunt
1005 1782 93 49 Ita
1045 1782 106 49 potest

366 1821 128 49 esse
446 1821 160 49 duplex
558 1821 239 49 vniuocatio.
749 1821 128 49 Quia
829 1821 128 49 enim
909 1821 160 49 aliqua
1004 1821 144 49 coueni-

363 1862 94 44 unt
416 1862 80 44 in
456 1862 147 44 ratione
563 1862 227 44 transcendenti
750 1862 134 44 entis.
844 1862 134 44 Aliqua
937 1862 80 44 in
978 1862 147 44 ratione
1071 1862 67 44 pro

361 1900 259 57 dicamentali
568 1900 172 57 entis.
688 1900 138 57 Ideo
775 1900 172 57 quedam
895 1900 121 57 est
947 1900 207 57 vniuocatio

362 1944 272 51 transcendens
583 1944 170 51 Quedam
702 1944 340 51 predicamentalis.
991 1944 102 51 Et
1025 1944 119 51 prius

358 1989 90 47 ma
403 1989 209 47 vniuocatio
567 1989 180 47 conuenit
702 1989 135 47 enti.
792 1989 165 47 Secunda
912 1989 135 47 autem
1001 1989 120 47 non.
1061 1989 90 47 Unod

365 2033 85 49 si
407 2033 99 49 ens
464 2033 127 49 esset
549 2033 170 49 vniuocum
676 2033 226 49 vniuocatione
859 2033 268 49 praedicamentali
1071 2033 71 49 cer

358 2069 99 56 tum
414 2069 99 56 est
471 2069 113 56 quod
541 2069 127 56 esset
626 2069 141 56 genus.
725 2069 99 56 Sed
781 2069 113 56 quia
852 2069 198 56 vniuocatio
1007 2069 127 56 entis
1077 2069 71 56 est

358 2115 243 45 transcendens
555 2115 106 45 non
616 2115 289 45 predicamentalis
859 2115 122 45 ergo
935 2115 106 45 non
996 2115 106 45 est
1042 2115 106 45 genus

357 2156 113 55 Nam
421 2156 113 55 ens
486 2156 258 55 transcendens
696 2156 145 55 habet
793 2156 291 55 indifferentiam
1035 2156 97 55 ad
1067 2156 81 55 ne-

355 2192 179 60 cessarium
493 2192 83 60 et
535 2192 207 60 contingens.
700 2192 83 60 Et
742 2192 83 60 ad
783 2192 152 60 finitum
894 2192 83 60 et
935 2192 193 60 infinitum.
1073 2192 69 60 De-

359 2245 101 50 nus
416 2245 130 50 autem
503 2245 130 50 talem
589 2245 259 50 indifferentiam
805 2245 101 50 non
863 2245 130 50 habet
949 2245 101 50 cum
1007 2245 101 50 sit
1050 2245 101 50 limi-

351 2278 135 53 tatum
441 2278 90 53 ad
486 2278 241 53 predicamenta
682 2278 120 53 ergo
757 2278 105 53 etc
817 2278 75 53 ¶
847 2278 120 53 Unde
922 2278 90 53 ad
968 2278 180 53 obiecta.
1088 2278 60 53 Et

352 2327 73 50 ad
388 2327 183 50 autoritates
535 2327 85 50 tam
583 2327 158 50 sanctorum
705 2327 98 50 quam
766 2327 207 50 philosophorum
937 2327 98 50 quae
998 2327 146 50 remouent
1095 2327 49 50 ab

357 2371 127 46 ente
436 2371 269 46 vniuocationem
658 2371 95 46 et
705 2371 142 46 ponut
800 2371 111 46 ens
863 2371 127 46 esse
942 2371 206 46 analogum.
1085 2371 63 46 Di

357 2408 131 47 cendum
448 2408 91 47 est
501 2408 157 47 secundum
618 2408 183 47 Scotorlis.
762 2408 105 47 quod
827 2408 209 47 intelligende
997 2408 105 47 sunt
1063 2408 78 47 de
1089 2408 65 47 vni

360 2448 169 58 uocatione
490 2448 117 58 entis
569 2448 235 58 praedicamntali
764 2448 78 58 et
803 2448 91 58 non
855 2448 78 58 de
894 2448 222 58 transcendenti
1064 2448 78 58 quae

352 2495 119 54 bene
426 2495 148 54 potest
530 2495 133 54 etiam
619 2495 133 54 stare
708 2495 104 54 cum
767 2495 178 54 analogia
901 2495 89 54 vt
931 2495 133 54 patuita

424 2541 119 62 ¶
472 2541 190 62 Quid
591 2541 190 62 erco
710 2541 143 62 ad
781 2541 286 62 quesitum
971 2541 167 62 prin-

343 2590 68 55 c
371 2590 110 55 pale
439 2590 164 55 scilicet
562 2590 123 55 Utrum
644 2590 96 55 ens
699 2590 151 55 vniuoce
809 2590 151 55 dicatur
918 2590 82 55 de
959 2590 96 55 deo
1014 2590 82 55 et
1041 2590 110 55 creatu

354 2637 91 50 ra.
406 2637 195 50 Respondetur
562 2637 104 50 quod
627 2637 117 50 varie
705 2637 104 50 sunt
769 2637 195 50 opeiniones.
925 2637 91 50 Nam
977 2637 130 50 fratur
1055 2637 91 50 Guil.

355 2681 109 51 Oban
423 2681 136 51 sentit
519 2681 109 51 quod
587 2681 163 51 equiuoce
709 2681 163 51 dicatur.
832 2681 109 51 Quia
900 2681 136 51 inquit
995 2681 82 51 si
1022 2681 123 51 aliquid

366 2722 142 67 esset
461 2722 173 67 commune
587 2722 189 67 vniuocum
729 2722 110 67 deo
792 2722 95 67 et
839 2722 221 67 creaturis.
996 2722 158 67 sequitur

1239 319 106 56 quod
1305 319 146 56 aliquid
1411 319 106 56 quod
1477 319 93 56 est
1530 319 79 56 in
1569 319 93 56 deo
1622 319 119 56 esset
1702 319 159 56 damnatum
1821 319 106 56 quod
1887 319 93 56 est
1927 319 79 56 here

1225 368 131 52 ticum
1313 368 88 52 et
1357 368 117 52 pias
1430 368 131 52 aures
1517 368 190 52 offendit.
1663 368 175 52 Probatur
1795 368 175 52 sequela:
1911 368 88 52 quia

1219 408 101 48 sic
1276 408 172 48 communis
1405 408 172 48 quiditas
1535 408 129 48 Entis
1621 408 129 48 esset
1707 408 158 48 vniuoca
1822 408 101 48 deo
1880 408 86 48 et
1908 408 101 48 Iude.

1229 446 81 47 Et
1270 446 108 47 quia
1338 446 81 47 in
1379 446 95 47 deo
1433 446 95 47 est
1487 446 136 47 beata.
1582 446 81 47 In
1623 446 108 47 Iuda
1690 446 122 47 autem
1772 446 149 47 damnata
1880 446 108 47 ergo
1934 446 68 47 etc

1223 493 94 47 Sed
1276 493 80 47 ad
1316 493 94 47 hec
1370 493 161 47 dicendum
1490 493 161 47 secundum
1611 493 134 47 Guill.
1704 493 94 47 vbi
1758 493 134 47 supra.
1851 493 107 47 quod
1918 493 94 47 Ens
1958 493 54 47 in

1239 535 137 52 quantum
1338 535 87 52 ens
1388 535 137 52 tionune
1487 535 74 52 et
1524 535 199 52 transcendens
1685 535 161 52 abstrahit
1809 535 62 52 a
1822 535 186 52 posterioribus

1232 578 106 47 puta
1298 578 186 47 damnatione
1444 578 80 47 et
1484 578 173 47 huiusmodi
1617 578 80 47 et
1657 578 66 47 a
1684 578 186 47 substantia
1830 578 80 47 et
1857 578 146 47 accidente

1222 622 117 47 etc.
1296 622 103 47 Nam
1354 622 147 47 grossi
1457 622 161 47 ingenii
1575 622 103 47 est
1633 622 103 47 qui
1692 622 103 47 non
1751 622 132 47 capit
1824 622 191 47 abstractio-

1214 658 149 50 nem.
1307 658 93 50 ¶
1345 658 149 50 Item
1438 658 223 50 Henricus
1605 658 112 50 de
1661 658 186 50 Ganda.
1792 658 112 50 et
1847 658 149 50 Tho.
1922 658 93 50 vi-

1230 700 150 55 dentur
1335 700 165 55 sentire
1456 700 120 55 sola
1531 700 196 55 analogiam
1681 700 90 55 et
1726 700 150 55 nullam
1816 700 196 55 vniuocatio-

1224 749 103 45 nem
1283 749 89 45 in
1328 749 118 45 ente
1401 749 89 45 ad
1446 749 118 45 deum
1519 749 89 45 et
1564 749 207 45 creaturas.
1726 749 162 45 Ratione
1844 749 133 45 tali.
1918 749 89 45 Quia

1226 785 111 54 que
1290 785 111 54 non
1353 785 158 54 habent
1464 785 174 54 similem
1590 785 143 54 modum
1685 785 174 54 essendi
1812 785 111 54 non
1860 785 158 54 vniuocan

1214 829 110 46 tur
1277 829 95 46 in
1325 829 174 46 aliquo.
1451 829 189 46 Exemplum
1593 829 95 46 de
1640 829 126 46 domo
1719 829 158 46 extra:
1829 829 95 46 et
1877 829 95 46 de
1908 829 95 46 domo

1220 869 96 55 in
1268 869 160 55 mente.
1380 869 112 55 Sed
1443 869 128 55 deus
1523 869 96 55 et
1571 869 192 55 creatura
1715 869 112 55 non
1779 869 160 55 habent
1874 869 144 55 similem

1229 913 119 44 modum
1308 913 158 44 essendi.
1426 913 79 44 Et
1466 913 92 44 ens
1519 913 145 44 dicitur
1624 913 79 44 de
1664 913 92 44 eis
1716 913 158 44 secundum
1835 913 119 44 prius
1914 913 79 44 et
1940 913 66 44 po-

1223 950 122 50 sterius
1311 950 89 50 ergo
1367 950 89 50 etc.
1422 950 166 50 Respondetur
1555 950 133 50 secundum
1655 950 166 50 Scotorelis.
1788 950 89 50 quod
1843 950 78 50 que
1887 950 78 50 non
1920 950 89 50 habent

1228 995 201 56 similem
1374 995 164 56 modum
1483 995 201 56 essendi
1629 995 128 56 non
1702 995 274 56 vniuocantur
1903 995 109 56 vni-

1222 1046 198 43 uocatione
1374 1046 198 43 specifica
1526 1046 91 43 et
1571 1046 137 43 reali
1662 1046 106 43 sed
1723 1046 228 43 vniuocantur
1890 1046 122 43 vniuo-

1222 1078 159 60 catione
1337 1078 245 60 transcendenti
1539 1078 87 60 in
1582 1078 115 60 modo
1654 1078 216 60 concipiendi
1827 1078 115 60 quae
1885 1078 130 60 abstra-

1224 1125 98 47 hit
1280 1125 125 47 etiam
1363 1125 70 47 a
1391 1125 195 47 prioritate
1544 1125 84 47 et
1586 1125 251 47 posterioritate
1781 1125 56 47 et

1240 1155 90 60 ¶
1276 1155 144 60 Unde
1366 1155 216 60 dicendum
1528 1155 180 60 melius
1653 1155 126 60 cum
1725 1155 252 60 Scotistis.
1905 1155 108 60 quod

1217 1204 121 58 Ens
1286 1204 310 58 predicamentale
1544 1204 155 58 licet
1648 1204 121 58 non
1717 1204 121 58 sit
1786 1204 224 58 vniuocum.
1941 1204 69 58 Ta

1215 1248 109 49 men
1278 1248 109 49 ens
1340 1248 249 49 transcendens
1542 1248 171 49 vniuoce
1666 1248 171 49 dicitur
1791 1248 93 49 de
1837 1248 109 49 deo
1900 1248 93 49 et
1931 1248 93 49 cre-

1223 1295 138 45 atura.
1320 1295 96 45 Ita
1375 1295 124 45 tamen
1457 1295 110 45 quod
1526 1295 96 45 non
1581 1295 151 45 negatur
1691 1295 110 45 esse
1760 1295 179 45 Analogum.
1897 1295 124 45 patet
1966 1295 55 45 ex

1227 1333 181 46 praemissis.
1372 1333 85 46 Nam
1420 1333 85 46 ens
1468 1333 72 46 in
1505 1333 133 46 communi
1601 1333 169 46 latissimum
1734 1333 109 46 habet
1807 1333 157 46 conceptum
1927 1333 85 46 qui
1964 1333 48 46 ex

1217 1376 84 46 se
1259 1376 98 46 nec
1315 1376 98 46 est
1370 1376 98 46 dei
1426 1376 98 46 nec
1482 1376 167 46 creature
1608 1376 98 46 sed
1663 1376 98 46 nec
1719 1376 126 46 etiam
1803 1376 167 46 alicuius
1914 1376 98 46 diui-

1221 1417 127 47 dentis
1310 1417 114 47 ipsum
1386 1417 114 47 primo
1462 1417 101 47 puta
1525 1417 177 47 necessarii
1664 1417 202 47 contingentis
1829 1417 89 47 vel
1879 1417 127 47 finiti
1955 1417 51 47 et

1215 1454 189 55 infiniti.
1361 1454 102 55 aut
1419 1454 146 55 creati
1521 1454 87 55 et
1565 1454 175 55 increati
1696 1454 116 55 etc.
1769 1454 102 55 sed
1827 1454 189 55 abstrahit
1958 1454 58 55 ab

1216 1500 153 65 omnibus
1328 1500 237 65 posterioribus
1523 1500 195 65 huiusmodi.
1676 1500 84 65 Et
1718 1500 98 65 sic
1760 1500 111 65 patet.

1223 1565 129 78 ¶
1275 1565 155 78 In
1353 1565 207 78 deus
1482 1565 311 78 includat
1715 1565 181 78 ens
1793 1565 207 78 quidi-

1219 1625 129 55 tatiue:
1313 1625 176 55 Respondetur
1454 1625 141 55 secundum
1560 1625 117 55 Guill.
1642 1625 94 55 quod
1701 1625 94 55 sic.
1759 1625 70 55 et
1795 1625 82 55 hoc
1842 1625 141 55 tenendum
1936 1625 70 55 est.

1210 1673 124 46 Sicut
1293 1673 110 46 enim
1362 1673 193 46 substantia
1513 1673 96 46 vel
1568 1673 165 46 spiritus
1692 1673 206 46 quiditatine
1857 1673 151 46 dicitur
1953 1673 55 46 de

1207 1712 120 67 deo.
1282 1712 105 67 Ita
1342 1712 90 67 et
1386 1712 105 67 ens
1446 1712 120 67 quod
1521 1712 105 67 est
1581 1712 179 67 superius
1700 1712 120 67 illis.

1219 1758 131 72 ¶
1271 1758 183 72 Quo
1376 1758 183 72 ens
1481 1758 367 72 predicatur
1769 1758 157 72 de
1822 1758 183 72 ipsis

1218 1814 263 56 intelligibilibus.
1444 1814 75 56 An
1482 1814 188 56 quiditatiue
1632 1814 88 56 vel
1682 1814 100 56 non:
1745 1814 188 56 Respondetur
1883 1814 113 56 secundu

1218 1860 177 50 Scotorels.
1358 1860 76 50 et
1396 1860 127 50 Guill.
1484 1860 139 50 similis
1585 1860 190 50 colligendo.
1737 1860 101 50 quod
1801 1860 89 50 hoc
1851 1860 139 50 notanda
1940 1860 63 50 sei

1210 1907 140 49 pilura
1308 1907 196 49 documenta.
1462 1907 140 49 Primum
1560 1907 84 49 de
1602 1907 196 49 privatiuis
1756 1907 126 49 vicem
1840 1907 112 49 quod
1896 1907 112 49 priua-

1205 1952 126 54 tiones
1294 1952 76 54 et
1331 1952 176 54 negationes
1470 1952 113 54 licet
1545 1952 214 54 intelliguntur
1721 1952 113 54 tamen
1797 1952 88 54 non
1847 1952 101 54 sunt
1910 1952 101 54 ens.
1961 1952 50 54 Et

1205 1991 88 46 sic
1256 1991 88 46 non
1306 1991 188 46 praedicatur
1456 1991 75 46 de
1493 1991 100 46 eis.
1556 1991 150 46 Secundum
1668 1991 75 46 de
1706 1991 175 46 positiuis.
1843 1991 100 46 quod
1906 1991 75 46 in
1931 1991 75 46 omni

1201 2036 155 46 positio
1314 2036 240 46 intelligibili
1512 2036 99 46 ens
1568 2036 198 46 includitur
1724 2036 99 46 aut
1780 2036 212 46 quiditatiue
1935 2036 71 46 aut

1204 2075 110 42 saltem
1281 2075 176 42 virtualiter.
1424 2075 88 42 quod
1479 2075 121 42 dicitur
1567 2075 121 42 propter
1655 2075 121 42 vltimas
1743 2075 99 42 ipsas
1809 2075 154 42 dirstuntas
1919 2075 77 42 entis

1204 2116 68 50 et
1238 2116 147 50 passiones
1351 2116 91 50 eius
1408 2116 68 50 in
1442 2116 113 50 quibus
1521 2116 147 50 icluditur
1634 2116 79 50 ens
1680 2116 170 50 virtualiter
1816 2116 79 50 non
1861 2116 102 50 tamen
1918 2116 79 50 quidi

1208 2157 138 67 tatiue:
1309 2157 100 67 quia
1372 2157 88 67 non
1422 2157 201 67 praedicantur
1585 2157 75 67 de
1623 2157 100 67 ente
1685 2157 88 67 per
1735 2157 75 67 se
1773 2157 113 67 primo
1848 2157 100 67 etc.
1911 2157 75 67 Ut
1936 2157 63 67 pa-

1199 2188 120 74 tebit
1279 2188 133 74 infra.
1372 2188 80 74 §.
1412 2188 133 74 xiiii.
1505 2188 80 74 et
1531 2188 120 74 sequen.

1206 2225 118 86 ¶
1254 2225 260 86 Tertium
1442 2225 142 86 de
1513 2225 260 86 vltimis
1679 2225 330 86 differentiis

1204 2300 109 51 entis
1277 2300 109 51 (quae
1349 2300 145 51 secundum
1458 2300 121 51 Guill.
1543 2300 97 51 sunt
1604 2300 85 51 Ens
1652 2300 194 51 transcendens
1809 2300 73 51 et
1846 2300 85 51 ens
1882 2300 109 51 praedi-

1207 2341 184 51 camentaleh)
1354 2341 86 51 est
1403 2341 122 51 vicem.
1488 2341 98 51 quod
1549 2341 73 51 de
1586 2341 110 51 illis
1659 2341 86 51 non
1708 2341 184 51 praedicatur
1855 2341 86 51 ens
1892 2341 110 51 quidita

1203 2381 98 49 tiue
1264 2381 86 49 cum
1313 2381 98 49 sint
1374 2381 110 49 primo
1448 2381 135 49 seipsis
1546 2381 135 49 diunse.
1644 2381 74 49 Et
1681 2381 98 49 quia
1742 2381 98 49 ster
1803 2381 184 49 simpliciter
1938 2381 61 49 sim

1206 2426 140 48 plices.
1308 2426 89 48 sed
1359 2426 89 48 ens
1410 2426 140 48 dicitur
1512 2426 76 48 de
1550 2426 89 48 eis
1601 2426 204 48 denominatiue
1767 2426 127 48 solum.
1856 2426 115 48 sicut
1920 2426 89 48 ponit

1197 2466 147 45 Auicem.
1303 2466 80 45 v.
1343 2466 120 45 Meta.
1423 2466 80 45 in
1463 2466 93 45 fi.
1517 2466 80 45 c.
1557 2466 93 45 vi.
1610 2466 93 45 vbi
1664 2466 120 45 dicit
1744 2466 107 45 sic.
1810 2466 147 45 Dportet
1904 2466 93 45 scire

1193 2505 86 51 quod
1247 2505 150 51 differente
1365 2505 150 51 substantie
1483 2505 75 51 non
1525 2505 86 51 sunt
1579 2505 150 51 substantie
1697 2505 96 51 primo
1761 2505 75 51 sed
1804 2505 182 51 concomitantur
1943 2505 54 51 eas

1199 2552 183 43 substantias
1345 2552 98 43 quia
1407 2552 86 43 non
1455 2552 196 43 praedicantur
1614 2552 73 43 de
1651 2552 73 43 ea
1688 2552 134 43 vniuoce
1785 2552 86 43 sed
1822 2552 171 43 denominatiue

1192 2593 171 53 Exemplum
1320 2593 128 53 ponit
1406 2593 86 53 de
1449 2593 185 53 rationali
1591 2593 114 53 etc.
1663 2593 71 53 ¶
1691 2593 86 53 Si
1734 2593 128 53 dicas
1820 2593 128 53 entis
1905 2593 100 53 non
1948 2593 57 53 se

1197 2631 217 50 differentie
1370 2631 87 50 ex
1413 2631 130 50 iiii.
1500 2631 130 50 Meta.
1587 2631 116 50 dico
1659 2631 144 50 inquit
1760 2631 202 50 Scotorelis
1904 2631 87 50 quod

1203 2678 72 49 ens
1244 2678 72 49 non
1285 2678 92 49 habet
1346 2678 164 49 differentias
1479 2678 82 49 quae
1531 2678 133 49 includunt
1633 2678 92 49 ipsum
1695 2678 164 49 quiditatiue.
1828 2678 113 49 dicitur
1910 2678 92 49 tamen
1961 2678 41 49 de

1195 2721 119 69 eis
1263 2721 289 69 denominatiue.
1501 2721 85 69 ¶
1535 2721 102 69 Si
1586 2721 153 69 adhuc
1688 2721 170 69 petas.
1807 2721 187 69 Numquid
1926 2721 85 69 ge
