2232 3348
202 312 98 75 non
258 312 153 75 ponitur
369 312 84 75 in
411 312 111 75 deo.
481 312 111 75 quia
550 312 98 75 est
606 312 223 75 diuisibilis.
787 312 98 75 sed
843 312 153 75 ponitur
940 312 56 75 in

213 369 87 59 deo
262 369 99 59 sola
324 369 161 59 quantitas
448 369 161 59 virtutis:
571 369 74 59 vt
608 369 111 59 dicit
683 369 111 59 etiam
757 369 198 59 Philosophus.
905 369 87 59 viii.

217 411 123 61 Physi.
303 411 74 61 Et
340 411 86 61 sic
389 411 99 61 ergo
451 411 74 61 in
488 411 173 61 quantitate
623 411 99 61 sola
685 411 136 61 virtute
784 411 148 61 scilicet
882 411 111 61 bonita-

214 455 99 50 tis:
276 455 162 50 potentie:
400 455 137 50 sapine:
500 455 75 50 et
537 455 162 50 huiusmodi
661 455 149 50 fundatur
773 455 162 50 equalitas
885 455 112 50 persona

212 493 102 59 rum.
276 493 102 59 Unde
340 493 102 59 quid
403 493 89 59 sit
454 493 166 59 quantitas
582 493 153 59 virtutis
696 493 178 59 Augustinus
836 493 76 59 v.
875 493 76 59 de
900 493 102 59 trini.

215 543 158 50 ostendit
333 543 118 50 dicit
412 543 105 50 quod
478 543 79 50 in
517 543 92 50 his
570 543 105 50 quae
636 543 92 50 non
688 543 105 50 sunt
754 543 105 50 mole
820 543 132 50 magna:
899 543 92 50 sicut

220 579 67 51 in
253 579 190 51 spiritualibus
409 579 89 51 idem
465 579 78 51 est
510 579 100 51 maius
577 579 89 51 quod
632 579 123 51 melius.
721 579 67 51 et
755 579 78 51 per
800 579 156 51 consequens
911 579 78 51 inter

219 624 161 48 personas
339 624 94 48 est
393 624 188 48 equalitas.
541 624 107 48 quia
608 624 174 48 equaliter
742 624 107 48 sunt
809 624 81 48 in
849 624 107 48 sume
903 624 94 48 opti-

215 666 99 73 mo.
271 666 99 73 Nec
328 666 141 73 habent
427 666 226 73 magnitudinem
610 666 169 73 virtutis
737 666 169 73 secundum
864 666 127 73 magis
934 666 71 73 vel

215 704 117 59 minus
293 704 91 59 nec
345 704 156 59 secundum
462 704 117 59 prius
541 704 91 59 vel
580 704 143 59 posterius

235 745 115 85 ¶
281 745 161 85 Sed
373 745 184 85 quid
487 745 161 85 est
579 745 344 85 fundamentum
831 745 161 85 equa-

222 804 151 62 litatis
332 804 82 62 in
373 804 151 62 diuinis
483 804 96 62 eam
538 804 192 62 efficiens:
690 804 206 62 Respondetur
855 804 124 62 sicut
923 804 69 62 pa-

220 850 96 51 tuit
280 850 72 51 in
316 850 108 51 primo
387 850 108 51 huius
459 850 179 51 capistulis.
603 850 72 51 §.
638 850 72 51 ex
674 850 120 51 dictis
758 850 179 51 Philosophi.
901 850 72 51 v.
925 850 72 51 Meta

229 891 97 57 phy.
290 891 97 57 quod
350 891 182 57 identitatem
496 891 122 57 inquit
582 891 109 57 facit
654 891 122 57 vnitas
740 891 73 57 in
776 891 182 57 substantia.
910 891 85 57 Equa-

223 933 147 55 itatem
326 933 147 55 vnitas
430 933 88 55 in
474 933 221 55 quantitate.
650 933 250 55 Similitudinem
857 933 147 55 vnitas
945 933 59 55 in

217 975 211 57 qualitate.
383 975 121 57 Unde
458 975 226 57 fundamentum
639 975 166 57 remotum
760 975 226 57 identitatis
926 975 75 57 est

212 1013 213 62 substantia.
382 1013 99 62 sed
439 1013 199 62 propinquum
595 1013 213 62 fundamentum
765 1013 213 62 identitatis
921 1013 71 62 est

210 1061 175 55 substantie
348 1061 138 55 vnitas.
449 1061 88 55 Sic
499 1061 75 55 et
536 1061 188 55 equalitatis
687 1061 88 55 est
737 1061 125 55 vnitas
825 1061 201 55 quantitatis:

208 1108 88 47 et
252 1108 250 47 similitudinis
458 1108 147 47 vnitas
561 1108 206 47 qualitatis
723 1108 103 47 est
782 1108 206 47 propinquum
929 1108 73 47 fu-

213 1146 202 59 damentum.
369 1146 109 59 Sed
431 1146 156 59 remota
540 1146 218 59 fundamenta
712 1146 140 59 horum
805 1146 140 59 sunt:
883 1146 109 59 quan-

212 1189 115 53 titas
289 1189 153 53 scilicet
404 1189 205 53 equalitatis:
570 1189 77 53 et
609 1189 153 53 qualitas
724 1189 217 53 similitudinis
890 1189 102 53 funda-

221 1226 154 58 mentum.
333 1226 84 58 Ex
375 1226 98 58 quo
430 1226 140 58 igitur
528 1226 140 58 divine
626 1226 154 58 persone
738 1226 112 58 sunt
807 1226 112 58 vnum
877 1226 84 58 in
905 1226 84 58 sub-

210 1268 193 55 stantia:
355 1268 129 55 ideo
435 1268 113 55 ibi
499 1268 113 55 est
564 1268 209 55 identitas
725 1268 145 55 vera.
821 1268 129 55 Sunt
885 1268 113 55 etiam

223 1316 96 45 vnum
283 1316 72 45 in
319 1316 168 45 quantitate
451 1316 144 45 scilicet
559 1316 168 45 maiestatis
691 1316 72 45 et
727 1316 192 45 eternitatis:
883 1316 96 45 ideo
931 1316 60 45 ibi

215 1354 92 57 est
267 1354 170 57 equalitas
398 1354 118 57 vera.
477 1354 144 57 Denique
582 1354 105 57 sunt
647 1354 105 57 vnum
713 1354 79 57 in
752 1354 170 57 qualitate
870 1354 131 57 scilicet

215 1395 150 65 sapine:
325 1395 178 65 bonitatis
462 1395 109 65 etc.
530 1395 109 65 Ideo
598 1395 96 65 ibi
653 1395 96 65 est
708 1395 192 65 similitudo
858 1395 123 65 vera.
927 1395 68 65 Hec

226 1431 186 74 Bonauen.
365 1431 77 74 ¶
396 1431 93 74 Ad
442 1431 124 74 idem
520 1431 139 74 infra
612 1431 93 74 e.
659 1431 108 74 ca.
721 1431 93 74 §.
767 1431 124 74 vii.

223 1481 129 85 ¶
275 1481 181 85 Sed
378 1481 181 85 quo
482 1481 284 85 persone
689 1481 259 85 divine
844 1481 155 85 sunt

222 1547 144 53 equales
327 1547 79 53 in
366 1547 157 53 virtute:
484 1547 92 53 cum
536 1547 92 53 non
589 1547 105 53 sint
654 1547 144 53 equales
759 1547 79 53 in
798 1547 170 53 personali
916 1547 79 53 pro-

223 1596 141 53 prietate
329 1596 82 53 nec
376 1596 71 53 in
412 1596 189 53 fecunditate.
565 1596 71 53 Et
600 1596 82 53 sic
647 1596 130 53 aliquid
742 1596 118 53 potest
824 1596 106 53 pitur
883 1596 118 53 scilicet

211 1639 148 48 generare
322 1639 99 48 quod
384 1639 86 48 non
433 1639 123 48 potest
519 1639 99 48 alia
581 1639 148 48 persona:
692 1639 185 48 Respondetur
840 1639 148 48 secundum
939 1639 62 48 Ri-

213 1681 116 47 char.
290 1681 77 47 e.
329 1681 90 47 di.
381 1681 103 47 xix.
445 1681 103 47 quod
509 1681 142 47 quamuis
613 1681 142 47 persone
716 1681 129 47 diuine
806 1681 90 47 non
857 1681 103 47 sint
909 1681 90 47 equa-

222 1714 104 51 les
282 1714 89 51 in
326 1714 223 51 proprietate
505 1714 208 51 personali.
668 1714 119 51 Etem
742 1714 134 51 pater
832 1714 134 51 habet
906 1714 89 51 tres

217 1762 199 58 proprietates
378 1762 149 58 scilicet
490 1762 261 58 innascibilitatem:
715 1762 212 58 paternitatem:
889 1762 75 58 et
914 1762 87 58 spira

216 1807 128 52 tionem
306 1807 153 52 actiuam.
421 1807 128 52 Filius
510 1807 115 52 autem
586 1807 102 52 duas
650 1807 140 52 tantum.
752 1807 115 52 vicem
816 1807 179 52 generationem

215 1844 177 52 passinam:
351 1844 82 52 et
392 1844 204 52 spirationem
555 1844 163 52 actiuam.
677 1844 163 52 Spiritus
800 1844 149 52 sanctus
895 1844 95 52 solum

212 1892 100 41 vnam
275 1892 150 41 scilicet
388 1892 188 41 spirationem
538 1892 163 41 passiuam.
663 1892 113 41 Tamen
738 1892 75 41 ex
775 1892 88 41 hoc
825 1892 88 41 non
863 1892 125 41 sequitur

212 1934 104 51 quod
277 1934 104 51 sint
342 1934 169 51 inequales
472 1934 78 51 in
511 1934 182 51 quantitate
654 1934 169 51 virtutis.
784 1934 104 51 quia
849 1934 65 51 n
875 1934 104 51 plus
927 1934 65 51 est

208 1972 77 48 de
247 1972 154 48 bonitate
362 1972 77 48 et
400 1972 166 48 sapientia
528 1972 77 48 ac
567 1972 154 48 potentia
682 1972 77 48 et
720 1972 166 48 huiusmodi
848 1972 77 48 in
874 1972 115 48 persona

210 2007 142 64 habente
313 2007 129 64 plures
404 2007 206 64 proprietates
571 2007 103 64 quam
636 2007 77 64 in
674 2007 142 64 habente
778 2007 103 64 vnam
842 2007 142 64 tantum.
932 2007 52 64 Fe

213 2056 194 50 cunditas
359 2056 130 50 emim
439 2056 146 50 maior
537 2056 146 50 facit
634 2056 97 50 ad
682 2056 243 50 emanationem
860 2056 130 50 pluri-

206 2102 88 56 um
250 2102 220 56 personarum.
426 2102 103 56 sed
485 2102 103 56 non
544 2102 132 56 facit
631 2102 88 56 ad
675 2102 220 56 maioritatem
837 2102 161 56 bonitatis

226 2140 98 60 vel
282 2140 140 60 virtut
380 2140 70 60 ¶
408 2140 112 60 Unde
478 2140 168 60 secundum
604 2140 182 60 Scotorlis
744 2140 84 60 et
786 2140 112 60 doc.
856 2140 112 60 Nota
912 2140 84 60 quod

220 2181 185 61 magnitudo
362 2181 171 61 virtutis
491 2181 100 61 non
548 2181 185 61 accipitur
690 2181 100 61 per
748 2181 242 61 comperationem
933 2181 57 61 ad

217 2224 129 50 actus
302 2224 200 50 notionales
460 2224 114 50 siue
531 2224 86 50 ad
574 2224 143 50 intra.
674 2224 100 50 sed
731 2224 100 50 per
774 2224 214 50 comperationem

210 2266 88 52 ad
254 2266 147 52 extra.
357 2266 118 52 Unde
431 2266 118 52 quia
504 2266 132 52 omnem
592 2266 176 52 virtutem
725 2266 88 52 ad
769 2266 132 52 extra
857 2266 118 52 quam
916 2266 73 52 ha-

212 2303 103 63 bet
271 2303 103 63 vna
330 2303 177 63 persona:
462 2303 132 63 habet
551 2303 88 63 et
595 2303 132 63 alia:
683 2303 103 63 non
742 2303 132 63 magis
830 2303 103 63 vel
874 2303 118 63 minus;

215 2348 95 61 nec
270 2348 122 61 prius
351 2348 95 61 vel
406 2348 191 61 posterius.
556 2348 109 61 ideo
624 2348 109 61 sunt
692 2348 163 61 equales.
814 2348 95 61 Non
855 2348 136 61 sequitur

219 2387 93 60 ergo
277 2387 93 60 quod
335 2387 139 60 spiritus
440 2387 127 60 sanctus
532 2387 81 60 qui
579 2387 81 60 non
625 2387 139 60 producit
729 2387 139 60 personam
833 2387 116 60 habeat
903 2387 81 60 minus

221 2436 73 69 de
257 2436 145 69 bonitate
366 2436 97 69 quam
427 2436 121 69 filius
511 2436 85 69 qui
560 2436 97 69 vnam
620 2436 145 69 producit
729 2436 157 69 personam:
850 2436 73 69 et
886 2436 97 69 quam
935 2436 48 69 pa

217 2468 95 65 ter
271 2468 95 65 qui
325 2468 108 65 duas
379 2468 149 65 producit.

203 2516 128 74 ¶
255 2516 180 74 Sed
357 2516 385 74 difficultas
665 2516 205 74 est.
794 2516 205 74 Quia
896 2516 103 74 de

215 2580 150 64 ratione
324 2580 109 64 boni
392 2580 95 64 est
447 2580 109 64 quod
515 2580 95 64 sit
569 2580 95 64 sui
624 2580 204 64 diffusiuum:
787 2580 82 64 ex
828 2580 82 64 i.
869 2580 109 64 Eth.
923 2580 68 64 Bo-

213 2617 102 64 num
272 2617 146 64 inquit
374 2617 146 64 quanto
476 2617 189 64 communius
621 2617 131 64 tanto
709 2617 146 64 melius
811 2617 87 64 et
840 2617 160 64 diuinius.

216 2665 93 54 Sed
269 2665 120 54 pater
349 2665 120 54 magis
429 2665 80 54 se
469 2665 173 54 diffundit
602 2665 80 54 et
642 2665 187 54 communicat
789 2665 107 54 quam
856 2665 133 54 filius
936 2665 53 54 et

209 2706 156 51 spiritus
326 2706 156 51 sanctus.
443 2706 117 51 Pater
521 2706 104 51 enim
586 2706 143 51 generat
689 2706 78 51 et
728 2706 143 51 spirat.
832 2706 130 51 filius
910 2706 91 51 autem

210 2752 122 69 tantum
295 2752 135 69 spirat.
393 2752 73 69 et
430 2752 147 69 spiritus
540 2752 135 69 sanctus
638 2752 86 69 nec
687 2752 135 69 generat
785 2752 86 69 nec
834 2752 135 69 spirat.
920 2752 73 69 ergo

1062 317 162 87 sequitur
1183 317 108 87 quod
1250 317 148 87 maioris
1358 317 175 87 bonitatis
1493 317 108 87 est.
1560 317 121 87 pater
1641 317 108 87 quam
1708 317 135 87 filius
1789 317 54 87 et

1064 389 88 56 pus
1115 389 138 56 sanctus
1215 389 63 56 ¶
1240 389 189 56 Respondetur
1391 389 151 56 secundum
1504 389 151 56 Bonauen.
1617 389 75 56 e.
1655 389 113 56 dist.
1730 389 101 56 quod
1781 389 50 56 de

1049 431 154 49 ratione
1161 431 112 49 boni
1231 431 98 49 est
1287 431 112 49 quod
1357 431 98 49 sit
1413 431 98 49 sui
1469 431 210 49 diffusiuum:
1637 431 196 49 diffusione
1791 431 84 49 ad

1052 472 115 54 extra
1129 472 77 54 in
1167 472 192 54 productione
1321 472 153 54 effectus
1436 472 89 54 cui
1487 472 179 54 communicat
1627 472 102 54 suam
1679 472 153 54 bonitatem.

1068 507 71 58 In
1104 507 153 58 huiusmodi
1221 507 94 58 enim
1280 507 165 58 diffusione
1409 507 165 58 attenditur
1538 507 129 58 proprie
1632 507 106 58 ratio
1691 507 141 58 bonitatis:

1050 557 81 52 et
1091 557 95 52 non
1145 557 81 52 in
1186 557 189 52 diffusione
1335 557 81 52 ad
1375 557 122 52 intra
1456 557 108 52 quae
1524 557 149 52 persona
1632 557 162 52 producit
1740 557 95 52 perso

1054 594 102 50 nam
1113 594 87 50 in
1156 594 160 50 vnitate
1272 594 160 50 nature.
1388 594 102 50 hec
1446 594 116 50 emim
1519 594 160 50 proprie
1635 594 102 50 non
1693 594 102 50 est
1736 594 102 50 diffu

1053 631 117 58 sio:
1126 631 102 58 nec
1185 631 219 58 consequitur
1360 631 131 58 bonum
1447 631 190 58 inquantum
1593 631 146 58 bonum:
1695 631 102 58 sed
1739 631 102 58 bonum

1052 675 80 64 in
1092 675 187 64 hypostasi.
1238 675 107 64 vnde
1305 675 160 64 secundum
1425 675 120 64 talem
1505 675 200 64 diffusionem
1666 675 80 64 ad
1706 675 120 64 intra
1772 675 67 64 non

1054 715 150 58 potest
1159 715 120 58 dici
1234 715 105 58 vna
1293 715 165 58 persona
1413 715 150 58 melior
1518 715 150 58 altera
1623 715 105 58 vel
1667 715 180 58 perfectior

1048 765 96 59 sed
1103 765 164 59 secundum
1226 765 205 59 diffusionem
1390 765 82 59 ad
1431 765 137 59 extra.
1527 765 82 59 Et
1568 765 82 59 in
1609 765 109 59 hac:
1677 765 96 59 vna
1718 765 123 59 persona

1060 805 107 79 non
1121 805 169 79 excedit
1244 805 153 79 aliam.
1351 805 77 79 ¶
1382 805 92 79 Ad
1428 805 123 79 idem
1505 805 123 79 vide
1581 805 107 79 vbi
1643 805 153 79 Notio.
1750 805 92 79 §.
1781 805 61 79 ix

1058 842 79 49 in
1084 842 92 49 fine.

1064 886 121 84 ¶
1112 886 145 84 An
1185 886 145 84 in
1257 886 265 84 diuinis
1450 886 169 84 sit
1546 886 217 84 summa
1667 886 169 84 equa-

1050 947 135 68 litas:
1144 947 202 68 Respondetur
1306 947 108 68 quod
1373 947 108 68 sic.
1441 947 67 68 ¶
1468 947 81 68 Et
1508 947 162 68 probatur
1630 947 121 68 Primo
1697 947 135 68 autorita

1048 990 87 67 te
1091 990 159 67 Augusti
1207 990 87 67 in
1250 990 130 67 libro
1337 990 87 67 de
1381 990 116 67 fide
1453 990 87 67 ad
1496 990 101 67 Pe.
1554 990 87 67 et
1598 990 188 67 allegatur
1743 990 101 67 per
1786 990 58 67 Ma

1052 1031 139 67 gistrum
1154 1031 89 67 vbi
1204 1031 114 67 dicit
1280 1031 101 67 quod
1344 1031 114 67 nulla
1420 1031 139 67 persona
1521 1031 114 67 aliam
1597 1031 165 67 praecedit
1711 1031 127 67 eternita

1057 1083 108 59 te:
1118 1083 108 59 aut
1180 1083 169 59 excedit
1303 1083 231 59 magnitudie:
1487 1083 108 59 aut
1549 1083 169 59 superat
1656 1083 185 59 potestate.

1062 1114 90 68 Ob
1107 1114 104 68 hoc
1167 1114 119 68 ergo
1241 1114 119 68 tres
1316 1114 179 68 personas
1450 1114 134 68 recte
1540 1114 179 68 credimus
1674 1114 90 68 et
1704 1114 134 68 dicimus

1062 1165 118 62 vnum
1136 1165 132 62 deum.
1224 1165 118 62 quia
1298 1165 103 62 vna
1357 1165 162 62 prorsus
1474 1165 206 62 eternitas:
1636 1165 103 62 vna
1680 1165 162 62 vniuersi-

1060 1204 124 64 tas:
1137 1204 108 64 vna
1199 1204 139 64 trium
1291 1204 216 64 personarum
1461 1204 201 64 naturalis
1616 1204 108 64 est
1662 1204 170 64 diuinitas

1064 1241 98 68 Hec
1120 1241 112 68 Aug.
1190 1241 70 68 ¶
1218 1241 154 68 Secundo
1330 1241 168 68 probatur
1456 1241 154 68 ratione
1567 1241 210 68 Bonauenture
1721 1241 112 68 supra.

1051 1286 109 60 quia
1119 1286 95 60 non
1174 1286 136 60 potest
1269 1286 122 60 maior
1351 1286 177 60 equalitas
1486 1286 204 60 excongitari
1650 1286 109 60 quam
1718 1286 95 60 vbi
1758 1286 82 60 vnum

1063 1334 137 62 equatur
1162 1334 74 62 et
1199 1334 99 62 vni:
1261 1334 74 62 et
1298 1334 149 62 pluribus
1410 1334 74 62 et
1447 1334 137 62 omnibus
1547 1334 87 62 sed
1596 1334 74 62 in
1633 1334 137 62 diuinis
1733 1334 87 62 sic
1770 1334 62 62 est

1063 1376 96 59 quia
1123 1376 119 59 tantus
1206 1376 84 59 est
1254 1376 107 59 pater
1326 1376 131 59 quantus
1421 1376 131 59 filius.
1517 1376 72 59 et
1553 1376 107 59 etiam
1624 1376 119 59 tantus
1708 1376 84 59 est
1744 1376 96 59 filius

1070 1415 98 64 intus
1135 1415 98 64 pater
1200 1415 65 64 et
1233 1415 130 64 spiritus
1330 1415 130 64 sanctus.
1428 1415 65 64 et
1460 1415 108 64 tantus
1536 1415 98 64 etiam
1601 1415 108 64 filius
1677 1415 119 64 quantus
1753 1415 76 64 omnes

1052 1454 97 63 tres.
1117 1454 65 63 vt
1149 1454 129 63 Magister
1246 1454 108 63 ibidem
1321 1454 129 63 scilicet
1418 1454 86 63 din.
1472 1454 86 63 xix.
1526 1454 97 63 dicit
1590 1454 65 63 et
1623 1454 151 63 Augustinus
1741 1454 75 63 Non
1773 1454 65 63 enim

1045 1503 131 52 maior
1133 1503 102 52 est
1191 1503 175 52 essentia
1323 1503 88 52 in
1366 1503 146 52 tribus
1468 1503 117 52 quam
1541 1503 88 52 in
1585 1503 146 52 duabs:
1687 1503 102 52 nec
1745 1503 88 52 in
1775 1503 58 52 du

1051 1538 109 59 abus
1119 1538 109 59 quam
1187 1538 81 59 in
1228 1538 109 59 vna.
1296 1538 109 59 quia
1364 1538 109 59 tota
1432 1538 95 59 est
1486 1538 81 59 in
1527 1538 163 59 singulis
1649 1538 81 59 et
1690 1538 149 59 similis
1785 1538 54 59 in

1051 1579 153 70 omnibus
1162 1579 69 70 ¶
1190 1579 139 70 Tertio
1287 1579 153 70 onditur
1398 1579 208 70 inductione.
1565 1579 97 70 Nam
1621 1579 167 70 secundum
1732 1579 97 70 Bona-

1050 1621 99 72 uen.
1111 1621 124 72 supra.
1198 1621 74 72 et
1235 1621 136 72 similis
1334 1621 87 72 di.
1383 1621 87 72 et.
1433 1621 124 72 primi.
1520 1621 74 72 et
1557 1621 173 72 Scotorlis.
1693 1621 148 72 aliosque
1792 1621 49 72 re

1051 1672 210 63 colligendo.
1219 1672 210 63 Inequalitas
1387 1672 112 63 siue
1457 1672 126 63 magis
1541 1672 84 63 et
1583 1672 126 63 minus
1667 1672 140 63 potest
1751 1672 84 63 con-

1051 1706 174 60 siderari
1181 1706 174 60 pluribus
1311 1706 145 60 modis.
1413 1706 130 60 Primo
1500 1706 87 60 in
1543 1706 232 60 comperatione
1732 1706 87 60 ad
1761 1706 72 60 ori

1056 1750 128 70 ginem.
1146 1750 116 70 sicut
1223 1750 77 70 in
1262 1750 167 70 creaturis
1390 1750 116 70 maius
1467 1750 141 70 dicitur
1570 1750 103 70 quod
1634 1750 90 70 est
1685 1750 128 70 prius:
1762 1750 77 70 puta

1049 1799 121 60 pater
1129 1799 148 60 dicitur
1236 1799 121 60 maior
1317 1799 94 60 suo
1371 1799 121 60 filio
1451 1799 228 60 originaliter.
1639 1799 94 60 Hec
1693 1799 81 60 no
1733 1799 94 60 est
1773 1799 54 60 in

1059 1833 118 63 peo.
1133 1833 118 63 quia
1207 1833 103 63 ibi
1265 1833 103 63 est
1324 1833 191 63 equalitas
1472 1833 177 63 omnimoda
1589 1833 236 63 coeternitatis.

1051 1872 159 66 Secundo
1166 1872 145 66 potest
1268 1872 217 66 considerari
1442 1872 130 66 magis
1529 1872 101 66 vel
1587 1872 130 66 minus
1674 1872 87 66 in
1703 1872 130 66 quanti-

1044 1916 136 64 tatis
1134 1916 120 64 mole
1210 1916 105 64 vel
1270 1916 226 64 extensione.
1451 1916 136 64 sicut
1541 1916 120 64 mons
1616 1916 136 64 maior
1707 1916 105 64 est
1752 1916 75 64 col

1048 1960 97 64 le.
1104 1960 97 64 Hec
1159 1960 125 64 etiam
1243 1960 97 64 non
1298 1960 97 64 est
1354 1960 83 64 in
1396 1960 167 64 diuinis:
1521 1960 83 64 vt
1563 1960 139 64 patuit
1660 1960 139 64 supra.
1744 1960 83 64 Ter-

1048 2005 101 60 tio
1105 2005 86 60 in
1148 2005 144 60 valore
1249 2005 101 60 vel
1307 2005 259 60 appreciatione.
1522 2005 130 60 sicut
1609 2005 158 60 dicimus
1724 2005 115 60 quod
1781 2005 58 60 au

1047 2049 94 58 rum
1100 2049 147 58 maioris
1207 2049 241 58 praeciositatis
1408 2049 80 58 et
1448 2049 147 58 valoris
1555 2049 94 58 est
1609 2049 161 58 argento.
1729 2049 94 58 Nec
1769 2049 54 58 ta

1053 2080 90 74 lis
1104 2080 192 74 inequalitas
1258 2080 90 74 est
1309 2080 77 74 in
1348 2080 128 74 diuins
1437 2080 166 74 personis.
1565 2080 102 74 quia
1629 2080 90 74 ibi
1680 2080 90 74 est
1719 2080 102 74 omnimo

1049 2126 85 68 da
1091 2126 185 68 equalitas
1233 2126 185 68 virtutis.
1375 2126 142 68 Quarto
1475 2126 142 68 potest
1574 2126 213 68 considerari
1745 2126 85 68 in
1773 2126 57 68 po

1046 2177 153 53 testate
1157 2177 97 53 per
1213 2177 237 53 comperationem
1408 2177 84 53 ad
1450 2177 181 53 effectum.
1589 2177 125 53 sicut
1673 2177 97 53 sol
1715 2177 111 53 poten-

1048 2212 116 61 tior
1121 2212 102 61 est
1179 2212 87 61 in
1223 2212 102 61 cau
1281 2212 131 61 sando
1368 2212 116 61 quam
1441 2212 160 61 stella.
1557 2212 102 61 Sed
1615 2212 102 61 nec
1673 2212 131 61 talis
1746 2212 87 61 ine-

1049 2254 163 61 qualitas
1172 2254 123 61 habet
1254 2254 82 61 in
1294 2254 163 61 personis
1417 2254 136 61 diuins
1512 2254 136 61 locum:
1608 2254 150 61 quoniam
1716 2254 82 61 vt
1744 2254 95 61 dicit

1051 2299 124 55 Aug.
1128 2299 139 55 opera
1221 2299 217 55 trinitatis
1391 2299 124 55 sunt
1468 2299 201 55 indiuisa.
1623 2299 124 55 Ideo
1685 2299 139 55 taliter

1046 2342 111 61 vna
1110 2342 174 61 persona
1236 2342 111 61 non
1300 2342 111 61 est
1363 2342 143 61 maior
1458 2342 174 61 altera.
1585 2342 159 61 Quinto
1696 2342 95 61 in
1728 2342 95 61 sub-

1056 2380 162 65 tantiali
1177 2380 175 65 entitate.
1311 2380 121 65 sicut
1392 2380 148 65 dicimus
1500 2380 108 65 quod
1567 2380 189 65 substantia
1715 2380 94 65 est
1756 2380 67 65 ma-

1044 2430 109 53 gis
1107 2430 109 53 ens
1169 2430 124 53 quam
1247 2430 202 53 accidens.
1402 2430 93 53 Et
1449 2430 109 53 nec
1511 2430 124 53 ista
1589 2430 140 53 habet
1682 2430 140 53 locum
1760 2430 62 53 in

1058 2471 157 60 piuinis
1172 2471 171 60 personis
1300 2471 100 60 vbi
1357 2471 100 60 est
1414 2471 128 60 eadem
1499 2471 171 60 essentia
1628 2471 85 60 et
1670 2471 142 60 nullum
1756 2471 71 60 ac-

1054 2506 160 73 cidens.
1171 2506 131 73 Sexto
1258 2506 87 73 in
1301 2506 218 73 perfectione
1476 2506 87 73 et
1519 2506 160 73 virtute
1636 2506 116 73 siue
1694 2506 145 73 bonitate

1047 2550 131 66 Sicut
1135 2550 160 66 dicimus
1251 2550 116 66 quod
1324 2550 87 66 in
1367 2550 160 66 diuinis
1484 2550 102 66 est
1542 2550 204 66 equalitas.
1702 2550 87 66 et
1731 2550 102 66 nulla

1043 2591 210 69 inequalitas
1211 2591 98 69 est
1267 2591 84 69 in
1309 2591 210 69 attributali
1476 2591 224 69 perfectione:
1658 2591 112 69 puta
1714 2591 112 69 poten-

1046 2635 107 58 tia:
1113 2635 188 58 sapientia:
1260 2635 174 58 iusticia:
1394 2635 161 58 pietate:
1514 2635 174 58 bonitate:
1648 2635 80 58 et
1675 2635 161 58 huiusmodi.

1055 2673 86 71 Et
1098 2673 101 71 sic
1155 2673 130 71 patet
1242 2673 115 71 quod
1314 2673 86 71 in
1357 2673 101 71 deo
1415 2673 101 71 est
1473 2673 130 71 summa
1559 2673 86 71 et
1602 2673 173 71 omnimoda
1718 2673 115 71 equali

1040 2721 114 61 tas
1105 2721 114 61 que
1170 2721 163 61 nullam
1284 2721 196 61 admittit
1431 2721 277 61 inequalitatem
1643 2721 196 61 perfectio-

1049 2767 128 64 nis:
1129 2767 96 64 vt
1177 2767 176 64 claruit
1304 2767 80 64 ¶
1336 2767 192 64 Preterea
1480 2767 144 64 summa
1576 2767 207 64 equalitas
1719 2767 128 64 perso
