2228 3288
351 311 130 76 narum
437 311 188 76 diuinarum
581 311 130 76 patet
668 311 87 76 ex
711 311 101 76 hoc
769 311 115 76 quod
841 311 115 76 sunt
899 311 245 76 circumincessiue

353 368 79 58 i
385 368 95 58 se
432 368 173 58 inuicem
558 368 142 58 mutuo
653 368 95 58 De
700 368 126 58 ista
779 368 315 58 Circumincessione
1031 368 126 58 patuit

363 421 137 64 supra
454 421 152 64 capulo
545 421 167 64 speciali-

365 439 129 98 ¶
417 439 155 98 In
495 439 259 98 quibus
676 439 285 98 ponitur
857 439 285 98 Equalitas

361 522 76 51 in
399 522 153 51 diuinis:
514 522 191 51 Respondetur
667 522 153 51 secundum
781 522 114 51 Guil.
857 522 76 51 in
896 522 114 51 primo
972 522 89 51 di.
1023 522 102 51 xix.
1074 522 76 51 quod

364 558 127 58 Aug.
444 558 95 58 de
491 558 127 58 fide
571 558 95 58 ad
618 558 159 58 petrum
729 558 159 58 posuit
840 558 238 58 Equalitatem
1015 558 127 58 diuin-

362 601 98 62 rum
418 601 195 62 personarum
571 601 84 62 in
613 601 140 62 tribus
711 601 126 62 istis
795 601 168 62 scilicet
921 601 195 62 Magnitudo.
1060 601 84 62 Eter

372 639 131 59 nitas:
463 639 78 59 et
503 639 170 59 potentia.
633 639 65 59 ¶
659 639 91 59 Sed
712 639 131 59 quomod
803 639 170 59 praedicta
934 639 105 59 tria
999 639 157 59 scilicet
1104 639 52 59 Ma

362 682 189 69 gnitudo:
504 682 220 69 Eternitas:
677 682 94 69 et
724 682 189 69 Potentia
865 682 94 69 in
912 682 110 69 deo
959 682 189 69 differunt:

377 722 151 67 Notandum
491 722 151 67 secundum
604 722 76 67 e.
642 722 113 67 Guil.
718 722 101 67 quod
781 722 164 67 Magnitudo
907 722 139 67 dicitur
995 722 164 67 tripliciter

387 766 76 74 ¶
417 766 107 74 Uno
478 766 122 74 modo
555 766 168 74 dicitur
677 766 153 74 magnum
784 766 92 74 vt
830 766 199 74 opponitur
983 766 153 74 multo.
1075 766 76 74 Nam

367 809 109 60 sic
429 809 202 60 magnitudo
584 809 140 60 solum
677 809 109 60 est
739 809 93 60 in
785 809 202 60 quatitate
940 809 186 60 continua
1064 809 93 60 emul

371 858 139 50 titudo
469 858 84 50 in
510 858 195 50 quantitate
664 858 181 50 discreta.
803 858 84 50 Ut
845 858 125 50 patet
928 858 97 50 per
970 858 181 50 philosophum

371 892 93 63 x.
418 892 171 63 metaph.
543 892 171 63 Quamuis
667 892 140 63 autem
761 892 93 63 in
807 892 171 63 diuinis
932 892 109 63 non
994 892 109 63 sit
1041 892 109 63 magni

384 935 120 57 tudo
459 935 226 57 quantitatis
640 935 180 57 continue
775 935 105 57 que
835 935 105 57 est
895 935 90 57 in
940 935 211 57 quantitate
1091 935 75 57 mo-

374 974 103 63 lis
433 974 132 63 tamen
521 974 103 63 ibi
580 974 103 63 est
639 974 191 63 magnitudo
786 974 177 63 virtutis
919 974 191 63 infinite.
1066 974 88 63 Et
1095 974 59 63 in

372 1020 179 56 fingulis
506 1020 209 56 personalis
671 1020 104 56 est
730 1020 194 56 infinitas
879 1020 209 56 equaliter.
1044 1020 119 56 Item
1103 1020 60 56 iu

373 1057 100 70 xta
430 1057 158 70 nostrum
545 1057 129 70 modum
631 1057 230 70 intelligendi
818 1057 172 70 secundum
947 1057 129 70 Bona.
1033 1057 100 70 est
1076 1057 86 70 ali-

377 1104 122 63 quid
453 1104 92 63 in
499 1104 107 63 deo
560 1104 122 63 quod
636 1104 138 63 habet
728 1104 92 63 se
774 1104 92 63 ad
820 1104 138 63 modum
912 1104 229 63 quantitatis
1080 1104 76 63 con

380 1145 122 58 tinue
462 1145 122 58 Sicut
543 1145 122 58 etiam
624 1145 95 58 ibi
679 1145 95 58 non
733 1145 95 58 est
787 1145 163 58 qualitas
909 1145 149 58 proprie
1004 1145 149 58 accidenta

372 1186 102 59 est
431 1186 131 59 tamen
518 1186 160 59 aliquid
635 1186 117 59 quod
708 1186 88 59 se
752 1186 131 59 habet
839 1186 102 59 per
897 1186 131 59 modum
985 1186 204 59 qualitatis

380 1230 99 63 puta
441 1230 160 63 sapientia
564 1230 160 63 iusticia:
688 1230 197 63 misercordia:
848 1230 148 63 potentia
959 1230 74 63 et
996 1230 172 63 huiusmodi.
1119 1230 49 63 Et

377 1273 90 56 sic
429 1273 116 56 etiam
506 1273 103 56 idem
571 1273 116 56 Guil.
648 1273 116 56 dicit
726 1273 103 56 quod
790 1273 142 56 quamuis
894 1273 77 56 in
932 1273 90 56 deo
984 1273 90 56 non
1036 1273 90 56 sit
1075 1273 77 56 quat

380 1312 140 57 titas
474 1312 202 57 continua.
629 1312 140 57 Tamen
722 1312 202 57 eternitas
877 1312 93 57 se
923 1312 140 57 habet
1016 1312 93 57 ad
1047 1312 109 57 modum

372 1357 223 52 quantitatis
550 1357 193 52 continue.
699 1357 89 52 Et
743 1357 119 52 ipse
818 1357 163 52 persone
936 1357 178 52 dicuntur
1055 1357 104 52 Equa-

370 1392 95 68 les
425 1392 81 68 in
465 1392 190 68 eternitate
615 1392 108 68 quia
682 1392 81 68 ab
723 1392 136 68 eterno
818 1392 108 68 sunt
886 1392 81 68 et
926 1392 122 68 erunt
1008 1392 136 68 semper
1089 1392 68 68 etc

390 1438 70 67 ¶
418 1438 153 67 Secundo
530 1438 139 67 magnum
627 1438 153 67 dicitur
739 1438 84 67 vt
781 1438 181 67 opponitur
920 1438 139 67 paruo.
1018 1438 84 67 Et
1059 1438 98 67 sic
1101 1438 56 67 lo

380 1484 163 54 quitur
494 1484 163 54 Diony.
607 1484 114 54 ix.
672 1484 98 54 de
721 1484 114 54 di.
786 1484 114 54 no.
851 1484 130 54 Deus
932 1484 163 54 quippe
1030 1484 130 54 magnus

383 1525 149 62 dicitur
492 1525 108 62 quia
559 1525 135 62 cuncta
654 1525 135 62 creata
749 1525 122 62 perua
830 1525 108 62 sunt
897 1525 81 62 in
938 1525 176 62 conspectu
1060 1525 108 62 ipsius

398 1561 74 70 ¶
428 1561 104 70 Sed
487 1561 148 70 tertio
591 1561 119 70 modo
665 1561 163 70 dicitur
784 1561 148 70 magnum
887 1561 178 70 absolute
1021 1561 89 70 et
1065 1561 104 70 sic
1110 1561 59 70 lo

394 1608 137 60 quitur
490 1608 110 60 Aug.
559 1608 82 60 de
600 1608 110 60 fide
668 1608 82 60 ad
710 1608 110 60 pte.
778 1608 96 60 dum
833 1608 123 60 ponit
915 1608 206 60 equalitatem
1066 1608 96 60 perso

393 1655 121 50 narum
473 1655 175 50 diuinarum
608 1655 81 50 in
648 1655 94 50 his
702 1655 134 50 tribus
796 1655 161 50 scilicet
917 1655 81 50 in
957 1655 188 50 Magnitudie
1092 1655 67 50 Ete

382 1688 147 56 nitate
485 1688 88 56 et
529 1688 176 56 Potentia
661 1688 176 56 secundum
793 1688 132 56 Bona.
881 1688 88 56 Et
925 1688 132 56 Guil.
1013 1688 88 56 in
1042 1688 132 56 eterni-

391 1734 111 55 tate
461 1734 223 55 considerando
642 1734 84 55 ad
684 1734 125 55 prius
767 1734 111 55 quia
837 1734 97 55 nil
892 1734 139 55 prius.
990 1734 84 55 in
1018 1734 153 55 magnitudi

386 1776 83 53 ne
428 1776 124 53 autem
511 1776 97 53 quo
566 1776 83 53 ad
607 1776 83 53 se
649 1776 97 53 cum
704 1776 111 53 eque
773 1776 111 53 sint
842 1776 166 53 virtutis
967 1776 166 53 infinite
1091 1776 83 53 et
1119 1776 55 53 bo

392 1819 177 53 nitatis.
525 1819 89 53 Et
569 1819 89 53 in
614 1819 177 53 potentia
746 1819 103 53 quo
805 1819 89 53 ad
850 1819 192 53 posterius
997 1819 118 53 quia
1056 1819 118 53 equali

396 1858 176 63 potentia
528 1858 146 63 cuncta
631 1858 161 63 causant
748 1858 88 63 et
792 1858 161 63 condunt
909 1858 161 63 creata.
1026 1858 117 63 ergo
1084 1858 88 63 sunt

385 1900 216 58 Coequales
551 1900 182 58 persone
684 1900 100 58 in
734 1900 216 58 predictis
900 1900 182 58 tribus.
1032 1900 133 58 Item
1099 1900 66 58 Et

392 1946 140 52 litas
485 1946 186 52 fundatur
624 1946 93 52 in
671 1946 248 52 magnitudine.
872 1946 109 52 sed
934 1946 186 52 virtutis
1058 1946 124 52 infini

384 1995 108 50 tas
445 1995 108 50 que
507 1995 108 50 est
568 1995 200 50 magnitudo
722 1995 123 50 dici
799 1995 185 50 pullulat
937 1995 77 50 a
968 1995 154 50 diuina
1060 1995 108 50 essen

388 2033 92 59 tia
441 2033 158 59 secundum
559 2033 132 59 Diony.
652 2033 79 59 de
692 2033 92 59 di.
744 2033 92 59 no.
797 2033 106 59 Ergo
863 2033 172 59 equalitas
995 2033 92 59 est
1048 2033 79 59 in
1075 2033 92 59 iden-

399 2070 135 76 titate
494 2070 189 76 essentiali
643 2070 162 76 virtutis
764 2070 203 76 eternitatis
927 2070 81 76 et
967 2070 203 76 operationis
1116 2070 54 76 vl

392 2120 209 61 potestatis
541 2120 90 61 etc.

454 2154 109 71 ¶
498 2154 131 71 An
563 2154 196 71 sicut
694 2154 153 71 hec
781 2154 305 71 conceditur
1000 2154 175 71 Filius

392 2207 106 67 est
452 2207 166 67 equalis
573 2207 151 67 patri:
679 2207 106 67 sic
740 2207 91 67 et
785 2207 212 67 econuerso.
951 2207 106 67 hec
997 2207 181 67 concedatur

397 2258 118 62 pater
476 2258 92 62 est
528 2258 145 62 equalis
633 2258 131 62 filio:
725 2258 79 62 Et
765 2258 158 62 arguitur
883 2258 105 62 quod
949 2258 92 62 sic
1001 2258 105 62 quia
1054 2258 118 62 relatio

401 2301 201 51 equiperantie
564 2301 125 51 semper
652 2301 88 51 est
702 2301 213 51 conuertibilis
878 2301 138 51 quoniam
978 2301 113 51 sicut
1054 2301 100 51 vnum
1104 2301 75 51 simi

399 2339 91 61 le
444 2339 168 61 dicitur
566 2339 91 61 ad
612 2339 137 61 aliud
704 2339 168 61 simile.
825 2339 107 61 sic
886 2339 213 61 econuerso.
1039 2339 137 61 Equali-

395 2381 89 60 tas
446 2381 115 60 autem
523 2381 89 60 est
574 2381 140 60 relatio
676 2381 204 60 equiparantie
842 2381 115 60 sicut
919 2381 77 60 et
957 2381 128 60 simile
1046 2381 102 60 ergo
1097 2381 77 60 prae

400 2425 125 58 dicta
484 2425 195 58 propositio
637 2425 111 58 bene
706 2425 209 58 conuertitur
874 2425 84 58 et
915 2425 153 58 concedi
1027 2425 125 58 debet
1096 2425 84 58 etc.

397 2469 120 50 Sed
466 2469 103 50 in
517 2469 224 50 oppositum
689 2469 120 50 est
758 2469 138 50 quia
844 2469 172 50 Chrys.
965 2469 155 50 super
1051 2469 120 50 illud

406 2506 107 54 Heb.
472 2506 80 54 i.
513 2506 94 54 Qui
566 2506 94 54 cum
620 2506 94 54 sit
673 2506 174 54 splendor:
807 2506 120 54 dicit
887 2506 107 54 quod
954 2506 134 54 filius
1047 2506 94 54 est
1087 2506 94 54 equa-

400 2550 87 56 lis
449 2550 111 56 patri
523 2550 87 56 sed
573 2550 87 56 non
623 2550 111 56 pater
697 2550 111 56 filio
771 2550 87 56 etc
821 2550 62 56 ¶
846 2550 186 56 Respondetur
994 2550 149 56 secundum
1093 2550 87 56 Guil.

399 2589 139 64 supra
491 2589 124 64 quod
568 2589 201 64 Equalitas
723 2589 201 64 aliquando
877 2589 170 64 nominat
1001 2589 139 64 solum
1078 2589 108 64 respe

404 2637 110 60 ctum
473 2637 221 60 equiperancie
652 2637 83 60 et
694 2637 97 60 sic
749 2637 110 60 bene
818 2637 97 60 est
873 2637 234 60 conuertibilis
1066 2637 110 60 quia
1121 2637 69 60 si-

394 2679 101 59 cut
451 2679 144 59 filius
552 2679 101 59 est
610 2679 158 59 Equalis
725 2679 144 59 patri:
826 2679 101 59 sic
883 2679 86 59 et
927 2679 130 59 filio
1013 2679 158 59 Equalis
1114 2679 72 59 est

401 2722 151 71 pater.
507 2722 196 71 Aliquando
658 2722 136 71 autem
748 2722 196 71 Equalitas
899 2722 136 71 vltra
990 2722 136 71 illum
1065 2722 121 71 respe

1203 288 112 81 ctum
1273 288 154 81 nominat
1385 288 168 81 quaendam
1510 288 126 81 modum
1594 288 154 81 habendi
1706 288 84 81 ab
1748 288 112 81 alio
1817 288 126 81 illam
1887 288 98 81 equa-

1195 360 129 50 litatem.
1292 360 64 50 Et
1324 360 86 50 isto
1378 360 86 50 modo
1432 360 150 50 conceditur
1550 360 86 50 quod
1604 360 107 50 filius
1679 360 75 50 est
1722 360 118 50 equalis
1808 360 97 50 patri
1872 360 86 50 quia
1915 360 54 50 hoc

1208 398 116 56 habet
1286 398 65 56 a
1311 398 129 56 patre.
1402 398 77 56 Et
1441 398 103 56 quia
1505 398 90 56 non
1557 398 116 56 habet
1634 398 194 56 equalitatem
1789 398 116 56 pater
1867 398 65 56 a
1880 398 90 56 filio

1199 443 98 61 ergo
1260 443 73 61 vt
1297 443 86 61 sic
1345 443 98 61 ista
1407 443 86 61 non
1456 443 183 61 conceditur:
1602 443 110 61 pater
1676 443 86 61 est
1724 443 134 61 equalis
1822 443 110 61 filio
1896 443 73 61 vt
1920 443 49 61 di

1211 494 99 46 cit
1268 494 142 46 Chrys.
1367 494 170 46 Exemplum
1494 494 156 46 clarum.
1608 494 113 46 Sint
1678 494 99 46 rex
1735 494 85 46 et
1778 494 128 46 miles
1863 494 85 46 in
1891 494 85 46 cam-

1202 529 89 59 po.
1253 529 77 59 si
1292 529 102 59 tunc
1355 529 153 59 dicatur:
1470 529 89 59 rex
1521 529 89 59 est
1572 529 89 59 cum
1624 529 140 59 milite.
1726 529 77 59 et
1764 529 128 59 lycum:
1853 529 115 59 solum
1917 529 64 59 di-

1203 565 86 55 cat
1252 565 196 55 praesentiam:
1411 565 86 55 sic
1460 565 86 55 est
1510 565 123 55 verum.
1596 565 74 55 Si
1632 565 110 55 autem
1706 565 86 55 cum
1755 565 86 55 hoc
1804 565 110 55 dicat
1866 565 110 55 associa

1206 611 143 60 tionem:
1310 611 91 60 sic
1362 611 91 60 est
1414 611 143 60 falsum.
1518 611 104 60 quia
1583 611 91 60 rex
1634 611 91 60 non
1686 611 156 60 associat
1803 611 156 60 militem:
1920 611 91 60 sed

1199 655 80 64 e
1231 655 191 64 conuerso
1374 655 143 64 miles
1470 655 159 64 regem.
1582 655 112 64 Hec
1629 655 128 64 Guill.

1210 689 126 77 ¶
1260 689 226 77 Utrum
1411 689 226 77 inter
1561 689 276 77 diuinas
1737 689 251 77 personas

1209 752 196 55 equalitas
1360 752 105 55 sit
1420 752 136 55 vnica
1510 752 151 55 nuero:
1616 752 90 55 an
1661 752 256 55 plurificatur:
1872 752 90 55 Ad
1902 752 90 55 hanc

1206 808 232 49 quaestionem
1391 808 232 49 respondendo
1576 808 139 49 ponam
1669 808 201 49 opiniones
1808 808 170 49 doctorum.

1223 837 78 62 ¶
1255 837 140 62 Prima
1348 837 156 62 opinio
1457 837 109 62 est
1519 837 140 62 Rich.
1613 837 93 62 de
1659 837 140 62 meud.
1753 837 140 62 villa
1846 837 140 62 super
1924 837 62 62 i.

1203 885 122 51 dist.
1285 885 109 51 xix.
1353 885 95 51 ar.
1407 885 109 51 iii.
1475 885 109 51 Quod
1543 885 81 51 in
1584 885 136 51 tribus
1679 885 163 51 personis
1801 885 122 51 diuis
1882 885 95 51 est
1923 885 68 51 vna

1218 922 169 55 equalitas
1348 922 143 55 numero.
1452 922 117 55 Cuius
1530 922 117 55 ratio
1608 922 104 55 est.
1672 922 104 55 quia
1737 922 78 55 ex
1776 922 91 55 quo
1828 922 143 55 relatio
1919 922 65 55 mul

1212 965 199 53 tiplicatur
1368 965 85 53 ad
1411 965 285 53 multiplicationem
1653 965 213 53 fundamenti:
1824 965 114 53 ideo
1880 965 100 53 equa-

1206 1004 122 61 litas
1288 1004 95 61 non
1342 1004 136 61 potest
1437 1004 163 61 numerari
1559 1004 95 61 vel
1613 1004 217 61 multiplicari
1790 1004 108 61 nisi
1844 1004 149 61 numeretur

1204 1048 167 71 proprium
1329 1048 111 71 eius
1399 1048 223 71 fundamentum.
1580 1048 97 71 sed
1636 1048 111 71 quia
1705 1048 84 71 in
1747 1048 167 71 personis
1859 1048 125 71 diuinis

1222 1087 100 61 est
1279 1087 143 61 vnicum
1379 1087 215 61 fundamentum
1551 1087 229 61 equalitatis:
1737 1087 114 61 puta
1808 1087 172 61 essentia
1922 1087 72 61 di-

1207 1129 121 63 uina
1283 1129 91 63 et
1328 1129 121 63 eius
1404 1129 197 63 magnitudo
1556 1129 121 63 siue
1632 1129 197 63 infinitas
1784 1129 182 63 virtutis
1905 1129 91 63 quae

1214 1179 81 69 est
1261 1179 150 69 quantitas
1376 1179 184 69 spiritualis.
1525 1179 92 69 ergo
1571 1179 58 69 etc

1257 1223 118 67 ¶
1305 1223 165 67 Sed
1399 1223 189 67 dit.
1517 1223 307 67 Auicenna.
1754 1223 189 67 vii.
1848 1223 142 67 Heta

1226 1277 103 64 phy.
1290 1277 90 64 ca.
1342 1277 77 64 de
1380 1277 180 64 relatione:
1522 1277 128 64 dicit.
1612 1277 103 64 quod
1676 1277 77 64 in
1714 1277 128 64 duobus
1804 1277 167 64 fratribus
1920 1277 77 64 sunt

1227 1320 93 58 due
1280 1320 239 58 fraternitates.
1479 1320 106 58 ergo
1545 1320 66 58 a
1572 1320 133 58 simili
1664 1320 80 58 in
1704 1320 133 58 duobus
1797 1320 172 58 equalibus
1916 1320 80 58 sunt

1228 1361 99 65 pue
1284 1361 225 65 equalitates.
1467 1361 113 65 Item
1538 1361 85 65 in
1580 1361 99 65 vno
1637 1361 127 65 patre
1721 1361 113 65 tres
1792 1361 141 65 filios
1876 1361 127 65 habente

1219 1406 114 62 tres
1290 1406 114 62 sunt
1361 1406 199 62 respectus.
1518 1406 114 62 quia
1589 1406 185 62 respectus
1731 1406 100 62 vel
1788 1406 199 62 relationes
1931 1406 71 62 nu-

1215 1446 180 66 merantur
1350 1446 105 66 per
1410 1446 225 66 nuerationem
1590 1446 225 66 terminorum.
1771 1446 180 66 subiecto
1891 1446 105 66 manen

1222 1491 68 57 te
1256 1491 91 57 vno.
1313 1491 91 57 ergo
1370 1491 148 57 similiter
1484 1491 68 57 in
1518 1491 125 57 diuins.
1609 1491 57 57 ¶
1632 1491 171 57 Respondetur
1768 1491 137 57 secundum
1871 1491 114 57 eundem
1939 1491 57 57 Rir

1229 1530 118 58 char.
1308 1530 144 58 ibidem:
1413 1530 105 58 quod
1478 1530 131 58 aliter
1570 1530 92 58 est
1623 1530 79 58 in
1662 1530 92 58 deo
1714 1530 79 58 et
1754 1530 131 58 aliter
1846 1530 79 58 in
1872 1530 131 58 creaturi

1232 1555 100 75 Nam
1289 1555 86 75 in
1332 1555 186 75 creaturis
1475 1555 186 75 numeratur
1618 1555 186 75 quantitas
1762 1555 86 75 et
1805 1555 186 75 equalitas
1948 1555 86 75 ad

1215 1615 129 62 ipsum
1301 1615 187 62 obiectum.
1444 1615 115 62 vnde
1516 1615 86 62 in
1559 1615 144 62 duobus
1660 1615 187 62 fratribus
1803 1615 115 62 sunt
1875 1615 100 62 due
1918 1615 86 62 fra-

1219 1662 214 57 ternitates.
1390 1662 114 57 quia
1461 1662 114 57 sunt
1532 1662 100 57 duo
1589 1662 157 57 propria
1703 1662 85 57 et
1746 1662 157 57 proxima
1845 1662 157 57 fundamen-

1219 1703 74 52 ta
1256 1703 222 52 fraternitatis:
1441 1703 136 52 quoniam
1539 1703 86 52 due
1589 1703 173 52 substatie.
1725 1703 111 52 aliam
1799 1703 99 52 enim
1848 1703 148 52 substantia

1221 1749 119 51 habet
1300 1749 66 51 a
1326 1749 119 51 patre
1406 1749 106 51 vnus
1472 1749 145 51 frater:
1577 1749 79 51 et
1617 1749 119 51 alius
1696 1749 132 51 aliam.
1789 1749 79 51 et
1828 1749 92 51 per
1881 1749 119 51 aliud
1947 1749 53 51 et

1231 1783 113 56 aliud
1307 1783 138 56 genitum
1407 1783 113 56 esse.
1483 1783 138 56 etiamsi
1583 1783 138 56 gemelli
1684 1783 113 56 frens
1759 1783 188 56 nascerentur
1897 1783 113 56 similis

1237 1824 83 61 In
1279 1824 138 61 tribus
1376 1824 125 61 autem
1459 1824 166 61 personis
1583 1824 152 61 diuinis
1694 1824 138 61 vnicum
1791 1824 138 61 numero
1887 1824 97 61 est
1929 1824 83 61 fun-

1232 1866 156 58 damentum
1349 1866 195 58 equalitatur
1505 1866 156 58 scilicet
1623 1866 91 58 vna
1675 1866 156 58 essentia
1792 1866 130 58 diuina
1870 1866 130 58 infinita

1222 1907 112 63 ideo
1292 1907 98 63 non
1348 1907 98 63 est
1404 1907 70 63 a
1433 1907 140 63 simili
1531 1907 211 63 argumentum.
1699 1907 84 63 et
1741 1907 98 63 sic
1797 1907 98 63 non
1840 1907 168 63 concludit.

1261 1952 86 55 Ad
1304 1952 130 55 aliud
1390 1952 115 55 idem
1462 1952 130 55 Rich.
1548 1952 130 55 dicit
1635 1952 115 55 quod
1707 1952 86 55 in
1750 1952 115 55 casu
1822 1952 101 55 dum
1879 1952 115 55 vnus
1937 1952 72 55 pat

1231 1992 132 57 pabet
1319 1992 117 57 tres
1393 1992 147 57 filios
1495 1992 220 57 concedendum
1671 1992 103 57 est
1730 1992 117 57 quod
1803 1992 88 57 in
1847 1992 117 57 illo
1905 1992 103 57 patre

1230 2033 117 67 sunt
1303 2033 117 67 tres
1376 2033 233 67 paternitates
1566 2033 88 67 ad
1610 2033 117 67 tres
1683 2033 146 67 filios
1785 2033 131 67 sicut
1872 2033 117 67 sunt
1930 2033 88 67 tres

1221 2084 202 52 respectus
1377 2084 171 52 numero:
1501 2084 155 52 eoquod
1610 2084 124 52 tres
1688 2084 249 52 generationes
1890 2084 93 52 de
1921 2084 93 52 sub-

1227 2121 160 57 stantia
1344 2121 160 57 patris:
1460 2121 160 57 etiamsi
1577 2121 160 57 gemelli
1694 2121 233 57 nascerentur.
1883 2121 102 57 nam
1927 2121 87 57 alia

1227 2162 162 57 virtute
1345 2162 192 57 formatiua
1492 2162 177 57 formatus
1625 2162 133 57 esset
1713 2162 118 57 vnus
1787 2162 88 57 et
1831 2162 118 57 alia
1890 2162 118 57 alius.

1227 2203 103 55 Sed
1286 2203 118 55 quia
1360 2203 206 55 relationis
1522 2203 118 55 esse
1596 2203 88 55 et
1640 2203 177 55 differre
1772 2203 177 55 dependet
1905 2203 103 55 non
1949 2203 59 55 so

1232 2240 93 60 um
1279 2240 78 60 a
1310 2240 187 60 subiecto
1450 2240 109 60 sed
1513 2240 140 60 etiam
1606 2240 78 60 a
1637 2240 171 60 termino
1762 2240 93 60 et
1809 2240 78 60 a
1840 2240 156 60 causa.
1933 2240 78 60 hu-

1233 2296 167 51 iusmodi
1354 2296 137 51 autem
1446 2296 213 51 relationis
1613 2296 167 51 paterne
1734 2296 152 51 plures
1841 2296 137 51 filii
1917 2296 91 51 sunt

1223 2340 160 53 plures
1335 2340 176 53 termini
1463 2340 272 53 paternitatis.
1687 2340 96 53 et
1735 2340 160 53 plures
1847 2340 128 53 sunt
1911 2340 112 53 cause

1230 2370 85 68 per
1278 2370 97 68 quas
1339 2370 97 68 sunt
1399 2370 109 68 termi
1472 2370 97 68 ipsi
1533 2370 121 68 filii.
1617 2370 157 68 Similiter
1739 2370 73 68 ex
1775 2370 109 68 parte
1848 2370 121 68 patris
1920 2370 85 68 respe

1231 2424 94 43 ctu
1284 2424 148 43 plurium
1392 2424 175 43 filiorum:
1526 2424 121 43 cause
1607 2424 215 43 paternitatis
1781 2424 148 43 proprie
1889 2424 81 43 et
1916 2424 107 43 proxie

1231 2457 143 57 plures
1331 2457 128 57 sunt.
1416 2457 114 57 ergo
1487 2457 114 57 etc.
1559 2457 100 57 Sed
1616 2457 86 57 in
1659 2457 143 57 diuins
1758 2457 114 57 tres
1830 2457 157 57 persone
1929 2457 86 57 vnum

1228 2503 112 49 sunt
1298 2503 84 49 in
1340 2503 84 49 re
1383 2503 98 49 per
1439 2503 112 49 quam
1509 2503 98 49 est
1565 2503 84 49 in
1607 2503 98 49 eis
1664 2503 197 49 equalitas:
1818 2503 98 49 hoc
1874 2503 98 49 est
1931 2503 84 49 in
1959 2503 56 49 re

1239 2544 189 47 bonitatis
1385 2544 87 47 et
1428 2544 174 47 virtutis
1559 2544 232 47 essentialis.
1748 2544 116 47 quia
1820 2544 131 47 vnica
1893 2544 116 47 numero

1227 2577 189 61 essentia:
1373 2577 102 61 vna
1431 2577 204 61 magnitudo:
1592 2577 87 61 et
1635 2577 189 61 quantitas
1781 2577 175 61 infinite
1897 2577 117 61 virtu-

1225 2623 134 69 tis.
1309 2623 134 69 ergo
1393 2623 117 69 vna
1460 2623 117 69 est
1527 2623 168 69 numero
1645 2623 235 69 equalitas.
1829 2623 117 69 Hec
1880 2623 117 69 Rich.

1233 2666 84 59 ¶
1267 2666 185 59 Secunda
1401 2666 168 59 opinio
1519 2666 118 59 est
1586 2666 151 59 Petri
1687 2666 101 59 de
1737 2666 151 59 Aqula
1838 2666 151 59 dicti
1922 2666 101 59 Sco-

1228 2709 149 76 torlis.
1337 2709 109 76 quod
1405 2709 176 76 Equalitas
1541 2709 81 76 in
1581 2709 122 76 diuis
1663 2709 122 76 etiam
1744 2709 231 76 plurificatur.
1920 2709 109 76 Ratio.
