2245 3305
220 315 138 57 tentia
317 315 179 57 generandi
454 315 96 57 vel
509 315 165 57 spirandi
633 315 96 57 non
688 315 193 57 continetur
839 315 96 57 sub
880 315 124 57 omnipo-

220 357 154 58 tentia.
332 357 98 58 Hec
388 357 140 58 Guill.
487 357 84 58 et
529 357 197 58 Scotorlis.
683 357 70 58 ¶
711 357 84 58 Ad
753 357 182 58 quaesitum
894 357 112 58 ergo
950 357 56 58 pa

228 402 82 52 tet
275 402 94 52 quod
334 402 140 52 potentia
439 402 117 52 patris
521 402 82 52 non
568 402 70 52 se
603 402 140 52 extendit
708 402 70 52 in
743 402 129 52 praelus
837 402 82 52 qua
884 402 70 52 ad
907 402 94 52 extra.

221 454 101 45 quod
285 454 114 45 autem
360 454 88 45 quo
411 454 76 45 ad
449 454 114 45 intra
525 454 76 45 se
562 454 76 45 in
600 454 101 45 plus
664 454 164 45 extendit:
790 454 88 45 hoc
840 454 88 45 non
878 454 114 45 conclum

236 491 76 46 dit
280 491 185 46 inequalitatem
432 491 141 46 potentie.
541 491 87 46 Unde
595 491 152 46 Augustinus
715 491 76 46 vbi
759 491 87 46 supr
813 491 131 46 scilicet
911 491 76 46 di.
944 491 54 46 xx.

222 529 111 51 primi
296 529 123 51 dicit.
382 529 86 51 Non
431 529 148 51 secundum
542 529 86 51 hoc
591 529 98 51 quod
652 529 111 51 pater
726 529 135 51 genuit:
825 529 74 51 et
862 529 123 51 filius
935 529 62 51 ge-

228 570 112 54 nitus
302 570 100 54 est:
365 570 75 54 et
402 570 150 54 spiritus
514 570 137 54 sanctus
614 570 150 54 procedit
726 570 75 54 ab
763 570 150 54 vtroque:
863 570 137 54 equalitas

226 612 95 62 vel
281 612 204 62 inequalitas
444 612 95 62 ibi
498 612 163 62 existit.
620 612 95 62 Hec
661 612 81 62 ille

249 649 107 67 ¶
291 649 149 67 Sed
377 649 320 67 difficultas
633 649 128 67 ex
696 649 213 67 dictis
824 649 171 67 oritur

238 711 109 49 Unde
306 711 95 49 est
361 711 95 49 hoc
415 711 109 49 quod
484 711 163 49 potentia
606 711 177 49 generandi
742 711 136 49 filium
824 711 177 49 simpliciter

236 759 116 48 dicitur
321 759 127 48 potentia
416 759 63 48 in
448 759 127 48 diuinis:
543 759 63 48 et
575 759 95 48 tamen
638 759 74 48 non
681 759 116 48 dicitur
765 759 148 48 communiter
882 759 106 48 filius
945 759 53 48 po-

232 804 201 46 tentialis
386 804 185 46 potentia
525 804 170 46 passiua
649 804 108 46 seu
710 804 216 46 obiectiua:
865 804 139 46 Respon-

230 842 102 45 detur
298 842 136 45 secundum
400 842 91 45 quod
457 842 102 45 dicit
525 842 113 45 Scotus
604 842 68 45 e.
638 842 79 45 di.
683 842 79 45 xx.
729 842 102 45 primi
797 842 102 45 libro
865 842 68 45 Et
899 842 91 45 post
944 842 57 45 eum

220 883 195 48 Scotorlis.
373 883 83 48 et
415 883 139 48 Guill.
512 883 111 48 quod
582 883 125 48 huius
665 883 125 48 ratio
749 883 111 48 est.
818 883 111 48 quia
874 883 111 48 nomina

220 927 110 48 quae
289 927 138 48 dicunt
385 927 220 48 perfectionem
564 927 220 48 attribuuntur
743 927 165 48 diuinis.
867 927 83 48 Ea
895 927 96 48 autem

232 976 104 44 que
291 976 148 44 dicunt
395 976 267 44 imperfectionem
618 976 89 44 in
662 976 193 44 creaturis
810 976 104 44 non
855 976 133 44 possunt

214 1011 212 43 tranfferri
380 1011 91 43 ad
426 1011 166 43 diuina.
547 1011 106 43 Sed
607 1011 121 43 quia
683 1011 181 43 potentie
819 1011 151 43 actiue
925 1011 91 43 ve

221 1049 194 54 productiue
373 1049 125 54 nomen
456 1049 83 54 in
498 1049 180 54 creaturis
636 1049 125 54 dicit
719 1049 235 54 perfectionem.
899 1049 83 54 ideo

219 1094 120 48 recte
299 1094 147 48 dicitur
405 1094 80 48 in
445 1094 93 48 deo
499 1094 120 48 patre
579 1094 160 48 potentia
699 1094 133 48 actiua
792 1094 187 48 generandi.
925 1094 67 48 Po-

224 1136 145 51 tentie
325 1136 116 51 vero
398 1136 160 51 passiue
514 1136 145 51 nomen:
615 1136 116 51 siue
688 1136 189 51 possibile
818 1136 174 51 correspon-

210 1177 120 45 dens
285 1177 120 45 ipsi
360 1177 180 45 potentie
494 1177 150 45 actiue
599 1177 150 45 tanque
704 1177 120 45 suum
764 1177 224 45 correlatiuum:

220 1221 124 44 dicit
303 1221 261 44 imperfectionem.
522 1221 110 44 Ideo
591 1221 96 44 non
646 1221 151 44 ponitur
756 1221 82 44 in
797 1221 137 44 diuins
893 1221 82 44 vt
920 1221 69 44 di-

218 1266 88 49 cit
269 1266 239 49 imperfectionem.
470 1266 88 49 sed
520 1266 88 49 sub
571 1266 138 49 ratione
671 1266 176 49 principii.
810 1266 76 49 Et
848 1266 88 49 sic
885 1266 101 49 poten-

213 1303 96 63 tia
268 1303 178 63 generandi
405 1303 96 63 est
460 1303 82 63 ad
501 1303 137 63 filium
597 1303 137 63 tanque
692 1303 82 63 ad
734 1303 233 63 principiatum.
912 1303 68 63 non

221 1345 127 47 autem
306 1345 127 47 solet
390 1345 113 47 dici
461 1345 85 47 in
503 1345 127 47 filio
588 1345 169 47 potentia
715 1345 169 47 passiua.
842 1345 71 47 ¶
870 1345 85 47 Et
898 1345 85 47 idem

220 1384 140 56 Guil.
313 1384 109 56 ibi
375 1384 140 56 ponit
468 1384 186 56 Exemplum
607 1384 171 56 clarum.
731 1384 124 56 Quia
809 1384 93 56 vt
840 1384 140 56 habetur

218 1429 116 47 xvi.
290 1429 102 47 di.
348 1429 145 47 primi.
450 1429 174 47 Hilarius
580 1429 189 47 attribuit
725 1429 102 47 hoc
783 1429 145 47 nomen:
870 1429 116 47 maior:

216 1473 84 43 deo
264 1473 121 43 patri:
349 1473 121 43 eoquod
433 1473 109 43 dicit
505 1473 205 43 perfectionem.
674 1473 72 43 et
711 1473 109 43 tamen
783 1473 84 43 non
831 1473 97 43 vult
891 1473 97 43 quod
940 1473 48 43 fi

221 1512 112 56 lius
291 1512 154 56 dicatur
403 1512 140 56 minor.
500 1512 112 56 quia
570 1512 98 56 hoc
626 1512 126 56 dicit
710 1512 265 56 imperfectionem.
919 1512 70 56 Si-

216 1555 140 60 militer
318 1555 89 60 est
369 1555 76 60 in
407 1555 178 60 proposito.
546 1555 76 60 Et
584 1555 89 60 sic
622 1555 102 60 patet.

201 1613 122 102 ¶
249 1613 146 102 Ad
322 1613 292 102 premissa
542 1613 195 102 vide
663 1613 219 102 plura
810 1613 170 102 vbi
883 1613 97 102 de

207 1699 237 57 Omnipotentia
400 1699 89 57 et
445 1699 89 57 de
489 1699 193 57 Potentia.
638 1699 89 57 et
682 1699 104 57 vbi
742 1699 89 57 de
786 1699 193 57 Generandi
920 1699 59 57 po

197 1747 132 56 tentia.

200 1780 124 75 ¶
250 1780 198 75 Item
374 1780 149 75 de
448 1780 372 75 equalitatis
720 1780 273 75 relatione

211 1844 191 57 plurima
350 1844 139 57 Uide
436 1844 122 57 vbi
506 1844 104 57 de
541 1844 208 57 Relatione.

215 1884 96 82 ¶
253 1884 154 82 Item
349 1884 211 82 quomodo
503 1884 192 82 filius
637 1884 211 82 dicitur
791 1884 173 82 minor
887 1884 96 82 pa-

218 1940 101 70 tre
275 1940 101 70 vel
333 1940 129 70 etiam
419 1940 158 70 spiritu
534 1940 158 70 sancto.
649 1940 115 70 Uide
721 1940 101 70 vbi
764 1940 115 70 Maior.

216 1989 217 116 ¶
302 1989 390 116 Rrare
562 1989 303 116 del
693 1989 303 116 Crror

300 2080 90 67 ¶
336 2080 108 67 De
390 2080 126 67 hoc
462 2080 144 67 vide
553 2080 126 67 vbi
607 2080 162 67 Opinio-

230 2113 114 103 ¶
276 2113 206 103 Error
413 2113 228 103 Ioachi
573 2113 137 103 de
641 2113 297 103 trinitate
847 2113 137 103 con-

202 2187 102 70 tra
261 2187 189 70 Magistrum
406 2187 232 70 sententiarum
580 2187 131 70 Ibidem.

219 2228 122 95 ¶
267 2228 195 95 Item
390 2228 147 95 de
463 2228 244 95 errore
634 2228 293 95 Gilberti
829 2228 147 95 Por-

207 2291 167 59 ritan
300 2291 167 59 Ibidem.

263 2342 182 82 Ite
367 2342 156 82 de
445 2342 286 82 erronea
654 2342 312 82 opinione
862 2342 130 82 Pre

213 2387 183 77 positni
347 2387 117 77 vbi
413 2387 250 77 Proprietas.
614 2387 100 77 §.
647 2387 50 77 q

350 2446 223 104 Bse
478 2446 382 104 essentie
764 2446 191 104 et
828 2446 159 104 est

329 2531 113 64 NTe
393 2531 242 64 existentie.
587 2531 129 64 Item
668 2531 97 64 de
716 2531 194 64 Essentia
845 2531 129 64 diuina

205 2577 112 67 Uide
275 2577 84 67 in
317 2577 237 67 precedentibus
512 2577 98 67 vbi
568 2577 84 67 de
610 2577 112 67 Ente
666 2577 209 67 consequentur.

231 2612 107 83 ¶
273 2612 172 83 Item
381 2612 129 83 An
445 2612 129 83 in
510 2612 172 83 esse
617 2612 322 83 quiditatiuo
853 2612 129 83 pos-

200 2678 114 61 sit
265 2678 196 61 voluntas
412 2678 163 61 creata
526 2678 228 61 conformari
705 2678 212 61 voluntati
852 2678 130 61 diuine

198 2718 140 73 Uide
286 2718 123 73 vbi
356 2718 228 73 Uoluntas.
532 2718 105 73 §.
567 2718 88 73 lx.

1225 306 174 117 ¶
1295 306 418 117 Ternitas
1608 306 244 117 seu
1713 306 104 117 E

1256 407 132 58 ternum
1348 407 106 58 Unde
1415 407 159 58 dicitur:
1534 407 106 58 Nota
1600 407 159 58 secundum
1706 407 119 58 Guiller

1272 459 71 46 i.
1308 459 83 46 ix.
1355 459 107 46 primi
1426 459 107 46 libro
1497 459 95 46 quod
1557 459 71 46 vt
1592 459 107 46 etiam
1663 459 118 46 tangit
1734 459 95 46 magnus

1049 492 114 56 Alb.
1120 492 143 56 super.
1220 492 129 56 iiii.
1306 492 186 56 Physicus.
1449 492 171 56 tractatu
1577 492 100 56 vl.
1634 492 186 56 Eternitas
1763 492 71 56 seu

1055 543 144 50 Eternum
1159 543 144 50 dicitur
1264 543 118 50 quasi
1342 543 118 50 extra
1421 543 157 50 terminum
1538 543 91 50 vel
1591 543 170 50 terminos.
1721 543 105 50 quia
1774 543 52 50 ca

1054 578 96 49 ret
1109 578 165 49 terminis
1233 578 165 49 scilicet
1356 578 178 49 principio
1493 578 82 49 et
1534 578 123 49 fine.
1616 578 110 49 Unde
1671 578 151 49 Ebrardus.

1049 627 150 55 Eternum
1158 627 109 55 vere
1227 627 109 55 sine
1295 627 177 55 principio
1431 627 82 55 et
1472 627 109 55 sine
1540 627 123 55 fine.
1622 627 82 55 Et
1663 627 164 55 secundum
1772 627 68 55 Ia-

1045 668 124 51 nuen.
1128 668 83 51 in
1169 668 110 51 lib.
1238 668 193 51 Catholicon
1389 668 110 51 Nota
1458 668 110 51 quod
1527 668 179 51 eternitas
1664 668 151 51 dicitur
1760 668 69 51 per

1049 708 170 59 syncopam
1176 708 127 59 quasi
1261 708 226 59 euiternitas.
1445 708 113 59 Unde
1515 708 141 59 Diony.
1614 708 85 59 et
1656 708 155 59 antiqui
1755 708 71 59 se-

1060 753 71 42 be
1096 753 131 42 vtuntur
1191 753 83 42 vno
1239 753 83 42 pro
1286 753 95 42 alio
1346 753 143 42 scilicet
1453 753 119 42 eterno
1536 753 83 42 pro
1584 753 83 42 euo
1632 753 71 42 et
1667 753 71 42 et
1691 753 131 42 conuerso-

1051 799 109 51 quia
1120 799 109 51 euum
1188 799 96 51 nil
1242 799 123 51 aliud
1324 799 96 51 est
1379 799 109 51 quam
1447 799 177 51 eternitas
1583 799 136 51 quadam
1665 799 164 51 participa-

1047 837 87 47 ta:
1096 837 75 47 vt
1134 837 112 47 dicit
1208 837 99 47 Tho.
1270 837 87 47 di.
1320 837 99 47 xix.
1382 837 124 47 primi.
1469 837 75 47 q.
1506 837 75 47 ii
1543 837 87 47 ar.
1593 837 75 47 i.
1630 837 174 47 Uerumtamen
1754 837 75 47 pro-

1053 877 103 45 prie
1118 877 155 45 loquendo
1234 877 116 45 solus
1312 877 103 45 deus
1376 877 142 45 dicitur
1480 877 155 45 eternus.
1596 877 78 45 et
1635 877 91 45 sic
1687 877 103 45 sibi
1738 877 91 45 soli-

1045 922 198 48 eternitas
1197 922 198 48 conuenit.
1349 922 122 48 Euum
1425 922 137 48 autem
1516 922 182 48 conuenit
1653 922 167 48 angelis
1759 922 61 48 et

1050 963 120 48 telo.
1129 963 106 48 quia
1196 963 159 48 secundum
1315 963 186 48 praedictum
1461 963 146 48 Ianuen.
1568 963 80 48 in
1608 963 186 48 Catholicon
1740 963 80 48 Euum

1044 1004 148 46 proprie
1151 1004 107 46 idem
1218 1004 94 46 est
1272 1004 107 46 quod
1339 1004 148 46 seculum
1446 1004 94 46 vel
1500 1004 134 46 tempus
1594 1004 94 46 vel
1648 1004 148 46 spacium
1741 1004 81 46 quod

1049 1046 97 50 cum
1105 1046 125 50 mundo
1188 1046 125 50 cepit
1272 1046 125 50 esse.
1355 1046 83 50 et
1397 1046 111 50 inde
1466 1046 181 50 Euiternus
1605 1046 167 50 euiterna
1731 1046 83 50 id
1758 1046 56 50 es

1044 1092 256 50 perdurabilis:
1255 1092 136 50 sicut
1345 1092 121 50 sunt
1421 1092 121 50 celi
1496 1092 90 50 et
1542 1092 166 50 angeli.
1662 1092 121 50 Item
1722 1092 106 50 Perpe

1048 1129 95 52 tuum
1107 1129 130 52 proprie
1202 1129 130 52 dicitur
1296 1129 142 52 secundum
1403 1129 118 52 eundem
1485 1129 95 52 quod
1544 1129 106 52 habet
1615 1129 165 52 principium
1745 1129 83 52 sed
1781 1129 47 52 ca

1043 1174 92 45 ret
1095 1174 118 45 fine:
1174 1174 118 45 sicut
1253 1174 118 45 anima
1332 1174 197 45 rationalis.
1489 1174 197 45 Sempiternum
1646 1174 105 45 vero
1699 1174 118 45 proprie

1037 1214 119 43 dicitur
1123 1214 86 43 quod
1177 1214 75 43 cum
1220 1214 119 43 tempore
1307 1214 119 43 incepit
1393 1214 86 43 esse
1447 1214 54 43 a
1468 1214 140 43 principio
1576 1214 140 43 temporis:
1684 1214 65 43 et
1716 1214 75 43 cum
1748 1214 65 43 fine

1049 1258 128 44 poris
1134 1258 170 44 desinit:
1261 1258 85 44 vt
1304 1258 142 44 mundus
1403 1258 170 44 secundum
1531 1258 142 44 statum
1630 1258 113 44 hunc
1686 1258 128 44 genera-

1035 1300 146 50 tionis
1138 1300 88 50 et
1182 1300 248 50 corruptionis:
1386 1300 102 50 sic
1445 1300 88 50 et
1488 1300 146 50 tempus
1591 1300 88 50 et
1635 1300 132 50 motus
1708 1300 102 50 celi-

1045 1337 84 55 Sed
1093 1337 157 55 temporale
1214 1337 133 55 proprie
1310 1337 133 55 dicitur
1406 1337 96 55 quod
1467 1337 60 55 a
1491 1337 108 55 certo
1563 1337 133 55 tempore
1659 1337 133 55 incipit
1756 1337 72 55 et
1780 1337 48 55 vs

1046 1382 97 47 que
1102 1382 83 47 ad
1143 1382 139 47 certum
1240 1382 139 47 tempus
1337 1382 139 47 durat:
1435 1382 125 47 sicut
1518 1382 111 47 sunt
1587 1382 153 47 hominim
1698 1382 125 47 facta
1768 1382 55 47 et

1039 1426 184 48 animalia
1177 1426 153 48 bruta.
1284 1426 107 48 Hec
1346 1426 92 48 ex
1392 1426 107 48 li.
1438 1426 199 48 Catholicon.

1046 1480 126 82 ¶
1096 1480 202 82 Quid
1222 1480 176 82 sit
1323 1480 353 82 Eternitas.
1575 1480 227 82 Respon-

1039 1545 103 53 detur
1107 1545 137 53 secundum
1210 1545 114 53 Guill.
1290 1545 114 53 supra.
1370 1545 92 53 quod
1428 1545 126 53 Boecius
1519 1545 103 53 libro
1588 1545 69 53 de
1622 1545 126 53 consol.
1713 1545 69 53 Et
1736 1545 69 53 con-

1043 1592 110 51 cor.
1112 1592 123 51 Isaac
1194 1592 123 51 libro
1276 1592 246 51 diffinitionum:
1481 1592 96 51 sic
1536 1592 96 51 eam
1591 1592 178 51 diffinit.
1714 1592 96 51 Eter-

1042 1641 132 48 nitas
1130 1641 103 48 est
1189 1641 264 48 interminabilis
1409 1641 117 48 vite
1483 1641 117 48 tota
1556 1641 132 48 simul
1644 1641 88 48 et
1673 1641 147 48 perfecta

1028 1675 225 58 possessio.
1205 1675 112 58 Hec
1253 1675 80 58 ibi

1073 1702 127 91 ¶
1123 1702 203 91 Quid
1250 1702 304 91 importat
1478 1702 330 91 Eternitas
1707 1702 101 91 in

1044 1767 106 58 peo:
1110 1767 199 58 Respondetur
1269 1767 159 58 secundum
1389 1767 120 58 Fran.
1469 1767 120 58 Maro.
1548 1767 80 58 et
1588 1767 93 58 cum
1641 1767 80 58 eo
1681 1767 133 58 Guill.
1761 1767 53 58 e.

1033 1819 99 52 di.
1089 1819 99 52 ix.
1146 1819 141 52 primi.
1245 1819 184 52 Eternitas
1386 1819 99 52 non
1443 1819 99 52 est
1499 1819 113 52 nisi
1570 1819 141 52 quidam
1669 1819 127 52 modus
1739 1819 71 52 in-

1041 1860 163 44 trinsecus
1167 1860 163 44 diuinorum
1292 1860 88 44 qua
1342 1860 113 44 omnia
1417 1860 125 44 diuina
1504 1860 138 44 aeterna
1604 1860 150 44 dicuntur
1717 1860 75 44 in
1742 1860 75 44 deo:

1039 1901 127 62 sicut
1123 1901 211 62 necessitate
1292 1901 169 62 dicuntur
1405 1901 183 62 necessaria.

1033 1940 115 77 ¶
1079 1940 276 77 Notandum
1286 1940 230 77 itaque
1446 1940 184 77 quod
1561 1940 184 77 tres
1653 1940 161 77 assi-

1029 1999 170 59 gnantur
1152 1999 216 59 durationes
1322 1999 139 59 rerum
1415 1999 201 59 precipue:
1570 1999 93 59 vt
1616 1999 139 59 notat
1693 1999 124 59 Guill.

1035 2052 104 49 vbi
1095 2052 149 49 supra.
1199 2052 134 49 vicem
1288 2052 193 49 Eternitas
1436 2052 119 49 Euum
1511 2052 89 49 et
1555 2052 163 49 Tempus.
1674 2052 89 49 He
1704 2052 104 49 autem

1033 2091 141 51 secundum
1139 2091 141 51 Bonauem.
1245 2091 106 51 viii.
1316 2091 82 51 di.
1363 2091 118 51 primi.
1446 2091 106 51 dubio
1516 2091 165 51 litterali.
1646 2091 94 51 vii.
1705 2091 82 51 sic
1740 2091 71 51 acci

1034 2134 161 51 piuntur.
1154 2134 67 51 ¶
1181 2134 121 51 Primo
1261 2134 134 51 nanque
1355 2134 107 51 sunt
1422 2134 134 51 aliqua
1516 2134 94 51 res
1570 2134 107 51 quae
1637 2134 134 51 habent
1717 2134 94 51 tria-

1025 2177 102 50 ista
1089 2177 115 50 simul
1166 2177 153 50 scilicet
1281 2177 192 50 variatione:
1434 2177 217 50 successionem:
1613 2177 77 50 et
1639 2177 166 50 durationem.

1025 2217 96 45 Et
1073 2217 143 45 tales
1169 2217 239 45 mensurantur
1360 2217 175 45 tempore
1487 2217 128 45 quod
1567 2217 112 45 est
1631 2217 159 45 passio
1726 2217 80 45 vel

1039 2254 132 52 numerus
1135 2254 108 52 motus
1207 2254 144 52 secundum
1314 2254 108 52 prius
1386 2254 72 52 et
1422 2254 168 52 posterius.
1554 2254 108 52 iiii.
1625 2254 156 52 Physicus.
1733 2254 72 52 Exem

1023 2294 122 62 plum
1099 2294 92 62 de
1145 2294 260 62 generabilibus
1359 2294 92 62 et
1405 2294 290 62 corruptibilibus
1649 2294 76 62 ¶
1664 2294 138 62 Secundo

1031 2339 106 52 Alie
1097 2339 106 52 sunt
1164 2339 93 52 res
1217 2339 106 52 quae
1283 2339 133 52 habent
1376 2339 213 52 successionem
1549 2339 80 52 et
1589 2339 199 52 durationem.
1736 2339 66 52 sed

1023 2383 112 45 non
1087 2383 160 45 habent
1199 2383 239 45 variationem
1390 2383 96 45 Et
1438 2383 144 45 tales
1534 2383 239 45 mensurantur
1709 2383 96 45 euo:

1030 2418 122 57 sicut
1112 2418 109 57 sunt
1180 2418 163 57 angelici
1302 2418 163 57 spiritus
1425 2418 82 57 et
1465 2418 122 57 celi.
1547 2418 109 57 Unde
1615 2418 149 57 duratio
1710 2418 95 57 eorum

1038 2469 166 47 aliquando
1166 2469 140 47 dicitur
1268 2469 179 47 eternitas.
1408 2469 89 47 sed
1460 2469 115 47 tamen
1536 2469 102 47 tunc
1600 2469 115 47 debet
1677 2469 115 47 large
1740 2469 77 47 capi

1028 2509 161 48 scilicet
1148 2509 94 48 pro
1202 2509 214 48 euiternitate
1376 2509 94 48 vel
1429 2509 107 48 euo.
1496 2509 120 48 sicut
1576 2509 120 48 illud
1657 2509 134 48 dictum
1737 2509 67 48 Al-

1035 2553 174 44 phorabii.
1169 2553 94 44 vel
1222 2553 161 44 secundum
1343 2553 134 44 magnum
1437 2553 107 44 Alb.
1504 2553 121 44 Dauid
1584 2553 134 44 iudei.
1678 2553 107 44 lib.
1732 2553 67 44 dic

1024 2591 158 46 causis.
1139 2591 115 46 Omne
1210 2591 144 46 inquit
1311 2591 115 46 quod
1383 2591 115 46 est:
1455 2591 101 46 aut
1512 2591 101 46 est
1570 2591 101 46 ane
1613 2591 201 46 eternitatem:

1026 2635 107 49 aut
1087 2635 107 49 cum
1148 2635 228 49 eternitate:
1330 2635 107 49 aut
1391 2635 122 49 post
1467 2635 243 49 eternitatem.
1665 2635 107 49 Ibi
1710 2635 107 49 eter-

1021 2675 112 47 nitas
1095 2675 137 47 capitur
1195 2675 87 47 pro
1244 2675 99 47 euo.
1307 2675 162 47 Similiter
1431 2675 75 47 in
1468 2675 162 47 causatico
1593 2675 99 47 Exo.
1655 2675 87 47 xv.
1692 2675 112 47 Dominus

1025 2715 161 62 regnabit
1145 2715 80 62 in
1185 2715 147 62 eternum
1292 2715 80 62 et
1332 2715 134 62 vltra.
1426 2715 94 62 Ibi
1480 2715 80 62 ly
1520 2715 161 62 eternum:
1640 2715 147 62 capitur
1734 2715 67 62 pro
