2247 3306
187 292 123 94 ¶
237 292 221 94 Circa
384 292 172 94 hec
482 292 147 94 de
556 292 196 94 ista
678 292 319 94 exclusiua
899 292 123 94 di-

229 366 102 69 ctie
293 366 154 69 scilicet
408 366 115 69 solus
485 366 192 69 quaestiones
639 366 115 69 sunt.
716 366 141 69 Quomodo
818 366 154 69 capiendo
933 366 77 69 li
959 366 51 69 so

230 419 98 52 lus
286 419 126 52 habet
370 419 196 52 praedicari
524 419 84 52 in
566 419 154 52 diuinis
679 419 84 52 et
721 419 154 52 quomodo
833 419 112 52 non.
903 419 112 52 Nota
959 419 56 52 ad

230 460 90 51 hoc
282 460 154 51 secundum
397 460 116 51 Guil.
475 460 116 51 super
552 460 77 51 i.
590 460 90 51 di.
642 460 103 51 xxi.
706 460 142 51 concor.
809 460 154 51 Bonauem.
912 460 103 51 ibidem

217 510 83 44 q.
259 510 83 44 i.
300 510 83 44 et
341 510 124 44 Rich.
424 510 110 44 quod
493 510 110 44 iste
562 510 166 44 terminus
687 510 124 44 solus
769 510 152 44 capitur
866 510 138 44 triplici

225 547 122 52 ter.
301 547 107 52 Uno
362 547 92 52 mo
408 547 122 52 pure
484 547 275 52 categorematice
714 547 92 52 id
759 547 107 52 est
805 547 214 52 significatie

231 586 90 52 per
283 586 155 52 seipumum
399 586 103 52 sine
463 586 129 52 aliquo
553 586 142 52 addito.
656 586 77 52 Et
695 586 103 52 tunc
759 586 103 52 idem
824 586 90 52 est
875 586 103 52 quod
927 586 77 52 soli

219 632 164 50 tarius.
338 632 89 50 et
383 632 193 50 quammaxie
531 632 104 50 cum
591 632 89 50 re
635 632 104 50 sui
695 632 164 50 generis
814 632 89 50 vt
843 632 164 50 exemplifi

228 671 108 54 cat
289 671 169 54 sanctus
412 671 123 54 Tho.
489 671 139 54 Sicut
582 671 108 54 cum
643 671 169 54 dicimus
767 671 169 54 aliquem
874 671 139 54 religio

235 713 104 50 sum
295 713 134 50 solum
384 713 194 50 incedere.
533 713 119 50 quia
608 713 104 50 non
667 713 134 50 habet
757 713 149 50 alique
861 713 104 50 sui
906 713 104 50 ordis

231 756 144 57 socium.
335 756 117 57 licet
414 756 131 57 multis
505 756 117 57 aliis
583 756 91 57 eum
636 756 248 57 concomitantibus
844 756 104 57 etc.
910 756 91 57 vel
949 756 52 57 ci

234 803 171 54 dicimus
359 803 171 54 aliquem
483 803 140 54 solum
576 803 124 54 esse
653 803 93 54 in
700 803 124 54 domo
777 803 140 54 licet
870 803 124 54 alia
932 803 78 54 mil

222 840 80 56 ta
262 840 107 56 sint
329 840 94 56 cum
382 840 80 56 eo
422 840 94 56 ibi
476 840 94 56 que
529 840 120 56 tamen
609 840 94 56 non
663 840 107 56 sunt
730 840 160 56 homines.
850 840 147 56 Secundo
944 840 53 56 mi

227 880 149 60 dicitur
336 880 122 60 Solus
418 880 109 60 pure
485 880 285 60 syncategorematice
730 880 81 60 id
771 880 95 60 est
825 880 95 60 cum
879 880 136 60 addito
961 880 54 60 si

218 930 206 47 gnificando.
383 930 82 47 et
424 930 110 47 tunc
492 930 151 47 dicitur
602 930 164 47 respectu
725 930 164 47 alicuius
849 930 164 47 respectu
958 930 55 47 cu

225 973 89 49 ius
276 973 140 49 negetur
378 973 192 49 consortium.
532 973 115 49 sicut
608 973 89 49 cum
659 973 153 49 dicitur.
774 973 115 49 solus
851 973 115 49 pater
915 973 89 49 gene-

222 1016 97 49 rat.
283 1016 134 49 notatur
380 1016 97 49 quod
441 1016 73 49 in
477 1016 85 49 hac
526 1016 170 49 praedicato
659 1016 146 49 scilicet
769 1016 146 49 generare
878 1016 109 49 nulla
939 1016 73 49 alia

225 1050 148 58 persona
332 1050 175 58 conuenit.
467 1050 175 58 similiter
602 1050 162 58 dicendo.
724 1050 121 58 solus
805 1050 135 58 petrus
899 1050 94 58 est
940 1050 67 58 ca-

218 1093 109 55 put
281 1093 156 55 totius
390 1093 187 55 ecclesie
530 1093 156 55 Tertio
639 1093 125 55 modo
717 1093 171 55 dicitur
842 1093 140 55 Solus
920 1093 93 55 par-

209 1142 112 48 tim
273 1142 287 48 categorematice
512 1142 96 48 et
560 1142 144 48 parti
656 1142 351 48 syncategorematice.
943 1142 64 48 Et

210 1176 103 52 hoc
269 1176 103 52 est
328 1176 147 52 quando
431 1176 162 52 copulam
549 1176 103 52 vel
608 1176 147 52 verbum
711 1176 221 52 determinat.
888 1176 103 52 non
932 1176 74 52 sub

224 1219 135 44 iectum
318 1219 94 44 aut
372 1219 215 44 praedicatum.
546 1219 121 44 sicut
627 1219 94 44 cum
681 1219 148 44 dicitur
789 1219 121 44 pater
869 1219 94 44 est
910 1219 94 44 solum

216 1263 134 51 deus.
305 1263 104 51 Nam
365 1263 164 51 dicitur
484 1263 253 51 syncategorema
692 1263 193 51 inquantum
826 1263 178 51 determinai

212 1310 148 46 copulam
319 1310 94 46 vel
373 1310 135 46 verbum
468 1310 162 46 scilitet
589 1310 108 46 est.
656 1310 135 46 Daitur
751 1310 108 46 vero
818 1310 189 46 categorema
953 1310 54 46 in

229 1346 164 61 quantum
348 1346 209 61 significat
513 1346 164 61 quendam
632 1346 134 61 modum
721 1346 104 61 quo
781 1346 224 61 praedicatum
945 1346 60 61 in

215 1392 110 57 est
278 1392 189 57 subiecto
420 1392 110 57 hoc
483 1392 110 57 est
546 1392 158 57 deitas
656 1392 142 57 patri
751 1392 110 57 cui
814 1392 110 57 tli
877 1392 126 57 modo
940 1392 63 57 in

223 1429 100 72 est
280 1429 114 72 quod
351 1429 129 72 pater
437 1429 100 72 nil
494 1429 129 72 aliud
580 1429 100 72 est
637 1429 114 72 quam
708 1429 129 72 deus.
794 1429 100 72 Hec
837 1429 100 72 Guil.

232 1472 120 78 ¶
280 1472 144 78 Ad
352 1472 288 78 quesitum
568 1472 240 78 itaque
713 1472 288 78 respodetur

220 1533 174 52 secundum
351 1533 145 52 eundem
453 1533 131 52 Guil.
540 1533 160 52 concor.
657 1533 174 52 Bonauem.
787 1533 87 52 et
831 1533 131 52 Rich.
904 1533 87 52 ibid

219 1580 122 57 Quod
295 1580 107 57 hec
356 1580 152 57 dictio
462 1580 137 57 Solus
554 1580 137 57 capta
645 1580 274 57 categorematice
873 1580 107 57 non
919 1580 76 57 pro

215 1634 179 43 dicatur
345 1634 98 43 in
394 1634 179 43 diuins.
524 1634 114 43 sed
590 1634 196 43 capiendo
736 1634 212 43 syncatego
883 1634 114 43 remat

210 1668 89 49 ce
255 1668 118 49 bene
329 1668 148 49 potest
432 1668 207 49 praedicari
595 1668 148 49 Ratio.
698 1668 118 49 quia
772 1668 104 49 dum
831 1668 163 49 capitur
935 1668 59 49 ca

215 1711 258 44 tegorematice
424 1711 129 44 tunc
505 1711 113 44 est
569 1711 145 44 nomen
666 1711 242 44 adiectiuum:
843 1711 161 44 absolute

209 1751 157 49 ponens
319 1751 110 49 rem
382 1751 141 49 suam.
476 1751 110 49 que
539 1751 110 49 est
602 1751 204 49 solitudo.
759 1751 141 49 circa
854 1751 126 49 suum
916 1751 79 49 sub

223 1792 190 42 stantiuum.
372 1792 81 42 et
413 1792 95 42 sic
467 1792 122 42 valet
548 1792 135 42 tantum
643 1792 149 42 quantum
751 1792 203 42 solitarius.
914 1792 81 42 In
941 1792 54 42 di

210 1831 139 54 uinis
302 1831 139 54 autem
395 1831 217 54 nullatenus
566 1831 217 54 conceditur
736 1831 186 54 terminus
860 1831 139 54 solitud

219 1874 120 47 nis.
294 1874 120 47 Quia
369 1874 90 47 ab
414 1874 150 47 eterno
519 1874 105 47 est
579 1874 210 47 pluralitas
743 1874 210 47 personarum
908 1874 90 47 in
938 1874 60 47 di

216 1916 135 43 uinis
306 1916 75 43 ¶
336 1916 105 43 Nec
396 1916 150 43 potest
501 1916 120 43 dici
576 1916 135 43 pater
665 1916 210 43 solitarius
830 1916 105 43 nec
875 1916 120 43 filius

216 1957 94 59 nec
269 1957 160 59 spiritus
389 1957 147 59 sanctus
496 1957 147 59 quoniam
603 1957 160 59 quelibet
723 1957 147 59 persona
830 1957 134 59 habet.
924 1957 80 59 in
951 1957 53 59 se

211 2005 132 49 aliam
299 2005 103 49 per
358 2005 323 49 circumincessionem.
638 2005 118 49 vnde
711 2005 118 49 ista
785 2005 103 49 non
829 2005 176 49 conceditur

210 2042 118 46 deus
284 2042 103 46 est
343 2042 132 46 solus
431 2042 88 46 id
475 2042 103 46 est
534 2042 220 46 solitarius.
710 2042 118 46 ideo
784 2042 176 46 Hilarius
916 2042 88 46 vt
945 2042 59 46 al

215 2080 147 57 legatur
322 2080 67 57 a
348 2080 174 57 magistero
482 2080 120 57 dist.
562 2080 80 57 ii
603 2080 120 57 primi
683 2080 120 57 dicit
763 2080 120 57 Nobis
843 2080 120 57 neque
910 2080 94 57 soli-

216 2126 152 57 tarius
322 2126 136 57 neque
413 2126 182 57 diuersus
549 2126 227 57 confitendus
731 2126 106 57 est
792 2126 136 57 deus.
883 2126 91 57 Et
913 2126 91 57 pro-

210 2167 102 47 bat
269 2167 117 47 idem
342 2167 132 47 Rich.
430 2167 132 47 dicit
518 2167 117 47 quod
591 2167 102 47 vbi
650 2167 102 47 est
708 2167 132 47 summa
796 2167 190 47 felicitas
928 2167 73 47 ibi

213 2209 109 48 non
275 2209 155 48 potest
383 2209 124 48 esse
461 2209 202 48 solitudo.
616 2209 109 48 cum
678 2209 124 48 amor
755 2209 109 48 non
817 2209 155 48 possit
910 2209 93 48 esse

218 2253 187 56 iocundus
359 2253 125 56 nisi
437 2253 109 56 sit
499 2253 156 56 mutuus
609 2253 125 56 etc.
687 2253 109 56 sed
749 2253 125 56 quia
827 2253 94 56 in
874 2253 109 56 deo
921 2253 78 56 est

220 2301 93 48 ab
267 2301 156 48 eterno
376 2301 140 48 summa
470 2301 218 48 felicitas.
641 2301 125 48 ergo
719 2301 125 48 deus
797 2301 109 48 non
859 2301 109 48 est
906 2301 93 48 sol-

222 2337 178 53 tarius.
351 2337 113 53 Sed
416 2337 97 53 li
465 2337 162 53 solus.
578 2337 195 53 capiendo
708 2337 292 53 syncategoremati-

223 2383 87 46 ce
266 2383 116 46 tunc
338 2383 145 46 privat
439 2383 246 46 associationem
642 2383 173 46 respectu
772 2383 188 46 alicuius.
916 2383 87 46 et
945 2383 58 46 im

239 2428 143 69 portat
339 2428 158 69 aliquam
454 2428 201 69 negationem
611 2428 129 69 circa
697 2428 215 69 praedicatum
869 2428 86 69 vt
898 2428 100 69 predi

230 2466 107 58 ctum
296 2466 107 58 est.
363 2466 107 58 ergo
430 2466 133 58 potest
523 2466 147 58 concedi
629 2466 80 58 in
656 2466 120 58 diuinis

223 2502 119 72 ¶
271 2502 166 72 Sed
366 2502 356 72 difficultas
651 2502 166 72 est
746 2502 238 72 contra
888 2502 119 72 iam

221 2565 135 55 dicta.
316 2565 108 55 quia
384 2565 149 55 Psalmus
492 2565 135 55 canit.
586 2565 95 55 di.
640 2565 95 55 Tum
694 2565 81 55 es
735 2565 108 55 deus
802 2565 135 55 solus.
897 2565 108 55 ergo
951 2565 54 55 vi

226 2610 130 50 detur
312 2610 116 50 quod
385 2610 87 50 in
428 2610 159 50 diuinis
544 2610 159 50 admicti
660 2610 130 50 debet
747 2610 188 50 solitudo.
877 2610 130 50 Respon-

226 2654 106 51 detur
297 2654 141 51 secundum
403 2654 118 51 eundem
485 2654 106 51 Guil.
556 2654 94 51 quod
615 2654 94 51 illa
674 2654 153 51 autoritas
792 2654 153 51 psalemos.
898 2654 106 51 seipsam

233 2692 180 57 declarat.
371 2692 97 57 non
427 2692 111 57 enim
496 2692 152 57 negatur
606 2692 193 57 pluralitas
758 2692 193 57 personarum
910 2692 83 57 in
938 2692 69 57 ea-

219 2738 94 64 dem
272 2738 148 64 deitate
380 2738 94 64 per
434 2738 121 64 verba
515 2738 121 64 illa.
596 2738 94 64 sed
650 2738 135 64 tantum
745 2738 148 64 negatur
839 2738 162 64 pluralitas

1069 311 154 67 deorum
1176 311 139 67 sicut
1269 311 185 67 ponebant
1407 311 185 67 idolatre
1546 311 154 67 plures
1654 311 123 67 esse
1715 311 154 67 essenti-

1068 373 149 49 aliter
1172 373 208 49 distinctos
1336 373 134 49 deos.
1425 373 119 49 Ideo
1499 373 134 49 dicit
1588 373 104 49 tum
1648 373 89 49 es
1692 373 119 49 deus
1752 373 104 49 solus

1071 417 89 44 Ex
1116 417 118 44 quae
1190 417 133 44 paest
1279 417 133 44 error
1367 417 178 44 Socratis
1501 417 104 44 qui
1560 417 133 44 licet
1649 417 148 44 posuit
1753 417 118 44 vnum
1812 417 59 44 de

1072 455 95 48 num
1127 455 217 48 principalem.
1303 455 135 48 tantum
1397 455 135 48 posuit
1492 455 122 48 etiam
1573 455 122 48 alios
1654 455 108 48 deos
1722 455 122 48 minus
1790 455 81 48 prin

1080 497 143 58 cipales
1184 497 104 58 quae
1249 497 247 58 contruocarentur
1457 497 78 58 ad
1495 497 169 58 consilium
1625 497 91 58 dei
1677 497 195 58 principalis
1820 497 52 58 vt

1075 538 152 61 tangit
1181 538 137 61 Sene.
1272 538 121 61 lib.
1348 538 213 61 naturalium
1500 538 182 61 questionum

1117 587 107 75 ¶
1159 587 193 75 Utrum
1288 587 150 75 hec
1374 587 150 75 sit
1460 587 193 75 vera.
1589 587 193 75 solus
1697 587 150 75 patet

1072 659 95 51 est
1127 659 122 51 deus:
1208 659 81 51 Ad
1248 659 95 51 hoc
1302 659 176 51 magister.
1437 659 95 51 di.
1491 659 108 51 xxi.
1559 659 122 51 primi
1640 659 122 51 libri
1721 659 135 51 arguit
1802 659 54 51 ex

1069 697 151 54 verbis
1174 697 196 54 Augustini
1325 697 120 54 quod
1400 697 120 54 non.
1476 697 105 54 Sed
1536 697 120 54 tota
1611 697 181 54 trinitas
1747 697 105 54 est
1807 697 90 54 ve

1070 743 92 51 rus
1122 743 105 51 vnus
1188 743 118 51 deus.
1267 743 145 51 Sanctus
1372 743 105 51 Tho.
1438 743 66 51 e
1464 743 92 51 di.
1517 743 79 51 q.
1556 743 79 51 ii
1596 743 118 51 dicit
1675 743 105 51 quod
1741 743 92 51 hec
1780 743 79 51 locu

1082 783 100 53 tio
1139 783 100 53 est
1196 783 243 53 distinguenda.
1396 783 114 53 Quia
1467 783 171 53 lysolus.
1596 783 143 53 potest
1696 783 143 53 negare
1782 783 71 53 per

1065 820 133 56 sonam
1154 820 89 56 vt
1198 820 104 56 sit
1258 820 163 56 sensus.
1376 820 133 56 nulla
1465 820 118 56 alia
1539 820 163 56 persona
1657 820 74 56 a
1686 820 163 56 persona
1790 820 74 56 pa-

1072 870 95 45 tris
1131 870 83 45 est
1179 870 106 45 deus.
1249 870 71 45 et
1285 870 83 45 sic
1332 870 83 45 est
1379 870 118 45 falsa.
1462 870 95 45 Item
1521 870 118 45 potest
1604 870 130 45 lysolus
1698 870 118 45 negare
1769 870 83 45 essen

1070 908 116 48 tiam.
1148 908 78 48 et
1186 908 90 48 sic
1238 908 129 48 sensus
1328 908 90 48 est
1380 908 103 48 quod
1445 908 90 48 Nil
1496 908 116 48 aliud
1574 908 65 48 a
1600 908 116 48 patre
1677 908 90 48 est
1729 908 116 48 deus.
1793 908 65 48 Nam

1069 955 123 49 aliud
1151 955 82 49 in
1192 955 136 49 neutro
1287 955 136 49 genere
1383 955 150 49 dicitur
1491 955 95 49 quo
1546 955 82 49 ad
1587 955 177 49 essentiam
1723 955 95 49 sed
1764 955 95 49 alius

1083 994 105 49 quo
1143 994 90 49 ad
1188 994 180 49 personam
1323 994 120 49 vnde
1398 994 105 49 hec
1458 994 105 49 est
1519 994 120 49 vera
1594 994 105 49 Nil
1654 994 135 49 aliud
1744 994 75 49 a
1759 994 105 49 patre

1073 1039 92 54 est
1126 1039 105 54 deus
1191 1039 105 54 quia
1257 1039 132 54 filius
1350 1039 119 54 licet
1429 1039 92 54 sit
1482 1039 119 54 alius
1561 1039 119 54 tamen
1640 1039 92 54 non
1693 1039 92 54 est
1745 1039 119 54 aliud
1811 1039 53 54 in

1067 1074 212 53 essentia.
1230 1074 81 53 ¶
1262 1074 114 53 Sed
1327 1074 228 53 Scotorlis.
1507 1074 98 53 et
1555 1074 147 53 Guil.
1653 1074 196 53 Scotiste
1784 1074 81 53 sim

1066 1125 176 51 pliciter
1198 1125 147 51 dicunt
1301 1125 132 51 istam
1389 1125 117 51 esse
1463 1125 147 51 falsam
1565 1125 88 51 de
1609 1125 161 51 virtute
1712 1125 147 51 sermonis

1065 1166 90 44 Et
1110 1166 135 44 patet
1200 1166 105 44 per
1260 1166 165 44 regulas
1379 1166 135 44 supra
1469 1166 180 44 positas.
1604 1166 90 44 §.
1649 1166 105 44 ii.
1708 1166 105 44 Per
1753 1166 105 44 singu

1069 1203 114 50 las.
1140 1203 114 50 iii.
1211 1203 85 50 Ex
1253 1203 128 50 prima
1339 1203 142 50 regula
1438 1203 128 50 patet
1523 1203 99 50 sic
1580 1203 114 50 quia
1651 1203 128 50 huius
1722 1203 142 50 proposi-

1075 1249 153 44 tionis
1182 1249 137 44 Solus
1273 1249 137 44 pater
1365 1249 107 44 est
1426 1249 137 44 deus.
1517 1249 107 44 sua
1578 1249 214 44 conuertens
1746 1249 107 44 est
1792 1249 61 44 fa

1068 1288 78 48 sa
1107 1288 155 48 scilicet
1223 1288 104 48 ista
1288 1288 117 48 Omnis
1366 1288 104 48 deus
1431 1288 91 48 est
1482 1288 130 48 pater.
1573 1288 155 48 sequitur
1690 1288 104 48 enim
1741 1288 117 48 subinfe

1063 1330 132 56 rendo
1151 1330 103 56 sed
1210 1330 147 56 filius
1313 1330 103 56 est
1372 1330 117 56 deus
1445 1330 117 56 ergo
1518 1330 147 56 filius
1621 1330 103 56 est
1680 1330 147 56 pater.
1768 1330 88 56 quod

1064 1374 102 51 est
1122 1374 160 51 falsum.
1238 1374 116 51 ergo
1310 1374 87 51 et
1354 1374 131 51 illud
1441 1374 203 51 antecedens
1600 1374 131 51 omnis
1687 1374 116 51 deus
1760 1374 102 51 est
1803 1374 58 51 pa

1064 1416 106 52 ter.
1130 1416 93 52 est
1183 1416 133 52 falsum
1276 1416 80 52 Et
1316 1416 106 52 quia
1383 1416 120 52 illud
1463 1416 93 52 est
1516 1416 186 52 conuertens
1662 1416 173 52 praedicte
1782 1416 66 52 pro

1069 1455 180 59 positionis
1210 1455 167 59 exclusiue
1339 1455 154 59 scilicet
1454 1455 116 59 solus
1531 1455 116 59 pater
1608 1455 90 59 est
1660 1455 116 59 deus:
1724 1455 128 59 sequitur

1065 1505 102 46 quod
1129 1505 77 46 et
1167 1505 102 46 illa
1231 1505 89 46 sit
1282 1505 128 46 falsa.
1371 1505 89 46 per
1422 1505 128 46 primam
1512 1505 153 46 regulam.
1626 1505 140 46 quoniam
1728 1505 115 46 eadem
1792 1505 64 46 est

1064 1547 156 50 veritas
1177 1547 227 50 conuertentis
1362 1547 85 50 et
1405 1547 170 50 conuerse
1532 1547 170 50 secundum
1660 1547 128 50 omnes
1731 1547 128 50 logicos

1061 1572 84 60 Ex
1103 1572 154 60 secunda
1215 1572 98 60 est
1272 1572 140 60 regula
1370 1572 126 60 patet
1454 1572 112 60 quia
1524 1572 112 60 ista
1594 1572 182 60 exclusiua
1735 1572 126 60 Solus
1805 1572 56 60 pa

1060 1629 103 45 ter
1119 1629 103 45 est
1178 1629 132 45 deus.
1266 1629 147 45 infert
1369 1629 117 45 ista
1442 1629 220 45 vniuersalem
1618 1629 206 45 negatiuam.
1765 1629 88 45 puta

1060 1664 148 59 nullus
1164 1664 133 59 alius
1253 1664 74 59 a
1282 1664 133 59 patre
1371 1664 104 59 est
1430 1664 118 59 deus
1504 1664 104 59 sed
1563 1664 118 59 ista
1637 1664 104 59 est
1696 1664 133 59 falsa
1770 1664 89 59 ergo

1072 1712 85 50 et
1114 1712 127 50 illa.
1199 1712 85 50 Ex
1241 1712 141 50 tertia
1340 1712 141 50 regula
1439 1712 184 50 similiter
1581 1712 141 50 claret
1679 1712 113 50 quia
1750 1712 99 50 hec
1792 1712 57 50 So

1063 1748 102 53 lus
1122 1748 131 53 pater
1209 1748 102 53 est
1267 1748 131 53 deus:
1355 1748 189 53 exponitur
1500 1748 102 53 per
1559 1748 131 53 istam
1632 1748 218 53 affirmatiuam.

1059 1791 150 52 scilicet
1172 1791 113 52 pater
1247 1791 88 52 est
1298 1791 100 52 deus
1360 1791 75 52 et
1398 1791 88 52 per
1448 1791 113 52 istam
1523 1791 163 52 negatiuam
1648 1791 150 52 scilicet
1749 1791 100 52 nullus

1055 1840 120 50 alius
1135 1840 67 50 a
1161 1840 120 50 patre
1241 1840 93 50 est
1294 1840 106 50 deus
1361 1840 106 50 quae
1427 1840 93 50 est
1480 1840 120 50 falsa
1560 1840 106 50 quia
1627 1840 133 50 filius
1720 1840 93 50 est
1760 1840 93 50 alius

1062 1880 67 45 a
1088 1880 120 45 patre
1168 1880 80 45 et
1208 1880 120 45 tamen
1288 1880 93 45 est
1341 1880 120 45 deus.
1421 1880 106 45 ergo
1488 1880 80 45 et
1528 1880 106 45 illa
1594 1880 160 45 exposita
1714 1880 93 45 est
1754 1880 93 45 falsa

1062 1917 157 59 scilicet
1180 1917 118 59 solus
1258 1917 118 59 pater
1337 1917 92 59 est
1389 1917 118 59 deus.
1468 1917 79 59 Ad
1507 1917 92 59 hec
1559 1917 118 59 plura
1638 1917 118 59 etiam
1716 1917 105 59 alia
1768 1917 79 59 quae

1058 1965 179 51 possent
1188 1965 162 51 adduci
1301 1965 179 51 transeo
1431 1965 81 51 ¶
1464 1965 130 51 Quid
1545 1965 97 51 de
1593 1965 130 51 ista
1658 1965 195 51 propositio

1054 2001 107 61 ne.
1115 2001 137 61 Solus
1206 2001 122 61 deus
1283 2001 107 61 est
1344 2001 229 61 Respondetur
1527 2001 183 61 secundum
1664 2001 122 61 Guu.
1725 2001 122 61 ibidem

1053 2050 104 51 quod
1118 2050 156 51 scilicet
1235 2050 156 51 quelibet
1352 2050 182 51 propositio
1495 2050 78 51 de
1534 2050 143 51 secundo
1638 2050 169 51 adiacente
1755 2050 91 51 debet

1056 2095 165 42 resolui
1176 2095 90 42 in
1221 2095 150 42 eandem
1326 2095 90 42 de
1371 2095 150 42 tertio
1477 2095 195 42 adiacente
1627 2095 120 42 etc.
1702 2095 120 42 Puta
1762 2095 75 42 pro

1064 2134 153 49 positio
1175 2134 97 49 hec
1231 2134 125 49 Solus
1314 2134 111 49 deus
1384 2134 111 49 est:
1453 2134 153 49 resolui
1564 2134 153 49 dicitet
1675 2134 83 49 in
1717 2134 125 49 istam
1787 2134 69 49 so-

1047 2178 102 48 lus
1106 2178 116 48 deus
1178 2178 102 48 est
1236 2178 102 48 ens
1294 2178 87 48 Et
1338 2178 131 48 talis
1425 2178 174 48 secundum
1556 2178 131 48 huius
1643 2178 189 48 veritatem
1773 2178 73 48 iu-

1062 2214 175 53 dicanda
1189 2214 111 53 est
1253 2214 95 53 an
1301 2214 111 53 sit
1364 2214 143 53 vera.
1460 2214 95 53 De
1507 2214 143 53 huius
1603 2214 143 53 autem
1682 2214 159 53 veritate

1060 2256 144 63 patuit
1160 2256 130 63 supra
1247 2256 115 63 ens.
1319 2256 86 63 §.
1347 2256 58 63 xv

1052 2300 132 68 ¶
1104 2300 211 68 Quid
1236 2300 158 68 de
1316 2300 211 68 ista
1448 2300 211 68 Deus
1580 2300 158 68 ab
1633 2300 211 68 eterno

1065 2354 95 64 fuit
1125 2354 119 64 solus:
1208 2354 179 64 Respondetur
1351 2354 143 64 secundum
1458 2354 107 64 Rich.
1529 2354 71 64 e.
1565 2354 83 64 di.
1613 2354 95 64 xxi.
1672 2354 95 64 quod
1732 2354 95 64 ista
1779 2354 60 64 pro

1062 2409 147 45 positio
1169 2409 94 45 non
1222 2409 94 45 est
1276 2409 107 45 vera
1343 2409 120 45 Ratio
1423 2409 107 45 quia
1490 2409 94 45 cum
1544 2409 147 45 dicitur
1651 2409 107 45 deus
1718 2409 80 45 ab
1744 2409 94 45 eter-

1061 2449 93 46 no
1108 2449 125 46 fuit
1186 2449 156 46 solus.
1295 2449 156 46 Sensus
1404 2449 109 46 est
1466 2449 125 46 quod
1544 2449 125 46 deus
1622 2449 93 46 ab
1669 2449 156 46 eterno
1762 2449 78 46 fu-

1061 2489 86 54 it
1104 2489 200 54 solitarius
1261 2489 114 54 quod
1332 2489 100 54 est
1389 2489 157 54 falsum.
1503 2489 86 54 Ut
1546 2489 157 54 patuit.
1660 2489 86 54 §.
1703 2489 129 54 iiii.
1775 2489 71 54 Non

1060 2531 113 49 enim
1131 2531 142 49 potest
1230 2531 156 49 lysolus
1344 2531 99 49 hoc
1400 2531 142 49 accipi
1500 2531 312 49 syncategorematice.
1755 2531 85 49 quia

1059 2574 109 47 hoc
1122 2574 140 47 fieri
1215 2574 171 47 haberet
1339 2574 186 47 respectu
1479 2574 186 47 alicuius
1619 2574 202 47 predicati
1759 2574 93 47 faci

1058 2619 137 43 endo
1143 2619 256 43 exclusionem
1348 2619 154 43 sicut
1451 2619 188 43 dicendo
1588 2619 154 43 Solus
1690 2619 137 43 deus
1759 2619 85 43 est

1064 2658 152 47 creator
1175 2658 83 47 id
1216 2658 97 47 est
1272 2658 138 47 nullus
1369 2658 125 47 alius
1452 2658 69 47 a
1479 2658 97 47 deo
1535 2658 97 47 est
1590 2658 152 47 creator
1701 2658 83 47 et
1742 2658 97 47 hoc
1784 2658 69 47 est

1052 2703 160 41 verum.
1164 2703 112 41 Sed
1228 2703 112 41 cum
1292 2703 176 41 dicitur
1420 2703 128 41 deus
1501 2703 96 41 ab
1549 2703 160 41 eterno
1661 2703 128 41 fuit
1725 2703 112 41 solus

1064 2744 158 60 oportet
1178 2744 115 60 quod
1250 2744 201 60 accipiatur
1408 2744 100 60 ibi
1466 2744 258 60 categorematice
1681 2744 86 60 et
1724 2744 100 60 sic
1767 2744 86 60 idem
