2252 3297
359 303 94 73 est
412 303 107 73 quod
479 303 200 73 solitarius.
639 303 107 73 deus
706 303 120 73 autem
786 303 80 73 ab
826 303 134 73 eterno
920 303 94 73 non
973 303 107 73 fuit
1027 303 120 73 solita-

359 363 102 61 rius
423 363 89 61 sed
474 363 76 61 in
512 363 166 61 trinitate
640 363 191 61 personarum.
792 363 102 61 ergo
843 363 64 61 etc

370 411 115 68 ¶
416 411 184 68 Quid
531 411 138 68 de
600 411 184 68 ista
715 411 207 68 Solus
853 411 207 68 pater
991 411 161 68 est
1060 411 92 68 pa

362 459 101 60 ter.
425 459 188 60 Respondetur
576 459 151 60 secundum
689 459 113 60 eunde
764 459 113 60 Rich.
840 459 101 60 quod
903 459 75 60 si
940 459 75 60 ly
978 459 113 60 Solus
1041 459 113 60 tenetur

355 504 296 58 syncategorematice
609 504 113 58 vera
679 504 113 58 est.
749 504 113 58 quia
820 504 141 58 sensus
919 504 113 58 eius
989 504 113 58 est.
1045 504 99 58 pater

364 549 91 51 est
416 549 117 51 pater
494 549 78 51 et
532 549 129 51 nullus
623 549 117 51 alius
701 549 65 51 a
727 549 117 51 patre
804 549 91 51 est
856 549 155 51 paterSed
973 549 78 51 si
1012 549 78 51 li
1037 549 104 51 solus:

359 585 148 67 tenetur
466 585 241 67 categorematice
667 585 121 67 falsa
748 585 107 67 est.
815 585 107 67 quia
882 585 134 67 sensus
976 585 107 67 eius
1043 585 94 67 est
1083 585 67 67 pa-

361 633 91 52 ter
413 633 182 52 solitarius
556 633 91 52 est
608 633 130 52 pater.
699 633 78 52 et
738 633 91 52 hoc
789 633 130 52 falsum
880 633 104 52 est.
945 633 104 52 quia
1010 633 78 52 in
1036 633 104 52 diuins

370 671 119 63 pater
449 671 185 63 solitarius
595 671 93 63 non
647 671 106 63 est.
714 671 79 63 et
753 671 93 63 sic
806 671 172 63 subiectum
938 671 93 63 pro
991 671 119 63 nullo
1057 671 93 63 suppo

378 711 100 58 nit.
440 711 100 58 ergo
502 711 112 58 falsa
577 711 87 58 est
627 711 137 58 propter
726 711 212 58 implicationem
901 711 125 58 falsi:
988 711 150 58 implicat
1088 711 62 58 eim

369 753 136 65 patrem
465 753 109 65 esse
533 753 204 65 solitarium.
696 753 122 65 sicut
778 753 82 65 si
818 753 191 65 diceretur.
968 753 136 65 Coruus
1050 753 95 65 albus

374 802 118 48 volat
453 802 157 48 implicat
571 802 105 48 quod
636 802 131 48 coruus
728 802 92 48 est
781 802 118 48 albus
859 802 105 48 etc.
925 802 171 48 similiter
1056 802 92 48 est
1096 802 52 48 di

366 837 203 61 stinguendum
529 837 81 61 de
569 837 122 61 ista.
650 837 122 61 solus
731 837 108 61 deus
799 837 95 61 est
853 837 135 61 pater.
947 837 162 61 secundum
1055 837 95 61 Rich.

371 883 118 77 ¶
419 883 260 77 Quomodo
607 883 283 77 supponit
820 883 307 77 subiectum
1032 883 118 77 cum

381 943 132 58 additur
477 943 120 58 dictio
561 943 168 58 exclusiua:
693 943 180 58 Respondetur
836 943 144 58 secundum
944 943 108 58 Guil.
1016 943 96 58 quod
1064 943 84 58 super

372 995 107 51 ponit
444 995 131 51 quantum
539 995 84 51 est
587 995 72 51 de
623 995 84 51 se.
671 995 119 51 tantum
754 995 131 51 confuse
850 995 84 51 sed
897 995 179 51 praedicatum
1029 995 119 51 supponit

365 1023 134 64 confuse
462 1023 206 64 distributiue.
632 1023 73 64 vt
668 1023 109 64 patet
741 1023 85 64 per
790 1023 194 64 conuertentem
948 1023 97 64 quia
996 1023 158 64 conuertitur

370 1071 82 57 in
411 1071 124 57 velem
494 1071 220 57 affirmatiuam
672 1071 82 57 vt
714 1071 124 57 patet
796 1071 96 57 per
851 1071 137 57 primam
947 1071 151 57 regulam
1043 1071 110 57 supra-

378 1113 140 56 positam.
483 1113 70 56 §.
518 1113 82 56 ii.
565 1113 140 56 Notantur
670 1113 128 56 dicitur
763 1113 128 56 quantum
857 1113 82 56 est
903 1113 70 56 de
938 1113 70 56 se
973 1113 93 56 quia
1032 1113 70 56 si
1055 1113 105 56 dicatur

377 1158 114 53 solus
453 1158 101 53 deus
517 1158 89 53 est
567 1158 127 53 pater.
656 1158 76 53 li
694 1158 114 53 pater
770 1158 89 53 non
821 1158 203 53 distribuitur
985 1158 89 53 cum
1036 1158 89 53 sit
1074 1158 76 53 vni-

368 1203 110 50 cus
431 1203 95 50 in
479 1203 173 50 diuinis
605 1203 95 50 et
652 1203 205 50 supposito
809 1203 95 50 et
841 1203 126 50 natura

380 1244 126 71 ¶
430 1244 152 71 An
506 1244 328 71 exclusiua
759 1244 253 71 dictio
910 1244 253 71 admitta-

370 1298 94 49 tur
423 1298 81 49 in
464 1298 148 49 diuinis
572 1298 81 49 ex
612 1298 121 49 parte
693 1298 189 49 praedicati
841 1298 108 49 eque
908 1298 121 49 sicut
989 1298 81 49 ex
1030 1298 121 49 parte
1097 1298 54 49 su

379 1344 101 48 iecti
446 1344 168 48 Respondetur
580 1344 134 48 secundum
681 1344 101 48 Guil.
748 1344 112 48 ibidem
826 1344 90 48 quod
882 1344 90 48 fic.
938 1344 67 48 et
972 1344 101 48 patet
1039 1344 67 48 ex
1061 1344 90 48 dictis

375 1385 174 54 sanctorum.
511 1385 99 54 quod
573 1385 124 54 dictio
660 1385 161 54 exclusiua
784 1385 99 54 addi
846 1385 124 54 potest
933 1385 186 54 praedicato:
1069 1385 87 54 termi

380 1427 75 54 no
418 1427 126 54 posito
506 1427 176 54 personali.
644 1427 75 54 et
682 1427 113 54 etiam
758 1427 138 54 communi
858 1427 88 54 vel
909 1427 176 54 essentiali
1047 1427 75 54 in
1072 1427 88 54 diui-

374 1470 112 47 nis.
444 1470 98 47 nam
500 1470 112 47 Aug.
570 1470 98 47 vi.
625 1470 84 47 de
667 1470 140 47 trini.
765 1470 112 47 ait.
835 1470 195 47 trinitatem
988 1470 154 47 dicimus
1086 1470 70 47 sei

377 1510 90 50 lum
428 1510 103 50 deum
493 1510 115 50 verum
569 1510 103 50 etc.
634 1510 90 50 vbi
685 1510 77 50 ly
723 1510 128 50 solum.
813 1510 141 50 additur
915 1510 141 50 termino
1005 1510 154 50 essentiali

372 1555 148 49 scilicet
483 1555 99 49 deum
544 1555 111 49 verum
618 1555 99 49 etc.
680 1555 74 49 de
717 1555 135 49 termins
815 1555 111 49 autem
889 1555 160 49 personali
1012 1555 111 49 patet
1074 1555 86 49 dicen

388 1597 99 49 do.
444 1597 127 49 pater
529 1597 99 49 est
585 1597 127 49 solus
669 1597 183 49 generans.
810 1597 141 49 filius
909 1597 99 49 est
965 1597 127 49 solum
1035 1597 127 49 verbum.

394 1629 72 62 ¶
422 1629 86 62 Si
465 1629 101 62 di.
523 1629 115 62 Quid
595 1629 129 62 negat
681 1629 86 62 ly
724 1629 144 62 solus.
824 1629 86 62 ex
867 1629 101 62 quo
925 1629 172 62 sequitur
1040 1629 129 62 copulam

393 1685 150 44 Dicendum
505 1685 150 44 secundum
617 1685 150 44 Bonauem.
729 1685 75 44 et
766 1685 112 44 Guil.
841 1685 100 44 quod
903 1685 112 44 licet
978 1685 150 44 sequitur
1078 1685 87 44 copu-

390 1725 83 48 lam
438 1725 83 48 quo
485 1725 71 48 ad
520 1725 107 48 situm
592 1725 107 48 tamen
663 1725 83 48 quo
710 1725 71 48 ad
745 1725 142 48 virtutem
852 1725 166 48 praecedit.
982 1725 95 48 vnde
1042 1725 107 48 huius
1101 1725 59 48 pro

376 1764 189 55 positionis
525 1764 162 55 Trinitas
647 1764 95 55 est
701 1764 122 55 solus
783 1764 122 55 deus.
864 1764 135 55 sensus
958 1764 95 55 est
1013 1764 81 55 id
1053 1764 95 55 est
1094 1764 81 55 tri-

379 1802 130 52 nitas
465 1802 101 52 est
523 1802 115 52 deus
594 1802 86 52 et
638 1802 101 52 non
695 1802 115 52 sunt
767 1802 101 52 dii
825 1802 115 52 alii
897 1802 72 52 a
925 1802 201 52 trinitate.
1069 1802 101 52 Exem-

378 1847 113 57 plum
448 1847 84 57 si
491 1847 155 57 dicatur
603 1847 127 57 video
688 1847 127 57 solum
772 1847 155 57 petrum.
885 1847 141 57 sensus
983 1847 99 57 est
1039 1847 127 57 video
1110 1847 56 57 pe

382 1892 102 52 trum
446 1892 76 52 et
484 1892 89 52 non
535 1892 127 52 alium.
624 1892 102 52 vnde
687 1892 152 52 secundum
802 1892 114 52 Rich.
878 1892 89 52 hec
929 1892 152 52 trinitas
1043 1892 89 52 est
1081 1892 89 52 solum

391 1928 99 51 deus.
457 1928 88 51 vera
512 1928 88 51 est.
567 1928 88 51 quia
622 1928 110 51 sensus
699 1928 77 51 est
743 1928 66 51 id
776 1928 77 51 est
819 1928 132 51 trinitas
918 1928 77 51 est
962 1928 110 51 tantum
1039 1928 88 51 deus
1094 1928 66 51 id
1116 1928 55 51 est

386 1968 88 64 non
437 1968 113 64 aliud
512 1968 100 64 quam
574 1968 113 64 deus.
649 1968 88 64 Sed
699 1968 88 64 hec
749 1968 88 64 est
800 1968 125 64 falsa.
887 1968 125 64 filius
975 1968 88 64 est
1025 1968 125 64 tantum
1100 1968 75 64 deus

380 2014 81 65 vel
427 2014 105 65 solum
497 2014 93 65 deus
555 2014 70 65 eo
590 2014 93 65 quod
648 2014 81 65 est
695 2014 128 65 similis
788 2014 93 65 deus
846 2014 70 65 et
881 2014 93 65 homo
927 2014 70 65 etc.

391 2050 116 83 ¶
437 2050 139 83 An
507 2050 185 83 eque
622 2050 324 83 conceditur
877 2050 208 83 ista.
993 2050 185 83 Trini-

392 2125 98 41 tas
448 2125 98 41 est
504 2125 126 41 solus
588 2125 126 41 deus.
672 2125 126 41 sicut
756 2125 112 41 ista
825 2125 168 41 trinitas
951 2125 98 41 est
1007 2125 126 41 solus
1077 2125 98 41 deus;

405 2157 167 59 Respondetur
539 2157 134 59 secundum
639 2157 100 59 Guil.
706 2157 89 59 quod
762 2157 89 59 non.
818 2157 89 59 quia
874 2157 67 59 ly
907 2157 112 59 solus.
985 2157 78 59 dum
1030 2157 145 59 praecedit
1130 2157 45 59 ne

390 2199 97 57 gat
446 2199 221 57 pluralitatem
625 2199 208 57 diuinitatis
792 2199 111 57 quod
861 2199 97 57 non
916 2199 125 57 facit
999 2199 97 57 dum
1041 2199 138 57 sequitur

393 2242 89 50 Si
438 2242 193 50 obiicitur
586 2242 134 50 illud
675 2242 148 50 Arist.
779 2242 134 50 Nomna
868 2242 89 50 et
913 2242 134 50 verba
987 2242 193 50 transposita

394 2284 108 54 idem
462 2284 217 54 significant.
639 2284 108 54 dico
706 2284 149 54 inquit.
815 2284 108 54 quod
883 2284 81 54 ly
923 2284 122 54 solus
1005 2284 108 54 apud
1059 2284 122 54 logicum

396 2334 92 46 non
448 2334 92 46 est
501 2334 131 46 nomen.
592 2334 105 46 quia
658 2334 92 46 non
710 2334 92 46 est
762 2334 236 46 significatiuum
959 2334 92 46 sed
998 2334 183 46 consignifica

389 2370 125 50 tiuum.
477 2370 100 50 ergo
540 2370 88 50 non
590 2370 100 50 idem
653 2370 176 50 significat
791 2370 201 50 transpositum
954 2370 138 50 Aristo.
1055 2370 113 50 autem
1117 2370 63 50 ibi

389 2411 154 70 expresse
505 2411 154 70 loquitur
620 2411 77 70 de
659 2411 154 70 nomnibus
774 2411 77 70 et
813 2411 128 70 verbis
890 2411 77 70 etc.

384 2452 118 73 ¶
432 2452 189 73 Quid
549 2452 141 73 de
620 2452 212 73 ista.
762 2452 212 73 solus
903 2452 259 73 parater
1068 2452 118 73 no-

402 2505 89 57 uit
453 2505 140 57 filium.
555 2505 77 57 Et
594 2505 140 57 iterum.
696 2505 115 57 solus
772 2505 128 57 filius
861 2505 115 57 nouit
938 2505 140 57 patrem.
1040 2505 77 57 na
1065 2505 115 57 videtur

402 2552 108 60 quod
470 2552 108 60 sint
538 2552 122 60 vere.
619 2552 108 60 quia
687 2552 203 60 equipollent
849 2552 122 60 huic.
930 2552 108 60 nemo
998 2552 122 60 nouit
1066 2552 108 60 filium

398 2594 92 49 nisi
455 2594 103 49 pater
524 2594 103 49 neque
593 2594 115 49 patrem
673 2594 92 49 quis
730 2594 103 49 nouit
799 2594 92 49 nisi
857 2594 115 49 filius
937 2594 92 49 etc.
994 2594 80 49 Sed
1029 2594 149 49 respondetur

393 2638 140 52 secundum
499 2638 105 52 Bona.
569 2638 129 52 similis
662 2638 70 52 et
697 2638 105 52 Rich.
768 2638 94 52 quod
826 2638 82 52 non
873 2638 187 52 equipollent.
1025 2638 94 52 quia
1083 2638 82 52 hec
1119 2638 58 52 ne-

398 2679 80 53 mo
438 2679 120 53 nouit
518 2679 133 53 filium
611 2679 107 53 nisi
678 2679 120 53 pater
758 2679 107 53 etc.
824 2679 107 53 vera
891 2679 107 53 est.
958 2679 133 53 vtpote
1051 2679 67 53 a
1064 2679 107 53 christ

394 2720 136 64 dicta
484 2720 120 64 Mat.
560 2720 105 64 xi.
620 2720 90 64 Et
665 2720 105 64 ibi
725 2720 90 64 ly
770 2720 136 64 nemo.
861 2720 211 64 distribuit
1026 2720 105 64 pro
1072 2720 105 64 natu

1197 309 106 56 ravel
1268 309 141 56 essentia
1374 309 71 56 et
1409 309 82 56 non
1456 309 82 56 pro
1504 309 141 56 persona.
1610 309 94 56 ergo
1669 309 82 56 non
1716 309 141 56 excludit
1822 309 94 56 nisi
1881 309 71 56 id
1904 309 71 56 quot

1197 354 80 56 in
1237 354 161 56 essentia
1357 354 94 56 est
1411 354 120 56 aliud
1491 354 67 56 a
1518 354 134 56 patre.
1611 354 94 56 Est
1665 354 107 56 enim
1732 354 134 56 sensus
1825 354 107 56 nemo
1892 354 80 56 id
1919 354 67 56 est

1210 391 92 54 nil
1263 391 119 54 aliud
1342 391 106 54 nisi
1408 391 106 54 quod
1474 391 92 54 est
1526 391 145 54 eiusdem
1632 391 132 54 nature
1724 391 92 54 cum
1777 391 132 54 patre.
1869 391 119 54 nouit
1935 391 53 54 fi

1200 437 95 51 lium
1260 437 71 51 et
1295 437 83 51 sic
1343 437 83 51 non
1390 437 166 51 excluditur
1521 437 119 51 filius
1604 437 83 51 nec
1651 437 143 51 spiritus
1758 437 131 51 sanctus
1853 437 83 51 sed
1889 437 83 51 incli

1206 479 118 48 ditur
1284 479 131 48 potius
1376 479 105 48 etc.
1441 479 92 48 Sed
1494 479 105 48 ista
1559 479 183 48 propositio
1703 479 118 48 solus
1782 479 118 48 pater
1860 479 118 48 nouit
1926 479 65 48 fi-

1205 526 105 47 lium
1270 526 92 47 vel
1323 526 118 47 solus
1401 526 131 47 filius
1493 526 118 47 nouit
1571 526 131 47 patrem
1663 526 92 47 est
1715 526 118 47 falsa
1794 526 105 47 quia
1859 526 92 47 ibi
1911 526 79 47 ly
1938 526 52 47 so

1204 562 97 53 lus
1259 562 152 53 additur
1370 562 152 53 termino
1480 562 179 53 personali
1618 562 110 53 ideo
1687 562 165 53 excludit
1811 562 124 53 aliam
1880 562 110 53 perso-

1199 604 94 56 nam
1252 604 201 56 quancumque.
1413 604 80 56 Et
1453 604 148 56 quoniam
1561 604 107 56 sese
1628 604 148 56 persone
1735 604 134 56 norunt
1829 604 148 56 noticia
1923 604 67 56 com

1199 655 217 51 preheusiua
1370 655 93 51 de
1417 655 109 51 qua
1479 655 248 51 intelligitur
1681 655 124 51 illa
1758 655 202 51 autoritas
1898 655 93 51 ergo

1204 693 329 54 patetpropositum
1463 693 104 54 etc.

1207 737 117 90 ¶
1253 737 188 90 Quid
1371 737 141 90 de
1441 737 164 90 his
1535 737 164 90 que
1629 737 211 90 canit
1746 737 235 90 ecclesia

1219 804 95 53 Tum
1274 804 122 53 solus
1355 804 162 53 sanctus.
1477 804 95 53 tum
1531 804 122 53 solus
1612 804 149 53 dominus
1720 804 81 53 tu
1761 804 122 53 solus
1829 804 162 53 altissimus

1226 849 92 61 Iesu
1283 849 137 61 christe.
1386 849 69 61 Et
1420 849 126 61 interum
1512 849 80 61 Deo
1557 849 103 61 patri
1626 849 80 61 sit
1672 849 114 61 gloria
1752 849 92 61 eius
1809 849 92 61 quam
1866 849 92 61 soli
1912 849 80 61 filio

1211 890 99 50 etc.
1272 890 148 50 Dicendum
1384 890 99 50 quod
1446 890 87 50 per
1495 890 111 50 talia
1569 890 173 50 excluditur
1705 890 99 50 alia
1767 890 148 50 essentia
1879 890 87 50 non
1916 890 74 50 per-

1212 933 107 53 sona
1279 933 80 53 vt
1319 933 121 53 dicit
1399 933 161 53 Bonauen.
1520 933 107 53 vnde
1587 933 80 53 et
1627 933 161 53 subditur
1747 933 94 53 cum
1801 933 134 53 sancto
1881 933 121 53 spiritu

1221 976 104 58 etc.
1286 976 65 58 ¶
1312 976 117 58 Plura
1390 976 104 58 asia
1456 976 104 58 quae
1521 976 182 58 tractantur
1664 976 117 58 circa
1742 976 91 58 hec
1794 976 182 58 partranseo
1925 976 65 58 tu-

1205 1019 128 53 amore
1290 1019 200 53 brevitatis
1447 1019 86 53 tu
1490 1019 114 53 quia
1561 1019 128 53 satis
1647 1019 143 53 patent
1746 1019 86 53 ex
1789 1019 200 53 predictis.
1932 1019 71 53 Tum

1219 1068 158 43 denique
1333 1068 115 43 quia
1405 1068 172 43 secundum
1534 1068 129 43 Fran.
1620 1068 158 43 maronis
1735 1068 86 43 de
1778 1068 201 43 sermonibus
1921 1068 72 43 hu-

1216 1106 153 54 iusmodi
1328 1106 237 54 propositionum
1523 1106 98 54 non
1579 1106 98 54 est
1634 1106 98 54 vis
1690 1106 167 54 facienda
1816 1106 139 54 quando
1913 1106 98 54 rei
1955 1106 56 54 ve

1214 1140 131 58 ritas
1302 1140 102 58 est
1360 1140 189 58 manifesta
1505 1140 87 58 vt
1549 1140 131 58 dicit
1636 1140 116 58 Aug.
1708 1140 87 58 de
1752 1140 203 58 quantitate
1897 1140 102 58 anime

1215 1192 144 58 quoniam
1320 1192 79 58 in
1359 1192 144 58 talibus
1464 1192 118 58 facta
1542 1192 92 58 est
1594 1192 92 58 vis
1647 1192 65 58 a
1673 1192 183 58 doctoribus
1817 1192 144 58 propter
1908 1192 92 58 versu

1198 1233 115 58 tias
1270 1233 216 58 hereticorum
1428 1233 87 58 etc.

1415 1286 290 93 Idei
1560 1286 434 93 christiane

1422 1361 208 60 certissima
1585 1361 163 60 veritas
1704 1361 178 60 qualibus
1838 1361 119 60 viis
1912 1361 89 60 et
1942 1361 59 60 mo

1421 1410 90 44 dis
1473 1410 129 44 possit
1563 1410 154 44 probari.
1678 1410 90 44 vel
1730 1410 129 44 contra
1820 1410 116 44 omnes
1884 1410 116 44 hereses

1413 1448 98 44 ad
1462 1448 261 44 dubitationum
1673 1448 261 44 hesitationes
1869 1448 130 44 remoue

1216 1483 95 60 das
1271 1483 163 60 roborari
1393 1483 82 60 et
1434 1483 218 60 infallibilis
1611 1483 163 60 ostendi.
1734 1483 109 60 Uide
1802 1483 82 60 de
1843 1483 95 60 hoc
1897 1483 82 60 in
1924 1483 82 60 prae

1221 1529 216 50 cedentibus
1390 1529 154 50 capulo
1498 1529 200 50 Certitudo
1652 1529 200 50 veritatis
1791 1529 200 50 theologice.

1416 1576 295 105 Ilius
1613 1576 229 105 del
1711 1576 295 105 fiuatio

1372 1649 151 68 Primo:
1477 1649 166 68 quomodo
1598 1649 181 68 conuenit
1734 1649 181 68 diuinis:
1854 1649 151 68 Notandum

1329 1690 57 70 ¶
1351 1690 138 70 secundum
1455 1690 103 70 Guil.
1523 1690 103 70 super
1592 1690 69 70 i.
1627 1690 80 70 di.
1673 1690 69 70 v.
1707 1690 92 70 quod
1764 1690 115 70 filius
1844 1690 126 70 dicitur
1936 1690 57 70 a
1948 1690 57 70 phi

1223 1742 102 54 los
1282 1742 87 54 in
1325 1742 131 54 greco
1412 1742 116 54 quod
1485 1742 102 54 est
1543 1742 116 54 amor
1616 1742 87 54 in
1659 1742 145 54 latino
1761 1742 116 54 quia
1834 1742 174 54 naturali
1950 1742 58 54 or

1229 1791 109 46 dine
1298 1791 109 46 amor
1366 1791 136 46 patris
1461 1791 123 46 quasi
1543 1791 82 46 in
1584 1791 82 46 se
1625 1791 82 46 in
1665 1791 136 46 filium
1761 1791 136 46 tendit
1856 1791 82 46 et
1897 1791 68 46 a
1911 1791 95 46 filio

1231 1825 83 52 in
1273 1825 139 52 patrem
1370 1825 222 52 reciprocatur
1550 1825 83 52 in
1592 1825 139 52 diuins
1689 1825 83 52 In
1731 1825 97 52 est
1786 1825 111 52 quod
1855 1825 111 52 apud
1911 1825 97 52 Rich.

1220 1870 164 58 Spiritus
1343 1870 150 58 sanctus
1452 1870 150 58 dicitur
1561 1870 109 58 amor
1629 1870 191 58 reciprocus
1779 1870 95 58 quo
1834 1870 123 58 pater
1916 1870 82 58 et
1943 1870 68 58 fi-

1223 1910 106 59 lius
1289 1910 80 59 se
1329 1910 173 59 diligunt.
1462 1910 66 59 ¶
1488 1910 80 59 Ad
1528 1910 133 59 quioem
1621 1910 106 59 ergo
1687 1910 212 59 respondendo.
1860 1910 106 59 Nota
1913 1910 93 59 secun

1224 1953 100 54 doc.
1286 1953 125 54 subti.
1374 1953 75 54 in
1411 1953 100 54 suis
1474 1953 163 54 quodlibe.
1599 1953 75 54 et
1636 1953 100 54 iii.
1699 1953 200 54 sententiarum
1861 1953 75 54 Et
1899 1953 100 54 post
1949 1953 63 54 eum

1224 2003 121 48 Guil.
1304 2003 107 48 Item
1371 2003 174 48 concordit
1505 2003 161 48 secundum
1626 2003 121 48 Lyram
1706 2003 121 48 super
1787 2003 107 48 Ioan
1854 2003 80 48 i.
1881 2003 134 48 aliosque

1225 2043 137 44 similis
1324 2043 174 44 colligendo
1460 2043 99 44 Quod
1522 2043 74 44 ad
1560 2043 87 44 hoc
1609 2043 99 44 quod
1671 2043 137 44 aliquis
1771 2043 137 44 dicatur
1870 2043 124 44 filius
1945 2043 74 44 tres

1234 2081 170 52 conditiones
1369 2081 170 52 requiruntur
1505 2081 90 52 quae
1562 2081 90 52 sunt
1618 2081 68 52 de
1652 2081 124 52 ratione
1743 2081 170 52 filiationis
1878 2081 124 52 proprie
1957 2081 57 52 di-

1226 2127 112 60 cte.
1310 2127 70 60 ¶
1338 2127 126 60 prima
1423 2127 84 60 et
1465 2127 112 60 quod
1535 2127 98 60 ibi
1591 2127 98 60 sit
1648 2127 183 60 processus
1788 2127 169 60 viuentis
1915 2127 70 60 a
1929 2127 98 60 viuen

1227 2161 99 61 te.
1283 2161 85 61 vn
1326 2161 155 61 quamuis
1439 2161 127 61 ignis
1523 2161 113 61 igne
1594 2161 155 61 generat
1707 2161 99 61 non
1763 2161 127 61 tamen
1848 2161 127 61 ignis
1918 2161 99 61 geni-

1244 2200 77 64 tus
1288 2200 122 64 dicitur
1377 2200 111 64 filius
1454 2200 155 64 generantis
1576 2200 100 64 ignis
1642 2200 88 64 quia
1697 2200 77 64 non
1742 2200 77 64 est
1786 2200 122 64 viuens.
1874 2200 144 64 similiter
1974 2200 44 64 si

1235 2259 91 45 res
1287 2259 91 45 non
1339 2259 104 45 viua
1404 2259 156 45 procedat
1521 2259 78 45 a.
1560 2259 143 45 viuente
1663 2259 91 45 non
1715 2259 91 45 est
1767 2259 91 45 ibi
1819 2259 117 45 ratio
1884 2259 130 45 filiatio

1239 2294 86 46 nis
1288 2294 111 46 sicut
1362 2294 197 46 artificiatum
1522 2294 148 46 procedit
1633 2294 74 46 ab
1670 2294 148 46 artifice
1781 2294 135 46 viuente
1879 2294 148 46 scilicet
1978 2294 49 46 ab

1242 2332 97 58 homine
1310 2332 68 58 non
1349 2332 87 58 tamen
1407 2332 106 58 dicitur
1484 2332 77 58 eius
1533 2332 97 58 filius
1600 2332 126 58 similiter
1697 2332 106 58 etiamsi
1774 2332 126 58 econuerso
1871 2332 116 58 scilicet
1958 2332 68 58 res
1987 2332 39 58 vi

1241 2379 95 51 ua
1289 2379 191 51 procedat
1432 2379 79 51 a
1464 2379 111 51 non
1527 2379 175 51 viuente
1654 2379 127 51 puta
1734 2379 111 51 cum
1797 2379 111 51 mus
1861 2379 111 51 vel
1909 2379 111 51 musca

1234 2423 146 50 gantiatur
1346 2423 56 50 a
1368 2423 90 50 sole
1424 2423 78 50 non
1469 2423 123 50 dicitur
1559 2423 101 50 solis
1626 2423 123 50 filius.
1715 2423 90 50 Unde
1771 2423 157 50 requiritur
1895 2423 67 50 ad
1917 2423 112 50 filiatio

1240 2457 86 56 nem
1289 2457 99 56 quod
1351 2457 86 56 sit
1400 2457 148 56 viuentis
1511 2457 62 56 a
1536 2457 136 56 viuente
1635 2457 86 56 ita
1684 2457 99 56 quod
1746 2457 86 56 tam
1795 2457 148 56 generans
1907 2457 99 56 quam
1956 2457 74 56 geni

1249 2501 86 54 tum
1298 2501 86 54 sit
1347 2501 122 54 viuens
1432 2501 147 54 vtrumque
1543 2501 147 54 alioquin
1653 2501 86 54 ibi
1702 2501 86 54 non
1751 2501 135 54 dicitur
1849 2501 147 54 filiatio
1947 2501 73 54 Item

1233 2542 92 57 hec
1285 2542 118 57 prima
1364 2542 157 57 condicio
1482 2542 92 57 non
1534 2542 157 57 sufficit
1652 2542 79 57 ad
1691 2542 157 57 rationem
1809 2542 196 57 filiationis
1953 2542 65 57 pro

1229 2584 106 58 prie
1295 2584 132 58 dicte.
1388 2584 93 58 sed
1441 2584 119 58 etiam
1520 2584 66 58 ¶
1546 2584 146 58 Secunda
1652 2584 159 58 condicio
1771 2584 185 58 requiritur
1917 2584 106 58 quod
1970 2584 66 58 gi-

1227 2633 131 48 gnens
1315 2633 88 48 et
1359 2633 160 48 genitum
1475 2633 117 48 sint
1548 2633 88 48 ad
1592 2633 131 48 minus
1680 2633 131 48 vnius
1767 2633 146 48 nature
1869 2633 88 48 in
1898 2633 117 48 specie

1236 2672 85 48 ita
1285 2672 98 48 quod
1346 2672 85 48 ibi
1395 2672 85 48 sit
1443 2672 159 48 processus
1565 2672 147 48 secundum
1675 2672 208 48 similitudinem
1846 2672 122 48 nature
1920 2672 85 48 speci

1231 2708 101 62 fice.
1298 2708 90 62 vnde
1355 2708 124 62 quamuis
1445 2708 90 62 homo
1501 2708 113 62 gignat
1580 2708 147 62 pediclos.
1693 2708 79 62 non
1738 2708 101 62 tamen
1806 2708 90 62 homo
1862 2708 124 62 dicitur
1941 2708 79 62 pater
