2234 3291
378 287 132 65 eorum
466 287 190 65 principia
613 287 190 65 differunt
759 287 146 65 vtpote
862 287 190 65 specifice
1008 287 161 65 diuersa
1110 287 59 65 Si

372 341 178 49 militer
501 341 178 49 oportet
631 341 211 49 imaginari
793 341 97 49 in
842 341 178 49 diuinis
972 341 130 49 quod
1036 341 130 49 quedam

380 387 110 47 sunt
449 387 179 47 distincta
587 387 69 47 a
615 387 138 47 priori
711 387 165 47 praecise
835 387 124 47 sicut
918 387 165 47 essentia
1042 387 83 47 et
1070 387 97 47 pater

373 425 149 46 nitas
473 425 133 46 quia
556 425 149 46 penes
655 425 149 46 eorum
755 425 199 46 rationes
904 425 215 46 formales:
1053 425 116 46 tamen

388 468 86 45 in
431 468 201 45 posteriori
588 468 201 45 conueniunt
746 468 129 45 vicem
832 468 86 45 in
875 468 186 45 aliquibus
1019 468 129 45 modis
1090 468 72 45 in-

380 508 186 49 trinsecis
523 508 114 49 puta
594 508 200 49 infinitate
751 508 214 49 eternitate.
922 508 214 49 necessitate
1079 508 86 49 etc.

393 544 143 56 ratione
497 544 130 56 quorum
588 544 143 56 modorum
693 544 91 56 fit
745 544 169 56 identitas
875 544 78 56 et
914 544 209 56 praedicantur
1071 544 104 56 identi

390 591 103 51 ce.
449 591 192 51 Quecumque
597 591 118 51 ergo
671 591 118 51 sunt
744 591 118 51 idem
818 591 221 51 formaliter:
995 591 118 51 sunt
1069 591 118 51 idem
1128 591 44 51 a

394 634 138 53 priori
491 634 111 53 quia
560 634 138 53 eandem
657 634 138 53 habent
754 634 166 53 rationem
878 634 235 53 diffinitiuam.
1072 634 83 53 Et
1100 634 69 53 que

388 678 108 51 sunt
456 678 108 51 idem
524 678 163 51 praecise
646 678 163 51 realiter
768 678 95 51 sed
822 678 95 51 non
877 678 203 51 formaliter:
1039 678 108 51 sunt
1094 678 81 51 idem

375 719 75 51 a
405 719 209 51 posteriori
569 719 104 51 sed
629 719 164 51 possunt
748 719 119 51 esse
823 719 194 51 distincta
972 719 75 51 a
1002 719 164 51 praeori
1106 719 60 51 Si

384 760 106 51 cut
444 760 90 51 in
489 760 196 51 proposito
640 760 166 51 exemplo
761 760 90 51 de
806 760 181 51 essentia
942 760 90 51 et
972 760 196 51 paternitate

406 799 169 51 Rursus.
528 799 199 51 quecumque
682 799 261 51 distinguuntur
896 799 215 51 formaliter
1049 799 123 51 distin

388 850 159 55 guuntur
503 850 72 55 a
532 850 159 55 priori.
648 850 116 55 quia
720 850 101 55 per
778 850 145 55 raones
880 850 246 55 diffinitiuas.
1068 850 101 55 sicut

389 891 114 39 due
454 891 228 39 quiditates
633 891 98 39 ad
682 891 180 39 inuicem
813 891 114 39 etc
878 891 82 39 ¶
911 891 98 39 Ad
960 891 114 39 hec
1025 891 98 39 Et
1074 891 98 39 de
1107 891 65 39 di

384 929 208 62 stinctione
547 929 163 62 formali
666 929 119 62 vide
740 929 104 62 vbi
799 929 222 62 Distinctio.
977 929 89 62 §.
1007 929 89 62 iii.

406 975 117 85 ¶
452 975 140 85 An
522 975 326 85 formalitas
779 975 163 85 sit
872 975 280 85 realitas
1082 975 140 85 Ad

398 1054 96 43 hoc
453 1054 109 43 nota
521 1054 164 43 secundum
645 1054 123 43 Fran.
727 1054 137 43 mayro.
822 1054 137 43 supra.
918 1054 82 43 q.
959 1054 137 43 penul.
1055 1054 109 43 Quod
1110 1054 68 43 rea

391 1090 138 49 litas
483 1090 108 49 est
544 1090 138 49 modus
637 1090 231 49 intrinsecus
821 1090 246 49 formalitatis
1021 1090 138 49 sicut
1098 1090 77 49 fi-

380 1131 131 45 nitas
468 1131 102 45 vel
526 1131 189 45 infinitas
671 1131 145 45 entis.
773 1131 116 45 vnde
845 1131 131 45 sicut
933 1131 160 45 finitas
1049 1131 102 45 vel
1092 1131 73 45 in-

393 1171 162 51 finitas
511 1171 207 51 adueniendo
674 1171 103 51 non
733 1171 162 51 variant
851 1171 177 51 rationem
969 1171 207 51 diffinitiuam

394 1207 182 58 formalem
530 1207 182 58 alicuius
666 1207 212 58 quiditatis
833 1207 106 58 ita
893 1207 106 58 nec
954 1207 182 58 realitas
1075 1207 91 58 etc.

386 1255 182 45 Secundum
522 1255 136 45 tamen
613 1255 121 45 doc.
689 1255 182 45 subtilem
825 1255 182 45 Realitas
962 1255 106 45 est
1022 1255 121 45 idem
1083 1255 91 45 quod

385 1301 217 48 formalitas.
558 1301 101 48 Sed
616 1301 116 48 ipse
688 1301 159 48 accipit
804 1301 101 48 rem
861 1301 101 48 pro
919 1301 116 48 omni
992 1301 87 48 eo
1035 1301 116 48 quod
1093 1301 72 48 eut

395 1347 129 42 extra
481 1347 144 42 animam
582 1347 129 42 sicut
668 1347 144 42 potest
768 1347 129 42 fieri
855 1347 86 42 de
898 1347 187 42 quacumque
1027 1347 144 42 vocabulo

399 1378 98 59 quod
460 1378 171 59 communiter
594 1378 171 59 accipiendo
729 1378 110 59 milta
802 1378 183 59 significat.
949 1378 110 59 tamen
1022 1378 134 59 proprie
1108 1378 73 59 acci

388 1425 141 55 piendo
487 1425 99 55 rem
543 1425 99 55 non
600 1425 155 55 dicitur
712 1425 85 55 de
755 1425 113 55 omni
825 1425 85 55 eo
868 1425 113 55 quod
938 1425 99 55 est
995 1425 127 55 extra
1065 1425 113 55 animam

395 1467 93 56 sed
448 1467 93 56 pro
501 1467 80 56 eo
541 1467 160 56 praecise
661 1467 93 56 quo
715 1467 133 56 aliqua
808 1467 160 56 dicuntur
928 1467 93 56 vna
981 1467 93 56 res
1034 1467 80 56 et
1061 1467 120 56 distin-

398 1501 145 62 guuntur
504 1501 159 62 realiter
623 1501 66 62 ¶
649 1501 106 62 Unde
715 1501 159 62 secundum
834 1501 119 62 Fran.
914 1501 119 62 mayro
993 1501 132 62 supra.
1085 1501 79 62 q.
1112 1501 66 62 vl.

400 1556 176 46 Notandum
532 1556 103 46 pro
591 1556 249 46 verificatione
796 1556 132 46 huius
884 1556 249 46 propositionis
1074 1556 103 46 Forma

395 1590 128 56 litas
480 1590 100 56 est
537 1590 185 56 realitas.
680 1590 114 56 quod
751 1590 171 56 quattuor
879 1590 142 56 genera
964 1590 214 56 propositionum

394 1635 147 50 inquit
497 1635 235 50 verificantur
689 1635 88 50 in
733 1635 191 50 creaturis
880 1635 74 50 ¶
909 1635 132 50 Primo
997 1635 147 50 quedam
1086 1635 88 50 sunt

386 1672 223 56 propositiones
570 1672 92 56 que
622 1672 210 56 verificantur
793 1672 92 56 per
846 1672 118 56 solam
924 1672 250 56 concomitantiam.
1121 1672 53 56 vt

406 1718 105 49 cum
466 1718 180 49 dicitur.
601 1718 195 49 Seneratio
751 1718 135 49 vnius
841 1718 105 49 est
901 1718 195 49 corruptio
1036 1718 120 49 alteri

404 1752 85 54 et
446 1752 128 54 tamen
531 1752 184 54 generatio
673 1752 85 54 et
716 1752 184 54 corruptio
858 1752 113 54 sunt
929 1752 184 54 privatiue
1056 1752 128 54 opposi-

390 1804 110 56 ta.
453 1804 172 56 Secundo
578 1804 157 56 quedam
688 1804 125 56 sunt
766 1804 266 56 denominatiue.
986 1804 110 56 que
1033 1804 141 56 verifi-

396 1844 136 47 cantur
492 1844 95 47 per
546 1844 218 47 concretionem
723 1844 136 47 solam.
818 1844 122 47 Sicut
900 1844 109 47 homo
968 1844 150 47 dicitur
1063 1844 109 47 iustus

409 1888 100 52 qui
466 1888 86 52 in
509 1888 86 52 se
552 1888 129 52 habet
638 1888 201 52 formaliter
796 1888 186 52 iusticiam
939 1888 72 52 a
967 1888 100 52 qua
1010 1888 158 52 denomnina

402 1928 131 51 tur.
484 1928 164 51 Tertio
598 1928 131 51 sunt
680 1928 164 51 quedam
795 1928 246 51 quiditatiue
992 1928 148 51 sicut
1074 1928 98 51 homo

401 1970 95 48 est
456 1970 149 48 animal.
564 1970 108 48 quia
631 1970 162 48 partinet
753 1970 81 48 ad
794 1970 135 48 primum
888 1970 122 48 modum
969 1970 149 48 dicendi
1077 1970 95 48 per
1118 1970 54 48 se

407 2014 141 48 Quarto
505 2014 141 48 quedam
604 2014 113 48 sunt
674 2014 183 48 identice.
815 2014 127 48 sicut
900 2014 141 48 quando
998 2014 169 48 vtrumque
1111 2014 70 48 ex-

395 2062 164 43 tremorum
518 2062 96 43 vel
573 2062 150 43 alterum
683 2062 96 43 est
737 2062 233 43 transcendens.
929 2062 164 43 loquendo
1052 2062 82 43 de
1079 2062 96 43 illis

404 2094 281 53 transcendentibus
643 2094 99 53 que
699 2094 225 53 conuertuntur
882 2094 99 53 cum
939 2094 127 53 ente.
1023 2094 127 53 Sicut
1094 2094 84 53 enim

403 2138 91 48 in
448 2138 167 48 diuinis
569 2138 167 48 propter
690 2138 227 48 infinitatem
872 2138 182 48 alterius
1008 2138 167 48 extremi
1114 2138 76 48 vel

410 2187 177 43 vtriusque:
549 2187 177 43 conceditur
688 2187 189 43 praedicatio
839 2187 76 43 in
877 2187 164 43 abstracto
991 2187 189 43 praedicatione

406 2223 140 51 identica
511 2223 81 51 ita
558 2223 70 51 in
592 2223 151 51 creaturis
709 2223 128 51 propter
802 2223 198 51 communitatem.
965 2223 93 51 vnde
1023 2223 128 51 dicitur
1104 2223 70 51 quod

404 2268 137 47 vnitas
500 2268 96 47 est
555 2268 137 47 quedam
651 2268 165 47 entitas.
775 2268 82 47 et
816 2268 151 47 entitas
926 2268 151 47 dicitur
1036 2268 82 47 de
1063 2268 124 47 vltimis

408 2305 201 50 differentiis
572 2305 151 50 scilicet
685 2305 213 50 denominatiue.
861 2305 113 50 licet
936 2305 100 50 ipsa
999 2305 188 50 quiditatiue
1137 2305 50 50 in

402 2349 105 46 eis
462 2349 105 46 non
522 2349 226 46 includatur.
703 2349 90 46 Et
748 2349 120 46 isto
823 2349 120 46 modo
898 2349 120 46 idem
973 2349 135 46 Fran.
1049 2349 135 46 Dicocin

416 2391 131 51 quit)
503 2391 116 51 quod
575 2391 174 51 realitas
706 2391 102 51 est
764 2391 203 51 formalitas
923 2391 116 51 quia
996 2391 174 51 realitas
1112 2391 73 51 est

414 2435 228 48 transcendens.
601 2435 148 48 Dicitur
709 2435 121 48 autem
789 2435 161 48 realitas
910 2435 107 48 esse
977 2435 188 48 formalitas
1111 2435 67 48 de-

408 2480 227 46 nominatiue.
589 2480 121 46 quia
665 2480 106 46 res
725 2480 106 46 est
785 2480 196 46 concretum
936 2480 227 46 realitatis.
1103 2480 76 46 Non

412 2523 125 42 autem
496 2523 97 42 hec
551 2523 153 42 dicitur
663 2523 223 42 quiditatiue.
844 2523 111 42 quia
913 2523 125 42 omnis
997 2523 167 42 formalis
1108 2523 70 42 ra-

400 2557 100 45 tio
457 2557 86 45 in
500 2557 187 45 creaturis
644 2557 187 45 abstrahit
787 2557 72 45 a
816 2557 187 45 realitate
959 2557 86 45 et
1002 2557 129 45 etiam
1089 2557 86 45 ab
1117 2557 72 45 exi

399 2600 181 45 stentia
530 2600 181 45 actuali
662 2600 132 45 quia
745 2600 115 45 est
811 2600 148 45 modus
910 2600 247 45 intrinsecus
1091 2600 99 45 rea-

412 2640 148 53 litati
516 2640 178 53 secundum
650 2640 89 53 se
694 2640 208 53 adequatus.
858 2640 89 53 Et
902 2640 134 53 patet
991 2640 119 53 hoc.
1065 2640 104 53 Nam
1110 2640 89 53 qui-

411 2686 132 68 ditas
499 2686 103 68 que
558 2686 103 68 non
617 2686 161 68 existit
734 2686 191 68 diffiniri
881 2686 161 68 potest.
998 2686 117 68 puta
1072 2686 117 68 rosa
1130 2686 59 68 in

1207 285 198 80 hyeme.
1346 285 139 80 Hec
1405 285 139 80 Fran.

1228 338 113 90 ¶
1274 338 158 90 Sed
1364 338 135 90 an
1431 338 158 90 sit
1521 338 225 90 aliqua
1679 338 315 90 distinctio
1926 338 135 90 in
1971 338 68 90 §

1219 422 100 43 ter
1276 422 201 43 realitatem
1434 422 86 43 et
1477 422 215 43 formalitate
1649 422 187 43 Respondet
1793 422 129 43 Fran.
1864 422 144 43 Ibidenm-

1229 460 250 45 Mltixinquit)
1433 460 157 45 dicunt
1542 460 125 45 quod
1621 460 141 45 nulla
1715 460 172 45 penitus
1840 460 110 45 est
1887 460 125 45 distin

1220 503 129 51 ctio
1301 503 129 51 quia
1382 503 226 51 formalitas
1559 503 275 51 vniuscuiusque
1786 503 146 51 extra
1867 503 129 51 animam

1216 543 106 52 non
1276 543 106 52 est
1337 543 121 52 nisi
1413 543 182 52 realitas
1549 543 121 52 eius
1625 543 106 52 Sed
1685 543 167 52 contra.
1806 543 121 52 Quia
1867 543 136 52 distin-

1231 590 107 49 ctio
1298 590 134 49 realis
1392 590 94 49 est
1445 590 107 49 alia
1512 590 67 49 a
1539 590 215 49 distinctione
1714 590 148 49 formali
1821 590 107 49 ergo
1888 590 107 49 etc.
1942 590 67 49 Nam

1234 630 130 43 pater
1320 630 115 43 alio
1392 630 101 43 est
1450 630 115 43 deus
1522 630 86 43 et
1565 630 115 43 alio
1637 630 101 43 est
1694 630 144 43 pater.
1795 630 86 43 Ut
1838 630 130 43 dicit
1910 630 101 43 Augu.

1229 674 138 46 Ettamen
1330 674 100 46 idem
1393 674 100 46 deus
1455 674 88 46 est
1506 674 151 46 realiter
1619 674 113 46 licet
1694 674 100 46 alia
1757 674 138 46 ratione
1857 674 138 46 formali
1945 674 63 46 sit

1229 714 144 47 pater
1325 714 96 47 et
1373 714 128 47 alia
1452 714 128 47 deus
1532 714 128 47 Item
1612 714 128 47 Ista
1692 714 112 47 est
1756 714 223 47 contingens
1915 714 96 47 Homo

1233 755 105 44 est
1293 755 105 44 res
1353 755 135 44 actum
1443 755 195 44 existens.
1593 755 105 44 aut
1652 755 120 44 ista
1727 755 120 44 Homo
1802 755 105 44 est
1862 755 90 44 in
1907 755 90 44 re
1937 755 75 44 ex-

1229 797 106 55 tra.
1295 797 106 55 quia
1361 797 92 55 hoc
1414 797 145 55 accidit
1519 797 145 55 homini.
1625 797 92 55 Nil
1678 797 119 55 autem
1757 797 92 55 est
1810 797 106 55 quod
1876 797 106 55 sibi
1929 797 79 55 ipsi

1228 838 154 48 accidat
1340 838 112 48 ergo
1410 838 112 48 alia
1480 838 98 48 est
1536 838 168 48 realitas
1662 838 112 48 quam
1732 838 196 48 formalitas
1872 838 140 48 hominis.

1226 880 150 54 Eodem
1327 880 134 54 modo
1410 880 100 54 de
1460 880 167 54 aliis.
1577 880 184 54 Ideoque
1711 880 134 54 idem
1795 880 150 54 Fran.
1878 880 134 54 conclu

1225 922 124 52 dendo
1308 922 124 52 dicit
1391 922 110 52 quod
1460 922 166 52 realitas
1584 922 221 52 distinguitur
1764 922 69 52 a
1791 922 207 52 formalitate
1943 922 69 52 non

1229 962 125 55 quidem
1317 962 150 55 realiter
1430 962 150 55 scilicet
1542 962 75 55 vt
1580 962 88 55 res
1630 962 75 55 et
1667 962 100 55 res.
1730 962 100 55 quia
1792 962 175 55 formalitas
1930 962 75 55 ex
1955 962 50 55 se

1223 1008 90 48 non
1275 1008 90 48 est
1326 1008 90 48 res
1378 1008 154 48 scilicet
1493 1008 116 48 extra
1571 1008 129 48 animam
1661 1008 90 48 Nec
1712 1008 180 48 formaliter
1854 1008 103 48 quia
1905 1008 103 48 reali-

1222 1050 106 46 tas
1283 1050 106 46 est
1343 1050 228 46 formalitas.
1526 1050 91 46 vt
1571 1050 106 46 iam
1632 1050 152 46 dictum
1738 1050 106 46 est
1784 1050 228 46 denominatiue.

1219 1086 119 56 Sed
1287 1086 273 56 distinguitur
1509 1086 154 56 sicut
1611 1086 154 56 modus
1714 1086 256 56 intrinsecus
1919 1086 85 56 a
1936 1086 85 56 qui

1231 1135 164 52 ditatiua
1354 1135 150 52 ratione
1464 1135 233 52 circumscripta
1655 1135 178 52 videlicet
1792 1135 109 52 omni
1847 1135 164 52 operatione

1232 1171 243 50 intellectus
1426 1171 113 50 Hec
1491 1171 146 50 Fran.
1604 1171 81 50 ¶
1636 1171 129 50 Unde
1717 1171 97 50 de
1765 1171 243 50 formalitate
1943 1171 65 50 vi

1229 1220 95 42 de
1277 1220 142 42 etiam
1372 1220 111 42 Ubi
1435 1220 95 42 de
1482 1220 221 42 Realitate.
1656 1220 79 42 ¶
1688 1220 127 42 Nota
1767 1220 158 42 itaque
1878 1220 95 42 de
1909 1220 111 42 forma

1229 1260 131 42 litate
1321 1260 157 42 secundum
1439 1260 118 42 dicta
1517 1260 118 42 Fran.
1596 1260 131 42 ibidem
1687 1260 105 42 quod
1753 1260 170 42 videlicet
1884 1260 118 42 infra
1949 1260 66 42 ean

1232 1300 118 47 dem
1300 1300 202 47 personam
1451 1300 186 47 diuinam
1586 1300 101 47 eo
1637 1300 135 47 modo
1721 1300 118 47 quo
1789 1300 186 47 negatur
1907 1300 101 47 esse

1228 1344 206 43 distinctio
1390 1344 162 43 realis.
1508 1344 162 43 oportet
1626 1344 147 43 dicere
1729 1344 118 43 quod
1802 1344 132 43 raton
1876 1344 147 43 formalis

1226 1385 243 46 multiplicetur
1426 1385 86 46 et
1469 1385 100 46 non
1526 1385 186 46 realitas.
1669 1385 100 46 Nam
1726 1385 86 46 et
1769 1385 129 46 Hila.
1855 1385 129 46 dicit
1926 1385 86 46 quod

1233 1428 117 46 aliud
1311 1428 91 46 est
1363 1428 156 46 spiritus
1481 1428 143 46 sanctus
1585 1428 78 46 et
1624 1428 117 46 aliud
1702 1428 91 46 est
1754 1428 91 46 res
1806 1428 156 46 spiritus
1911 1428 104 46 sancti

1249 1472 84 49 uia
1297 1472 145 49 spiritus
1406 1472 133 49 sanctus
1502 1472 181 49 quiditatiue
1647 1472 193 49 constituitur
1804 1472 72 49 ex
1840 1472 145 49 essentie
1937 1472 72 49 qui-

1232 1512 139 54 ditate
1329 1512 83 54 et
1371 1512 208 54 spirationis
1538 1512 167 54 passiue.
1663 1512 111 54 Uult
1732 1512 111 54 ergo
1802 1512 139 54 dicere
1899 1512 111 54 quod
1955 1512 69 54 il-

1227 1554 90 60 le
1272 1554 165 60 caonues
1392 1554 180 60 formales
1527 1554 210 60 abstrahunt
1691 1554 75 60 a
1706 1554 180 60 realitate.

1262 1600 125 72 ¶
1312 1600 226 72 Utrum
1462 1600 401 72 formalitates
1788 1600 251 72 debeat
1939 1600 100 72 po

1230 1651 88 54 ni
1274 1651 88 54 in
1318 1651 175 54 diuinis:
1450 1651 88 54 Ad
1494 1651 117 54 quod
1567 1651 175 54 arguitur
1698 1651 175 54 secundum
1830 1651 175 54 Scotori.
1947 1651 73 54 su-

1231 1699 102 49 per
1290 1699 132 49 primo
1378 1699 102 49 di.
1436 1699 132 49 viii.
1524 1699 102 49 sic
1582 1699 205 49 Formalitas
1743 1699 161 49 dicitur
1860 1699 73 49 a
1889 1699 132 49 forma
1963 1699 58 49 si

1232 1740 113 51 ergo
1302 1740 169 51 ponuntur
1429 1740 84 51 in
1471 1740 99 51 deo
1527 1740 225 51 formalitates
1710 1740 141 51 plures
1809 1740 169 51 sequitur
1922 1740 84 51 quod

1233 1783 112 48 ibi
1297 1783 128 48 sunt
1377 1783 160 48 plures
1489 1783 144 48 forme
1585 1783 144 48 sicut
1682 1783 272 48 multiplicatis
1890 1783 128 48 abstra

1230 1829 116 41 ctis
1303 1829 261 41 multiplicantur
1521 1829 174 41 concreta
1651 1829 116 41 quod
1724 1829 102 41 est
1782 1829 232 41 inconueniens
1956 1829 58 41 di

1237 1865 124 46 vine
1314 1865 263 46 simplicitati.
1530 1865 93 46 Ad
1576 1865 108 46 hoc
1638 1865 124 46 idem
1715 1865 216 46 Scotorlis.
1870 1865 139 46 ibidem.

1243 1910 194 45 Respondet.
1396 1910 125 45 dicit
1479 1910 111 45 quod
1549 1910 194 45 antecedens
1702 1910 97 45 est
1757 1910 139 45 falsum
1854 1910 111 45 quia
1910 1910 111 45 forma-

1233 1952 139 50 litas
1325 1952 108 50 non
1387 1952 170 50 dicitur
1511 1952 77 50 a
1542 1952 139 50 forma
1635 1952 108 50 sed
1696 1952 170 50 dicitur
1820 1952 77 50 a
1851 1952 124 50 modo
1913 1952 108 50 reali

1235 1992 153 51 secundum
1350 1992 153 51 aliquos.
1464 1992 89 51 vel
1515 1992 64 51 a
1540 1992 165 51 quiditate
1668 1992 140 51 formali
1769 1992 153 51 secundum
1884 1992 127 51 alios.
1960 1992 51 51 vl

1240 2041 73 45 a
1269 2041 160 45 ratione
1385 2041 218 45 diffinitiua
1559 2041 160 45 formali
1675 2041 174 45 secundum
1805 2041 174 45 quosdam.
1921 2041 87 45 Dato

1233 2078 136 47 tamen
1324 2078 121 47 quod
1399 2078 197 47 diceretur
1551 2078 76 47 a
1581 2078 151 47 forma:
1687 2078 212 47 argumentum
1854 2078 136 47 adhuc
1929 2078 76 47 non

1235 2118 122 51 valet
1317 2118 109 51 quia
1385 2118 191 51 essentiale
1535 2118 150 51 dicitur
1644 2118 82 51 ab
1684 2118 163 51 essentia
1807 2118 82 51 et
1848 2118 136 51 tantum
1929 2118 82 51 plu-

1229 2168 83 42 ra
1271 2168 111 42 sunt
1340 2168 208 42 essentialia
1507 2168 181 42 attributa
1646 2168 167 42 scilicet
1771 2168 181 42 sapientia
1896 2168 125 42 bonitas

1228 2202 124 46 etc.
1306 2202 93 46 in
1353 2202 140 46 vnica
1446 2202 186 46 essentia
1586 2202 155 46 diuina
1695 2202 202 46 Similiter
1835 2202 186 46 personalia

1232 2244 186 50 dicuntur
1372 2244 78 50 a
1403 2244 171 50 persona
1527 2244 93 50 Et
1574 2244 140 50 tamen
1667 2244 93 50 in
1713 2244 140 50 eadem
1806 2244 171 50 persona
1915 2244 93 50 sunt

1245 2289 134 49 plura
1335 2289 224 49 personalia.
1513 2289 134 49 sicut
1603 2289 89 49 in
1647 2289 134 49 patre
1737 2289 194 49 generare.
1871 2289 134 49 spirare

1228 2331 126 49 etc.
1307 2331 126 49 Unde
1386 2331 221 49 distinctio
1560 2331 190 49 formalis
1702 2331 111 49 non
1765 2331 190 49 excludit
1892 2331 126 49 vnita-

1227 2366 115 61 tem
1292 2366 164 61 realem
1407 2366 98 61 et
1456 2366 278 61 simplicitatis
1685 2366 115 61 Hec
1734 2366 197 61 Scotorlis.

1285 2411 113 64 ¶
1331 2411 159 64 Sed
1421 2411 159 64 que
1512 2411 317 64 necessitas
1762 2411 159 64 est
1830 2411 181 64 ponere

1244 2470 78 51 in
1283 2470 142 51 diuinis
1386 2470 207 51 formalitates
1554 2470 155 51 aliquas:
1671 2470 194 51 Respondetur
1826 2470 155 51 secundum
1929 2470 91 51 Fran.

1247 2512 113 52 Ubi.
1318 2512 142 52 supra.
1417 2512 113 52 Quod
1488 2512 128 52 prima
1573 2512 198 52 necessitas
1729 2512 99 52 est
1785 2512 85 52 ad
1828 2512 184 52 saluandas
1955 2512 71 52 re-

1230 2558 135 52 gulas
1320 2558 285 52 contradictionum
1560 2558 105 52 Nam
1620 2558 90 52 in
1664 2558 165 52 diuinis
1784 2558 135 52 illis
1874 2558 120 52 quae
1934 2558 90 52 sunt

1234 2602 168 45 realiter
1360 2602 112 45 idem
1430 2602 98 45 vel
1486 2602 224 45 indistincta:
1669 2602 210 45 applicantur
1837 2602 154 45 extrema
1935 2602 84 45 com-

1240 2640 209 52 radictionis
1407 2640 97 52 que
1463 2640 97 52 non
1518 2640 153 52 possunt
1630 2640 125 52 eidem
1713 2640 139 52 inesse
1810 2640 167 52 secundum
1922 2640 83 52 idem

1228 2683 110 62 ideo
1297 2683 151 62 oportet
1407 2683 96 62 ibi
1462 2683 137 62 ponere
1558 2683 192 62 vlteriorem
1708 2683 233 62 distinctionem
1887 2683 137 62 scilicet
