2529 4175
341 380 1284 449 una. ubi cedit natura miraculo: & virtus supra consuetu-
353 432 1287 492 dinem operatur, inf. de cel. mis. cum Marthae, §. quaesivisti.
353 473 1292 537 Item nunquid apparet ibi Christum passum fuisse, nisi fi-
357 530 1300 579 dem adhibeas dictis veridicis & Scripturis, ergo non ap-
352 561 1292 635 parentium, nedum futura, sed praeterita & praesentia co-
353 605 1292 680 prehendit. Haec etiam descriptio sic intellecta, spei non co-
357 653 1305 705 venit, quia spes non respicit praeterita, sed futura. Verum
356 692 1305 755 haec est fides catholica, quam Romana tenet ecclesia, &
364 745 1299 804 quae in Symbolo continetur, 24. q. 1. haec est fides, quae fir-
361 780 1310 843 miter est credenda, & simpliciter confitenda, inf. eo. c.1. in
357 820 1299 898 princ. 23. dist. episcopus. de qua non est turbis coadunatis pu-
369 863 1310 925 blice disputandum. C. eo nemo. in prin. quia debemus esse
366 924 1309 971 soliciti, ne margaritas nostras ante porcos mittamus, 11. q.
365 953 1305 1023 3. nolite. & ne de secretioribus divinae scientiae omnibus
369 1010 1309 1066 proloquamur, 43 dist. in mandatis, nec magistris & custo-
368 1039 1310 1099 dibus canonum fas est inire certamen cum hominibus. alie-
369 1084 1316 1147 nae communionis, 23. q. 3. cum quibus in fin. Quod intellige, cum
374 1124 1312 1192 quis fidelis publice contendit de fide, ex hoc tumultus, &
372 1170 1316 1243 per fidei occasionem quaerens, ut in l. praeallegata nemo. alias
377 1214 1312 1272 in fide sunt simplices instruendi 10. q. 1 placuit, de haere. con-
372 1251 1316 1326 fundendi, 19. dist. secundum de conset. dist. 2m Christo pater, &
376 1303 1163 1364 in plerisque, ca. eiusdem & C. de episc. & cler. quoniam.
398 1340 1311 1458 Quot sunt species fidei? * Duae, una et for-
958 1387 1319 1448 mata, quam habent
367 1438 1323 1491 boni & sancti: alia informis, quam mali, sc. innideles & exi-
374 1490 1322 1532 stentes in mortali, quinetiam & daemones, fides peccato-
373 1517 1318 1572 rum caret forma, quia non habent sinceram fidem inf.
376 1556 1323 1619 de elect. Osius. Prima est virtus, a qua dicuntur fideles
380 1604 1317 1673 quicunque baptizantur, quousque incidant in mortali,
375 1644 1316 1707 de cons. d. 4. quod autem apud. talis fides dicitur informa-
382 1703 1312 1747 ta charitate, id est, valde formata & infixa. unde & sic po-
378 1731 1318 1791 test diffiniri: Fides est charitas, qua quis credit quod
379 1788 1321 1835 diligit, charitas dignior est: penes quam consistit omne
385 1828 1312 1875 meritum, & est fons vivus, cui non communicat alie-
377 1871 1313 1925 nus, sc. a fide. inf. de regulis, licet, in fin. & de poeni. dist. 1. I-
379 1908 1312 1962 tem ut Christus ait. dist. 2. §. charitas. unde dicitur, fides ve
381 1963 1322 2011 ra est rirtus quam charitas comitatur. Apostolus. Haec
383 2005 1319 2051 est fides, quae per dilectionem operatur, de poen. dist. 2.
379 2037 1320 2087 §. item sine charitate, & non ea quae daemonum est, quia
377 2085 1316 2138 secundum Iacobum, c. 2. si credis, quoniam unus est De
382 2125 1317 2179 us, bene facis. & daemones credunt, & contremiscunt,
386 2171 1311 2227 sed fides sine operibus mortua est. De fide informata cha
384 2227 1318 2265 ritate, dicit Abacuc, Iustus meus ex fide vivit. Fides autem no
384 2260 1309 2315 stra eadem est in substantia cum fide antiquorum, ut tactum
389 2308 1315 2354 est. unde & Matth. 21. Turbae autem quae praecedebant, &
388 2355 1319 2397 quae sequebantur clamabant, dicentes b Osanna filio
380 2397 1315 2448 David, sed distat in qualitate; quia quod ipsi credebant de
381 2436 1313 2483 futuro, sc. filium Dei nasciturum, nos credimus de praete-
388 2476 791 2532 rito, sc. Christum natum.
392 2508 1316 2611 Quot & qui Articuli.1 Secundum quos-
973 2564 1317 2623 dam 12. c juxta nu-
378 2606 1321 2653 merum Apostolorum, quia Apostoli per inspirationem
381 2658 1322 2705 Spiritus sancti congregati Symbolum minorem compo-
385 2700 1316 2754 suerunt, & singuli singulos articulos apposuerunt, un-
380 2733 1322 2787 de dicitur symbolus, quasi singulorum bolus, & inteni
383 2780 1316 2834 in Scripturis (licet non Authenticis) quis Apostolorum
378 2823 1315 2875 articulum apposuerit in hunc modum. Primus est de pa-
379 2877 1317 2923 tro, & probat eum omnipotentem & creatorem, & ipsum
385 2912 1320 2961 apposuit princeps Apostolorum, scilicet Petrus, dicens,
393 2956 1319 3003 Credo in d Deum patrem omnipotentem, creatorem
385 2995 1312 3049 coeli, & terrae. hoc probatur infra eod. cap. 1. in prin. § ibi u-
381 3051 1317 3090 num universorum principium, &c. Secundus est de filio, &
375 3093 1311 3144 probat eum rerum Deum, & hunc apposuit Andreas
381 3141 1312 3184 frater Petri, dicens, Et in Jesum Christum Filium eius u-
383 3166 1321 3218 nicum Dominum nostrum. Tertius est de eodem, &
381 3209 1318 3275 probat ipsum conceptum de Spiritu sancto, & natum ex
388 3253 1312 3307 Maria Virgine, & hunc apposuit Jacobus frater Joan-
384 3308 1320 3347 nis, dicens. Qui conceptus est de Spiritu sancto natus
391 3348 1309 3403 ex Maria Virgine. Quartus de eodem, & probat ejus pas-
381 3386 1308 3442 sionem gloriosam, & pretiosam mortem, & sepulturam,
387 3430 1311 3481 & hunc apposuit Joan. dicens. Passus sub Pontio Pilato.
386 3479 1309 3535 crucifixus, mortuus, & sepultus. Sic ergo debemus fi-
373 3512 1316 3564 lium credere verum Deum, & verum hominem, infr. de
381 3564 1310 3610 cel. unis. in quadam, de her. cum Christus, unde qui immortalis, &
377 3607 1316 3659 impassibilis erat respectu deitatis, factus est passibilis, &
375 3652 1307 3698 mortalis respectu humanitatis, inf. eod. firimter. C. eo. l. ult.
374 3692 1311 3738 Quintus de eodem, & probat descensum ejus ad inferos, &
373 3737 1314 3795 jus resurrectionem, & hunc apposuit Thomas, dicens:
1335 372 2279 435 Descendit ad inferos, tertia die resurrexit a mortuis. Sex-
1333 421 2284 475 tus de eodem, & probat ejus ascensionem, & hunc appo-
1342 460 2290 520 suit Jaco. Alphaei, dicens. Ascendit ad coelos, sedet ad
1340 507 2294 562 dexteram Dei patris omnipotentis, descendit tamen in
1344 556 2296 608 anima, resurrexit in carne, ascendit pariter in utroque, ut
1336 584 2302 650 infra co. firmiter, §. haec sancta. Septimus de eodem, & pro-
1345 637 2305 695 bat ejus iudicium, & hunc apposuit Philippus, dicens:
1352 692 2309 739 Inde venturus est judicare vivos, & mortuos. Hi sex ar-
1346 724 2308 781 ticuli, qui attribuuntur filio comprobantur per ordinem.
1350 775 2298 827 infr. eod. cap 1. §. haec sancta Trinitas, ibi, & tandem unigenitus.
1351 808 2307 871 &c. Octavus, de Spiritu sancto, & hunc apposuit Bar=
1357 853 2308 914 tholomaeus, dicens, Credo in Spiritum sanctum, infr. eo-
1351 899 2307 963 dem capitulo primo circa princip. ibi Spiritus sanctus, Nonus
1354 936 2310 1002 de eodem probat & claritatem, & quod instinctu ejus
1352 988 2307 1042 dem Ecclesiae constituta est, & regenda omni schismate
1357 1027 2312 1093 procul pulso, & hunc apposuit Matthaeus, dicens: San
1351 1070 2309 1131 ctam ecclesiam catholicam, Sanctorum communionem,
1351 1116 2306 1175 hoc tangitur, infra eodem capitulo primo. §. una, hunc articu-
1351 1173 2310 1218 lum offendunt schismatici, de quibus infra de sin. Deci-
1358 1221 2304 1259 mus, de eodem, & probat ejus benignitatem, & hunc ap-
1359 1261 2304 1314 posuit Simon, dicens, Remissionem peccatorum, hoc ha-
1352 1287 2307 1346 betur inf. eo cap. 1 §. ult. & penul. Undecimus, de eodem, &
1362 1329 2314 1404 probat ejus potestatem, & hunc apposuit Thadaeus, di-
1363 1378 2306 1435 cens, Carnis resurrectionem, & hic comprobatur infr. e-
1363 1424 2307 1478 od capitulo primo, §. haec sancta, ibi, qui omnes, cum suis propriis.
1362 1468 2310 1522 &c. Duodecimus, de eodem, & probat eius remunera-
1364 1508 2308 1563 tionem, & aeternitatem, & hunc apposuit Matthias, di-
1358 1553 2302 1611 cens: Vitam aeternam, & hoc tangitur infra eodem, capitu-
1362 1596 2309 1651 lo primo § haec sancta. Si bene inteiligas, unicus & primus
1360 1649 2304 1699 articulus attribuitur patri. Nam sicut unitas est princi-
1368 1684 2302 1748 pium omnis numeri, nec est numerus, nec numerum ha-
1366 1724 2301 1786 bet, sic pater est principium sine principio, & ideo unitas
1359 1773 2296 1827 ei appropriatur. Sequens vero sive secudus, tertius, quar-
1365 1824 2307 1870 tus, quintus, sextus, & septimus, appropriantur filio: quia
1359 1868 2296 1916 senarius numerus perfectus est, quare per ipsum perfe-
1355 1908 2303 1959 ctio designatur, quae convenienter filio assignatur; quia
1359 1948 2300 2002 sicut dicitur ad Eph.1. Deus pater proposuit in dispensa-
1358 1991 2296 2044 tione plenitudinis temporum instaurare in Christo om-
1358 2036 2303 2092 nia, quae in coelis, & quae in terra sunt. Sed octavus, no-
1357 2079 2304 2130 nus, decimus, undecimus, & duodecimus, & sic quinque
1360 2131 2306 2178 Spiritui sancto appropriantur: quia per quinarium signi-
1356 2164 2304 2219 ficatur universorum remissio peccatorum, quae sit per
1358 2220 2302 2275 gratiam, quae est sancto Spiritui assignanda. Sic ergo haec
1360 2251 2299 2306 distinctio aequalitati personarum nihil detrahit, quia tres
1358 2299 2307 2362 personae consubstantiales sunt, & coaequales, &c, ifra eo-
1360 2341 2314 2394 dem, capitulo. 1. resp. secundum, quod ipsarum appropria-
1366 2394 2308 2442 tio demonstratur, sicut dicit August. in lib. de Spiritu. & a-
1360 2428 2308 2483 nima. Sed secundum dominum Hug. Card. 12. sunt arti-
1365 2469 2305 2523 culi. 6 de divinitate, & 6. de humanitate. Primus artic. de
1364 2516 2300 2571 divinitate est, quod Deus est unus. Secundus, quod De-
1365 2560 2305 2610 us est aeternus; Tertius, quod Deus est author omnium.
1366 2604 2300 2660 Quartus, quod est justificator impiorum, ibi, remissionem
1360 2659 2300 2700 peccatorum. Quintus, quod est suscitator mortuorum.
1366 2688 2299 2742 Sextus, quod est remunerator bonorum & malorum. I-
1366 2731 2291 2785 tem primus art. de humanitate est, quod natus est filius
1365 2781 2299 2842 Dei de virgine. Secundus, quod mortuus, secundum
1357 2831 2297 2874 quod homo. Tertius, quod descendit in anima ad inferos.
1362 2861 2298 2916 Quartus, quod resurrexit in corpore Quintus, quodascen-
1366 2908 2303 2960 dit in corpore & anima. Sextus, quod vivos & mortuos
1356 2956 2306 3015 judicabit. Secundum alios vero, sunt 14. artic. quorum
1366 2993 2307 3053 7. pertinent ad deitatem, & 7. ad humanitatem. Primus est
1357 3043 2301 3094 de unitate essentiae ibi, Credo in Deum, q.d. non Deos, quia
1356 3084 2305 3135 non sunt plures, sed unus tantum, unde in majori Symbo-
1359 3124 2302 3179 lo, Credo in unum Deum, & hic retorquetur ad tres se-
1364 3181 2305 3233 quentes, qui denotant discretionem personarum. Primus
1364 3214 2298 3267 est de persona patris. unde dicit. Patrem omnipotentem,
