2348 3336
445 269 1241 316 imperfectionem et contra sanctitatem fidei catholi¬
445 309 1225 353 ce ex coni vsu loquentium quod deus potest decipere: est
447 347 1225 389 illud non est admittendum: secundum illud augu.
451 381 1225 427 stini decimo de ciuitate di. ca. xxiii. sicut liberi: ve
456 421 1235 468 bis loquuntur philosophi: nec in rebus ad intelligendum
456 463 1237 502 difficilibus offensionem religiosarum aurium pertime
453 499 1228 544 scunt: nobis autem loqui certa regula fas est: ne
443 532 1227 578 verborum licentia etiam de rebus que his signifi¬
445 566 1228 620 cant impiam gignant opinionem. ⁋ Preterea ho¬
453 615 1241 658 mini bono a angelo bono non conuenit decipere:
451 649 1238 694 nec deo mediante aliqua istorum. igitur non conue
453 689 1232 730 nit deo immediate. Antecedens patet per Augusti.
447 728 1234 769 num libro. lxxxiii. questionum quaestione. v. deus per seipsum
449 769 1228 808 neminem decipit: nec per angelum bonum nec per ho
438 796 1230 843 minem bonum: cui non conuenit persona fallacie. Et
450 841 1228 880 Oregorius secundo moralium. xiiii. capite. per spir
450 876 1229 921 tum fallacie rex achab suis meritis exigentibus de
447 909 1239 957 cipitur: nec eni fas est credere bonum spiritum falla¬
454 947 1225 993 cie deseruire voluisse. ⁋ Preterea Augustinus li
448 989 1240 1032 bro prefato questione. xiiii. si corpus christi phantas
441 1021 1232 1068 ma fuerit: christus fefellit. et si fefellit veritas non
444 1062 1235 1109 est. Et sine dubio veritas christus est: non igitur pham
448 1100 1228 1147 ta sma fuit corpus christi. ⁋ Non valet dicere: non
446 1144 1229 1187 potest fallere de potentia ordinata: sed absoluta. Un
444 1181 1228 1220 de igitur tibi certum est quod non velit decipere: cum
453 1211 1227 1256 simpliciter fallere potest: igitur nullus potest firmi¬
447 1244 1234 1293 ter credere scripture. Unde Augustinus libro de
448 1292 1235 1334 mendacio: quomodo credendum est ei qui permit
441 1328 1226 1371 tit aliquando esse mentiendum. Unde ad hebreos vi
447 1362 1232 1407 impossibile est mentiri deum. ⁋ Amplius: deus non po¬
444 1401 1235 1443 test falli: ergo non potest fallere. antecedens patet. quia
445 1442 1238 1484 tunc non esset omnisciens. consequentia patet per Augusti-
441 1482 1229 1523 num libro de symbolo. sicut deus non potest falli ita
447 1513 1234 1557 non potest fallere: non enim esset dignus quod esset oipotens
445 1547 1241 1597 egregie dictum non esset dignus. Et probatur illud: quia
447 1589 1240 1638 peius est fallere quam falli. quia falli est infirmitatis: falle
448 1630 1232 1677 re voluntatis. ⁋ Unde Augustinus enchiyidii. xvi ii.
457 1665 1235 1714 homines fallunt atque falluntur. miseriores sunt qui mem
444 1700 1238 1746 tiendo fallunt quam cum mentientibus credendo falluntur.
444 1743 1228 1788 ⁋ Et ad hoc est articulus parisiensis inter nouiss
448 1775 1234 1820 mos quod christus non potuit dixisse vel asseruisse falsum
448 1818 1235 1866 intelligimus seper in sensu totali hoc est assertorie. Quod
445 1853 1238 1894 in sesu partiali vel non assertorie possit dicere falsum
438 1894 1234 1935 dubium non est. vt Ioannis. vii. Si dixero nescio eum
445 1928 1232 1975 ero similis vobs mendax. Virgilianus sinon: et si paup
454 1967 1241 2004 fallere a mentiri finxit se erubescere indens. Nec
445 2005 1235 2052 si miserum fortuna sinonem finxit: vanum etiam mendacem
451 2046 1229 2093 que improba finget: secundo Eneiu. homo non nunquam ta
444 2081 1238 2135 cet verum laudabiliter: quia secundum comicum: veritas odium
453 2118 1235 2163 parit. Et nulli tacuisse nocet: nocet esse locutum.
459 2155 1236 2204 ⁋ Sed contra istam conclusionem arguitur sic. quio
454 2196 1228 2242 quid deus potest facere mediante causa secunda potes
451 2228 1240 2273 facere se solo: deceptionem potest deus facere mediam
450 2271 1235 2311 te causa secunda: ergo deceptionem potest facere se solo
451 2307 1238 2350 ⁋ Respondetur concedendo conclusionem. sed non est
457 2348 1238 2392 possibile quod faciat deceptionem se solo: quando hom
454 2384 1240 2431 decipitur concursu generali dei homo partialiter ad
460 2419 1235 2463 deceptionem concurrit. non tamen nego quin deus indire
453 2460 1244 2503 cte potest decipere e per accidens: vt soluite tem
447 2503 1242 2545 plum hoc et in triduo reedificabo illud Ioannis secundo
456 2532 1237 2575 vbi alii iudei audientes intellexerunt de templo ma¬
454 2574 1239 2625 teriali: et tamen loquebatur saluator noster de suo corpo
459 2607 1235 2661 re. Et lamarus dormit. vbi inferebant aplti ergo sa¬
462 2648 1235 2691 nus est. Ioannis vndecio. similiter cum dixisset he¬
457 2685 1235 2753 ly hele lamamabatani Matthei. xxvii. putabant ips
1302 254 2093 311 sum inuocasse heliam. hoc est potest dicere vnum ve
1293 311 2086 351 rum quod audiens non bene capit ex sua impruden
1299 347 2081 386 tia. talem autem deus non decipit: sed decipitur a se¬
1297 383 2087 429 ipso. quemadmodum si ego proferrem: nullus homo est
1297 421 2093 466 asinus: et tum putares me solum affirmare hominem
1308 461 2093 499 esse asinum teipsum falleres. ille per se et directe
1296 499 2096 544 fallit qui proponit aliquod signum cui non respon
1305 535 2084 578 det aliquis sensus verus secundum quem signum
1297 573 2096 613 ipsum non potest verificari et ad illum finem. ⁋ Sed
1305 613 2084 652 dices: deus deceptionem potest producere extra
1308 649 2099 693 subiectum: et non repugnat illi deceptioni esse in ani
1309 686 2092 729 ma: ergo illam potest ponere in animam que tunc erit de
1296 724 2093 765 cepta. ⁋ Preterea iudicium falsum quod habet sor¬
1299 761 2087 807 tes potest deus capere et ponere in animam platonis
1302 801 2090 842 et tunc deciperet. ⁋ Insuper homo potest decipi¬
1300 838 2093 877 sine suo peccato: quia non nullis prodest errare vt de
1302 874 2087 918 seipso declarat beatus Augustinus enchiridii. c.
1296 914 2086 959 xviii. sed omnem penam peccato debitam deus po¬
1299 955 2101 994 test infligere: igitur. ⁋ Ad primum istorum: totum
1297 989 2087 1029 antecedens admitto quando anime inheret partia
1296 1027 2096 1068 liter ab ea causatur: non habetur deceptio totali¬
1306 1064 2095 1103 ter a deo. Si teneatur positio illa quod beatitudo cau
1299 1103 2099 1145 satur a solo deo. et actus videndi deum: et eum dili
1305 1142 2104 1186 gendi: nec requiritur causalitas actiua ipsius ani
1305 1181 2104 1226 me: sed sufficit inherentia qualitatis: iam nego quod de¬
1306 1215 2101 1259 ceptionem hoc modo deus potest ponere in animam:
1300 1253 2101 1301 quod totam causalitatem suppleat deus: sed secundum
1299 1293 2090 1335 illum modum concedo quod potest deus se solo in in¬
1299 1325 2102 1376 tellectum producere iudicium verum: non autem
1302 1368 2087 1409 falsum non reflexiuum. ⁋ Ad aliud concedo quod ple¬
1297 1405 2090 1449 risque profuit errare in via pedum: nec est peccatum
1300 1443 2090 1487 ipsi decepto decipi. et potest esse pena peccati: sed
1297 1482 2099 1524 non omnis talis pena potest a deo totaliter infligi
1309 1522 2096 1560 terminus enim deceptio et fallere habent innolu
1306 1555 2102 1604 tam malitiam. vt furari et adulterari. Non tamen
1302 1595 2105 1634 negandum est quin deus potest producere notiti¬
1293 1630 2092 1678 am apprehensiuam falsi se solo tenendo quod sufficit
1297 1670 2099 1710 inhesio respectu intellectus. et quod intellectus actu
1300 1708 2097 1754 tendat in tale obiectum: secus est de deceptione. ad
1299 1746 2092 1794 primum nulla sequitur deceptio: secus est ad secumn
1296 1789 2104 1829 dum. ⁋ Secundo arguitur Ione tertio dixit pro¬
1296 1821 2108 1866 pheta precipiente deo: adhuc. xl. dies a niniue sub¬
1305 1857 2099 1904 uertetur. et tamen illud fuit falsum. Et tertii regum
1305 1898 2102 1944 vltimo legitur dixisse dominum quis decipiet achab
1306 1936 2105 1978 regem israel: vt ascendat et cadat in ramothgala¬
1306 1974 2108 2015 ad. Et sequitur: egressus est autem spiritus: et ste¬
1308 2013 2111 2057 tit coram domino et ait. ego decipiam illum: egre¬
1308 2050 2096 2091 diar et ero spiritus mendax in ore omnium prophe¬
1311 2090 2104 2131 tarum eius. Et dixit dominus: dec ipies et preua¬
1308 2124 2104 2169 lebis. egredere et fac ita. vbi patet quod dominus prae¬
1308 2163 2108 2210 ceperit deceptionem illam et mendacium. ⁋ Ad
1302 2201 2102 2248 primum IJone dicitur: quod illa fuit comminatoria vel
1311 2238 2101 2284 conditionalis: licet non conditione expressa tamen
1308 2282 2112 2326 a deo subintellecta. vt si niniuite non peniterent.
1314 2314 2111 2357 vt patet per glosam et dictum Ione in quarto ca¬
1315 2352 2114 2397 pitulo eiusdem. obsecro domine nunquid non hoc
1314 2393 2116 2439 est verbum meum cum adhuc essem in terra mea:
1302 2427 2105 2474 propter hoc preoccupaui vt fugerem in tharsis.
1309 2468 2113 2505 scio enim quia tu deus clemens et misericors es pa
1314 2505 2108 2548 tiens et multe miserationis: et ignoscens super ma
1315 2539 2102 2580 litiam. quasi diceret sciebam quod si peniterent tum igno
1306 2577 2108 2623 sceres. Et sic commimabatur si non peniterent. Semper enim
1311 2610 2111 2659 est vnus sensus verus a deo intellectus qui frequanter pro¬
1308 2654 2105 2700 phetas latuit. in istis igitur dict: semper intelligitur: nisi deus
1312 2692 2117 2748 aliter disposuerit. Etiam si dictum fuisset categori¬
