2318 3298
471 311 1262 365 contingit: vt Aristoteles loquitur de datione vacui: de
468 358 1254 406 mobili simplici in eo posito: et de facto casus est deo
468 395 1249 433 possibilis. ⁋ Forte dices quod voluntas de lege coni ha¬
471 429 1237 472 bet intensissimum actum finitum quem potest habere: vel tot actu
462 466 1249 515 circa plures habet sicut potest habere: forte potest si¬
468 504 1258 551 mul velle occidere decem per actus distinctos et non
477 541 1252 587 plures: potest circa quemlibet habere vnum gradum
468 584 1259 624 intensionis quemlibet volendo: tunc iste per vnum actum
468 614 1250 661 volens occidere infinitos tantum: et non amplius quam si
486 655 1247 699 vellet: et occideret decem: quia tos actus distinctos ha
480 687 1247 734 bere poterat et non plures secundum legem. ⁋ Contra
468 722 1252 773 si sortes potest habere decem actus distinctos / quorum
475 763 1249 807 quilibet est intensus vt medius gradus et quadragin
463 800 1255 847 ta actus distinctos habere potest / circa quadragita:
474 836 1249 883 quorum quilibet est vt quarta pars gradus: et sic sine
471 870 1259 921 statu: ergo potest habere infinitos actus: quorum vnus
471 910 1255 953 distincte fertur in homicidium vnius: et alius in homici
469 947 1249 989 dium alterius hominis: et omnes illi actus erunt equales
468 981 1259 1034 in malitia cum actu quo vult occidere: et occidit abie
468 1022 1255 1061 ctissimum quem possumus: ergo infinite peccat. ⁋ For¬
469 1056 1253 1106 te dices quod non oportet si sortes per decem actus quorum
480 1096 1249 1138 quilibet est intensus vt vnum vult occidere decem: quod
486 1132 1255 1172 per viginti potest velle occidere in medio gradu ⁋ Con
474 1173 1254 1218 tra: facilius est elicere medium gradum quam gradum: ergo si
477 1207 1252 1252 voluntas potest habere decem actus quorum quilibet est
468 1242 1258 1289 intensus vt vnum circa varios: potest circa plures ha¬
475 1279 1253 1319 bere actus remissiores. ⁋ Forte dices quod et si facilius ali¬
474 1316 1256 1360 quo modo sit habere actum remissum quam intensum: tamen
469 1357 1247 1400 non potest de facto habere separatim tot actus varios la
477 1390 1256 1435 tos distincte super varia obiecta: quia Pluribus intentus mior
468 1428 1246 1478 est ad singula sensus. secus est quando fertur voluntas sup
468 1464 1253 1508 plura quia in nullum fertur distincte: et ita facile fertum
474 1505 1250 1553 in infinitos sicut in finitos: sed vbi est status in parti¬
465 1535 1250 1593 tione actuum super varios distincte hoc me fugit: quem
474 1577 1249 1618 admodum te latet quot gradus intensissimos quem po¬
465 1615 1258 1658 tes habere continet. ⁋ Secundo arguitur contra illam
471 1647 1249 1702 fractionem datam: de facto licet detur status in acti¬
477 1686 1244 1738 pus voluntatis in quacumque intensione graduali quod vo¬
474 1721 1256 1771 luntas solum potest velle occidere distincte finitos: vi
474 1757 1245 1811 detur preter rationem ponere quod voluntas non pius pec
462 1801 1250 1850 cat quam quot homines occideret: cum infinitos vellet oc¬
474 1831 1255 1878 cidere: et voluntas reputabitur pro facto. ⁋ Preterea
474 1875 1254 1918 hac via occidens finitos et occidens infinitos equaliter
466 1910 1252 1956 peccabunt ceteris paribus omnibus / hoc dempto quod est inter
468 1954 1252 1998 initum et infinitum quod est falsum: cum omnis malitia
474 1979 1249 2026 finiti includatur in infinito: et est aliqua alia. patet consequenti
475 2022 1247 2068 de multis quorum vnus vult occidere et occidit decem:
469 2055 1253 2110 alius centum: tertius eos omnes. multipliciter id impu
479 2094 1252 2136 gnari potest. ⁋ Aliter dicitur negando quod occidens in¬
468 2137 1248 2183 rinitos infinite peccat: quia malitia actus non solum surgit
472 2171 1252 2215 ab obiecto sed etiam ab ipsomet actu: sed conceditur quod si
475 2200 1244 2257 quis haberet infinitos actus graduales quacumque intensio¬
469 2245 1246 2287 ne distincte latos super infinitos: quorum quemlibet vel¬
474 2278 1245 2331 let iniuste occidere: talis infinite peccaret quia sunt in¬
463 2313 1238 2362 finiti actus equaliter mali vel quilibet est ita malus
475 2357 1248 2406 vel peior quam iste actus datus: sed quando per eundem
475 2391 1251 2444 actum quis vult occidere infinitos: hoc non oportet.
477 2424 1244 2477 ⁋ Sed contra istud argumentor. si quis per eundem
470 2465 1250 2516 actum infinitum gradualiter vellet occidere infini¬
462 2504 1241 2545 tos / talis infinite grauiter peccaret: ergo non opor¬
473 2537 1238 2591 tet concurrere ad distinctionem actuum: talis enim tantum
477 2572 1253 2631 peccat quantum habens infinitos actus distinctos: quod patet.
474 2615 1250 2666 vnus gradus illius actus est peccatum alicuius ma¬
465 2645 1237 2697 litie. secundus gradus tante malitie quante primus: tertius
467 2686 1246 2734 tante quante secundus: et sic de quolibet alio gradu. igitur
471 2728 1238 2790 vel da rationem quare vnus gradus est malitie maio¬
1316 314 2114 374 ris quam alius. ⁋ Preterea actus infinitus in gradu est
1333 365 2122 409 nfinite malitie circa eundem hominem: ergo actus fi¬
1332 402 2122 450 nitus circa infinitos homines est infinite malitie. pro¬
1332 439 2113 490 po consequentiam: tanta enim malitia prouenit ab obiecto
1325 475 2108 531 quanta ab actu ipso. Assumptum patet: quia vnus gradus
1328 514 2120 569 circa homicidium ciceronis est alicuius malitie: et pari¬
1329 550 2112 602 lis est ratio de quolibet alio gradu: ergo totus actus
1327 586 2118 640 est infinite malus. ⁋ Ad primum istorum concedes an¬
1326 623 2114 679 tecedens: datur enim certa portio sufficiens ad peccatum
1325 661 2106 715 et illi sunt infinite partes equaeles: secus est in infinitate
1327 698 2117 750 obiecti: et eodem modo respodebis in secundo. ⁋ Sed
1329 730 2120 785 contra hoc argumentor. volitio qua sortes vult iniu¬
1325 769 2111 822 ste occidere infinitos homines est alicuius malitie de
1330 805 2117 865 terminate: quia imbibit platonem: et tante malitie quia
1320 843 2105 896 imbibit ciceronem: et sic de quolibet homine quem im¬
1320 878 2106 937 bibit: sed infiniti homines inuoluuntur: ergo illa volitio
1322 921 2107 973 est infinite mala. sicut de infinitate actus superius ar¬
1321 960 2108 1011 gumentati sumus. ⁋ Item vel est alicuius malitie quia
1320 996 2105 1047 imbibitur plato vel nullius. si tu das primum signetur
1325 1024 2110 1081 illa malitia et sit a: tunc propter ciceronem inclusum in
1320 1063 2116 1117 illa immensitate actus erit tante malitie quante a et infi
1330 1103 2113 1156 nite erunt tales: ergo malitia ex his omnibus resultans
1317 1145 2104 1195 erit infinita. Si tu das secundum: tunc pari ratione nul¬
1320 1175 2105 1232 lius erit malitie: quia includitur cicero e sic de quoli¬
1328 1218 2106 1265 bet alio: ergo totus actus nullius malitie erit. ⁋ Si
1333 1245 2104 1303 dicas quod nulla malitia contrahitur ab vno homine: sed ab
1320 1294 2101 1340 eis omnibus. ⁋ Contra: vel contrahitur determiata ma¬
1327 1324 2106 1378 litia a duobus vel non. si primum ducam argumentum
1320 1366 2110 1417 vt paius: si secundum: tunc a tribus non contrahitur mali¬
1320 1401 2104 1454 tia nec a quatuor: et sic sine statu: ergo a nullis con¬
1318 1441 2100 1491 trahitur malitia huius actus. ⁋ Dices quod hic actus
1329 1479 2095 1530 non capit determinatam malitiam ab vno homine: quia
1318 1509 2105 1568 si actui responderet determinata malitia: quia cadit su¬
1323 1554 2102 1604 per vnum hominem responderet ei infinita malitia: quod
1319 1591 2105 1643 negamus. malitia enim huius actus oritur ab hoc quod cadit
1323 1631 2105 1672 in infinitos confuse et non prouenit ab vno homine.
1325 1659 2104 1713 nec determina a malitia dependet a duobus nec a tri
1332 1699 2096 1744 us nec a quibuscumque finitis datis: sed ab eis omni¬
1329 1731 2105 1790 pus: sicut enim actus cadit confuse in illam immensam con¬
1317 1769 2105 1817 geriem hominum et in nullum distincte: ita malitia to¬
1320 1811 2106 1866 tius actus mensuratur a totali obiecto a nec a sorte
1318 1844 2098 1894 nec a platone. ⁋ Contra. totus actus cadit super tota¬
1317 1879 2106 1937 lem multitudinem: ergo vna paro eius cadit distincte
1327 1915 2105 1973 super vnum hominem et ab eo capit suam malitiam.
1311 1962 2096 2004 non obstat licet sit vnus actus intensus: quia si sor¬
1309 1987 2103 2046 tes vellet occidere tres homines per tres actus distin¬
1318 2035 2106 2082 ctos simul: et quilibet illorum actuum esset vnius gradus:
1326 2068 2091 2121 ex omnibus illis conflabitur vnus actus intensus vt tria
1324 2107 2101 2159 cuius vna pars cadit in vnum et alia pars in alium. Sed
1324 2141 2104 2195 quinto metaphysice: impossibile est plura accidentia
1308 2187 2103 2234 eadem specie inherere eidem: hoc a recte opinantibus de
1321 2214 2103 2273 intensione forme intelligitur nisi componant aliquod vnum:
1312 2255 2099 2309 modo iste volitiones sunt eiusdem speciei cadentes in
1318 2288 2091 2346 obiecta eiusdem speciei equaliter cognita. ⁋ Nega
1318 2326 2088 2383 bis antecedens: quia totus actus et quelibet paro eius cadit
1315 2367 2098 2420 confuse in quemlibet: secus est de istis tribus actibus: a non
1315 2405 2093 2456 negatur quin illitres actus sese intendant cum ponan¬
1321 2444 2097 2492 tur eiusdem speciei essentialis et in eodem subiecto pri¬
1320 2480 2099 2532 mo: sed quilibet eorum ex casu fertur in vnum distin¬
1315 2517 2084 2566 cte: secus est in alio. ⁋ Sed contra principale di¬
1309 2559 2084 2606 ces: si totus actus est finite malus tunc dabitur vnus
1315 2590 2087 2634 actus quo quis vult occidere infinitos equalis actui
1320 2624 2087 2675 quo quis vult occidere finitos a minus malus. hocaut est
1308 2662 2093 2706 inconueniens: et patet: quia actus quo sortes vult occidere in¬
1308 2698 2075 2752 finitos est finite malus per te: similiter actus quo pla¬
1308 2738 2090 2795 to vult occidere ciceronem est finite malus: et cuiusli¬
