2354 3297
234 286 1036 335 quot sunt scuta et econuerso: capiendo tot e quot
234 322 1031 373 sicut infinito attribuuntur: et sine nouis scutis quili¬
246 359 1034 414 bet habebit mille scuta. ⁋ Secundo sequitur: quod ali
253 399 1031 453 sui sunt homines: quorum quilibet precise habet vnum
243 430 1039 487 denarium: et si ponatur in cumulum sine cremento quili¬
237 469 1031 527 bet potest capere denarios ad equalitatem diui¬
247 505 1034 563 tiarum regis Cappadocie. ⁋ Tertio sequitur: quod qui¬
238 551 1034 608 libet eorum erit longe ditior ponendo omnia scuta in
246 590 1041 640 vnum quam quilibet tenendo suum scutum proprium. hoc
252 628 1036 679 patet: quia tenendo scutum proprium habet nisi vnum
252 665 1028 713 scutum: ponendo omnia scuta in vnum cumulum: quili¬
240 698 1037 750 bet potest venire qualibet die: et capere mille scu¬
246 734 1043 787 ta: et semper remanebunt tot scuta pro heredibus:
251 770 1046 831 hoc est infiaita: sed caueant infiniti homines simul
250 810 1033 864 venire: et si veniant inordinate auferant. ⁋ Quar
249 852 1039 907 to sequitur. quod si infiniti homines auferant a cumulo
248 884 1049 937 quilibet post alium semper remanebunt scuta ad fi¬
240 921 1040 981 nem hore vsque itam bene si quilibet auferat mille si¬
251 961 1033 1015 cut vnum: quia vsque ad illud instans nunquam infinita
255 1003 1036 1054 scuta sunt ablata. ⁋ Sed aduerte: quod non est idem
245 1046 1049 1092 de finitis scutis. pone scuta finita: et auferas quo¬
256 1076 1046 1129 cunque ordine volueris semper eadem scuta eque ci¬
261 1117 1040 1164 to auferentur. idem est auferre primo a. et secundo b. ter¬
258 1149 1042 1206 tio c. vel auferre primo c. secundo b. tertio a. ⁋ Eodem
262 1187 1034 1242 modo potes ponere infinitos mundos: sicut opina¬
259 1224 1048 1283 tus est domins Democritus: et in quolibet mundo vnam
252 1262 1051 1324 phenicem ( sicut est in nostro mundo) possunt esse in
259 1300 1052 1353 quolibet mundo de istis phenicibus sine additione
251 1339 1042 1391 aliarum infinite phenices: capiatur secunda phenix: hoc est
260 1376 1054 1437 phenix secundi mundi proe nos: vel infinite pheni
251 1419 1044 1470 ces: et ponantur in vno mundo auferat deus primam
264 1452 1046 1503 tertiam et quintam: et singulas alternatim impares:
270 1492 1058 1547 tponat in alium mundum / adhuc remanent infinite
269 1526 1045 1586 phenices. adhuc capiat deus primam multitudinis
267 1563 1057 1622 relicte tertiam quintam: et sic sine statu. replebitur se¬
263 1606 1048 1660 cundus mundus: et sic de quolibet alio mudo a sem
266 1638 1046 1697 per remanebunt infinite phenices pro illo mundo
269 1682 1051 1732 Vel sic. ponantur omnes ille phenices in vno mun¬
272 1718 1048 1771 do. Capiatur prima phenix tertia quanta: et sic alterns
259 1752 1049 1808 tim et ponantur in secundo mundo: infinitas phenices
270 1791 1061 1847 habebis in secundo mundo: et adhuc capiatur prima ter
264 1828 1064 1883 tia quinta ex remanentibus. et sic sine statu alium mun¬
265 1866 1061 1920 dum replebis phenicibus. quemadmodum si esset vna
268 1912 1052 1959 linea infinita orientem versus terminata in sancto
277 1942 1052 1996 Andrea. Si capiatur secundus lapis illius linee: quartus
267 1977 1063 2038 sextus octauus decimus: et sic sine statu: ex illis po¬
276 2016 1060 2074 test fieri alia linea infinita orientem versus: et si reli
273 2054 1056 2112 que aggregentur conflabitur infinitum apud orientem
277 2092 1067 2145 vt supra. Et sic ex illis sine rarefactione potest fieri
275 2132 1054 2189 infinitum omniquaque. ⁋ Quinto: ex omnibus sequitun
280 2173 1054 2226 quod si infiniti haberent finitos denarios essent ita
282 2206 1066 2263 potentes si cut infiniti: quorum quilibet haberet mil
276 2244 1064 2294 le scuta dummodo ponantur in publico. patet: quia quili
283 2284 1067 2336 bet haberet infinitos denarios qui valent mille scu
280 2320 1061 2371 ta et supra. ⁋ Sexto sequitur: quod infinite libre non ate
279 2360 1073 2413 trahent in finitas semilibras nec contra. ⁋ Septi¬
283 2396 1073 2445 mo sequitur: quod sortes in qualibet parte proportionali
281 2434 1066 2487 hore preterite erat in quadruplo ditior platone. et
282 2470 1067 2526 plato nihil acquirit in hoc instanti: et tamen nunc pla
275 2508 1066 2567 to in hoc instanti est ita diues sicut sortes. totum istud est
284 2547 1066 2602 possibile: posito quod deus det sorti facultatem auferen
291 2588 1076 2634 di ab isto cumulo infinito in qualibet parte proportio¬
291 2623 1063 2670 nali quatuor scuta: et sic auferat: et platoni auferen
288 2656 1079 2713 di vnum: et in instanti terminante horam neuter aliquid
279 2707 1076 2759 auferat. et sic si essent infiniti viri et infinite mulie¬
1091 263 1895 322 res quilibet vir potest habere tot mulieres quot vo
1099 319 1894 363 luerit: duas tres vel vnam serundum modum capiendi: si¬
1104 355 1895 399 cut nunc ostensum est de scutis. ⁋ Tertio arguitur:
1095 392 1885 441 implicat hominem dari infinite magnum habentem
1093 425 1891 476 membra bene proportionata: ergo implicat dare in¬
1093 460 1892 515 finitum actu. illa consequentia tenet: quia equalis est ratio
1096 501 1886 551 in omnibus in finitis. Antecedens patet: quia da sor
1098 536 1891 588 tem infinitum secundum altitudinem: esto quod sit distan¬
1105 573 1894 625 tia triginta cubitorum inter plantam pedis: et cauil
1101 622 1901 664 lam vt hebrei dixerunt de Qg rege Masan: patet
1093 657 1889 698 apud Nicolaum de lira: Deuteronomii. iii. et Nume
1105 694 1897 740 ri. xxi. tum tota illa distantia est finita. si superior
1100 728 1898 781 pars capitis sit infinita: totus homo est dispropor
1108 769 1898 816 tionatus. vnum autem membrum disproportiona¬
1103 799 1910 850 tum dare oportet. ⁋ Rursus implicat dare infinitos
1104 840 1891 898 homines: ergo conclusiones nulle. probo antecedens. si sint
1104 875 1904 927 infiniti homines infiniti erunt oculi. et dabilis est
1108 912 1901 964 minimus oculus affirmatiue vel negatiue. ergo il
1105 950 1904 1004 li oculi sufficient replere totum mundum: et per con
1110 990 1901 1041 sequens: alie partes hominum non possunt esse cum
1114 1032 1907 1080 istis oculis sine penetratione corporum de praedica¬
1105 1067 1907 1115 mento substantie. Qe illi oculi sufficiant replere to¬
1104 1101 1907 1159 tum mundum sic arguo. capiat deus oculum mini¬
1113 1145 1907 1191 mum in prima parte prportionali hore: et ponat su¬
1122 1187 1904 1230 pra centrum terre: postea capiat tres vel quatuor
1110 1215 1913 1265 oculos: et faciat circulum circa ipsos oculos in se¬
1113 1254 1910 1305 cunda parte proportionali hore productos: in ter¬
1125 1298 1906 1343 tia parte proportionali hore capiat viginti oculos:
1123 1339 1915 1378 et faciat circulum rotundum oculorum instar pomi: et
1116 1365 1906 1417 sic per omnes partes proportionales vnius hore
1122 1403 1906 1452 in fine replebitur omnis locus possibilis istis ocu
1129 1443 1911 1490 is sine rarefactione: sed per hoc quod alium vel alium
1126 1488 1910 1529 situm habent non replent maiorem locum. ergo an¬
1116 1518 1910 1566 te omnem locum possibilem replebant. ergo e pe¬
1128 1553 1919 1604 des cum eorum oculis penetratiue erant. ⁋ Re¬
1119 1593 1915 1642 spondetur: concedendo quod implicat contradictionem
1128 1633 1909 1683 dare hominem infinite magnum: quoniam erit dispro
1131 1669 1925 1716 portio in membris: quia vnam partem dare infinitam neces¬
1134 1716 1910 1760 se est que improportionabiliter ceteras partes exupe¬
1129 1748 1918 1793 ret. ⁋ Ad aliud vbi arguitur dare infinitos homines
1126 1784 1922 1833 absolute: dico quod in manu mea sunt infiniti homines
1123 1820 1922 1867 categorematice non communicantes: quelibet enim
1138 1856 1922 1908 pars integralis hominis est homo. Sed eundo ad
1127 1896 1917 1946 intentionem argumenti de hominibus totalibus: ne
1139 1927 1921 1985 zo quod implicet dare infinitos homines. possunt enim da¬
1129 1969 1922 2021 ri infiniti se penetrantes vel non penetrantes: et con
1131 2011 1927 2059 cedo quod eorum oculi sufficiunt sine rarefactione reple¬
1128 2045 1925 2097 re omnem locum possibilem si eruantur de eorum capi
1137 2088 1916 2135 tibus: et ponantur circa centrum ad imaginationem ar
1128 2128 1922 2175 gumenti: et negatur quod situs nihil faciat in infinitis.
1138 2159 1919 2216 Isti homines possunt stare super vnam lineam infint
1135 2201 1924 2248 tam orientem versus finitam Parisii pedalitur la¬
1134 2235 1910 2286 tam: sed si iidem homines congregentur circa centrum
1134 2270 1925 2323 omnem locum possibilem occupabunt secundum se vel suas
1137 2310 1916 2365 partes: secus est de finitis. centum homines super
1137 2345 1925 2398 lineam vel mille non replent maiorem locum circa
1137 2385 1910 2439 centrum quam per aliam dispositionem. ⁋ Ex istis sed
1132 2433 1924 2477 tur: quod infiniti pigmei possunt replere tantum locum
1137 2460 1922 2515 quantum infiniti: quorum quilibet est equaliter ma¬
1143 2494 1931 2551 gnus regi Qg. patet: quia possunt omnem locum pos
1137 2540 1925 2590 sibilem replere. ⁋ Secundo sequitur: quod infiniti pi¬
1145 2572 1925 2632 gmei tantum possunt trahere vel portare quantum
1144 2613 1922 2660 infiniti igantes. patet: quia vtroruque potentia est in¬
1142 2648 1924 2699 finita. ⁋ Tertio sequitur: quod si essent infiniti pigmeu
1142 2687 1929 2750 orientem versus: et infiniti igantes occidentem versus:
