2352 3348
450 286 1268 336 et esset vna chorda infinite longa que rumpi non
454 332 1259 378 posset: quia ponatur quod deus non concurrat actiue ad
450 372 1256 416 rupturam: gigantes trahentes contra pigmeos sub
445 406 1256 451 trahere non possent chordam. ⁋ Quarto sequitur: quod
447 440 1253 490 hec consequentia non valet: quilibet homo huius multitu¬
451 483 1250 526 dinis quolibet homine illius multitudinis est for¬
449 519 1244 565 tior: et non sunt plures in illa multitudine quam in hac
449 559 1250 603 ergo hec multitudo est fortior illa. ⁋ Quinto se¬
469 595 1253 643 uitur. quod si deus in qualibet parte proportionali vnius
451 627 1248 681 hore creet vnum corpus maius tota sphera terre: vel
454 671 1256 709 toto mundo: posterius semper priori addens: vel in
459 709 1258 752 qualibet parte proportionali hore creet granum milii
453 750 1246 793 eque cito vnum corpus erit infinitum sicut aliud. hoc
462 786 1253 828 abet. quia in instanti terminante horam vtrunque corpus
451 826 1250 869 erit infinite magnum. ⁋ Quarto arguitur. si esset da¬
456 856 1249 903 bile aliquod corpus infinitum: sequeretur quod esset da¬
463 895 1252 936 bile vnum corpus qnod non potest diuidi per partes pro¬
450 935 1250 981 portionales. consequens est inconueniens. ergo et antecedens
454 974 1250 1018 sed consequentiam probo: signo lineam infinitam orien
453 1009 1252 1051 tem versus terminatam Parisii: peto a te primam
453 1048 1251 1097 partem proportionalem: oportet quod illa sit prima me¬
453 1089 1256 1133 dietas. si procedas secundum proportionem duplam: et tunc
453 1121 1253 1163 sic: vel est finita vel infinita: neutrum dare potes.
456 1161 1246 1203 ⁋ Forte concedis: quod non datur prima pars proportio
450 1200 1243 1240 nalis corpis infiniti Contra: signo vnam lineam in¬
454 1232 1243 1276 finitam orientem et occidentem versus: inter Pa
461 1276 1253 1320 risium et occidentem est prima pars proportionalis: ad
461 1314 1243 1356 hoc nullum sequitur inconueniens. ⁋ Preterea: si
456 1351 1250 1390 daretur infinitum: totum non esset maius sua parte
448 1389 1244 1428 consequens est contra illam communem animi conceptionem in
451 1427 1248 1470 principio Euclidis. et probo consequentiam. pars infiniti est
455 1463 1241 1506 infinitum. modo nullum infinitum est maius alio secundum
466 1499 1244 1540 Commentatorem. iii. Physicorum. ⁋ Forte dicis (et
460 1536 1244 1583 deneus. Aliquid dicitur maius alio biphariam. Uno modo
459 1577 1238 1620 quia continet tantundem et aliquid aliud: sed non sic in¬
454 1615 1246 1655 telligitur communis animi conceptio. Alio modo:
454 1652 1242 1702 qui continet aliud: et tantundem quantum aliud: et ipsum
456 1693 1238 1737 aliud non habet tot partes determinate quantitatis. et
459 1724 1237 1775 sic vnum infinitum non est maius alio. accepta enim per¬
453 1765 1238 1813 te infiniti que est infinita illa habet tot partes peda¬
447 1800 1244 1847 les quot totum: cuilibet enim pedalitati in toto corre
454 1839 1249 1881 spondet pedalitas in parte: proportionabiliter dica
452 1876 1238 1924 tur de multitudine. ⁋ Contra: sequeretur quod aliquid
463 1915 1241 1958 est nunc maius alio: et protinus erit minus eo sine ra
453 1952 1246 1994 refactione. consequens est inconueniens: ergo a antecedens. pro¬
453 1989 1252 2031 bo consequentiam: do duas lineas infinitas occiden¬
462 2030 1246 2076 tem versus: quarum altera terminatur Rothomagi
456 2067 1235 2114 a: altera vero Parisii b. iam b est maior a. volo quod
460 2105 1243 2147 deus coniungat vtramque lineam orientem versus:
463 2144 1235 2183 quod extrema infinita vel potius vocata extrema
459 2182 1247 2226 ponantur orientem versus quiescentibus extremis fi
456 2219 1246 2263 nitis in eisdem sitibus. iam a erit maior b: quia a est a
465 2254 1248 2302 Rothomago in infinitum orientem versus. b vero
450 2295 1250 2340 solum a Parisio in infinitum orientem versus. et tamen
465 2332 1241 2374 nulla est rarefactio. igitur. ⁋ Ad primum argumen
456 2370 1250 2412 tum pono prpositiones. ⁋ Prima est: data linea in
453 2406 1250 2455 finita vtrumque extremum versus: illa habet primam
455 2449 1241 2492 partem proportionalem inter Parisium et orientem¬
459 2485 1244 2530 inter Romam et orientem: inter Alexandriam et orien¬
465 2523 1241 2559 tem. vbilibet semper est vna medietas: sicut hic re¬
471 2558 1240 2603 eritur medietas. semper enim aliqua pars est ei equa¬
459 2597 1241 2649 lis sicut hic reperiri potest equalitas ⁋ Secunda proposi¬
453 2639 1247 2682 tio. huius corporis non datur secunda pars proportio¬
456 2670 1241 2721 nalis. patet: quia vel est finita vel infinita: si secundum
456 2710 1243 2762 non est in subduplo minor: si primum non est medie¬
1323 293 2128 342 tas prioris. et sic non est secunda pars proportionalis
1329 336 2127 388 prioris. ⁋ Tertia propositio. data linea infinita vnum
1315 379 2120 428 extremum versus non habet primam partem propor¬
1314 408 2119 458 tionalem. hoc facile est deducere. Eodem modo si es¬
1324 444 2123 495 set vnum corpus omniquaque infinitum illud habet cen
1320 486 2117 538 trum eo modo quo centrum habere potest: circumfe
1320 524 2117 572 rentiam nullam habet. istud autem corpus non lon¬
1320 564 2123 611 ge recederet a diffinitione hermetis trimegisti de
1314 600 2115 654 deo: cuius centrum est vbique: circumferentia vro nusquam
1330 633 2112 693 ⁋ Ulterius infero: quod aliquod corpus continuo per
1320 679 2120 722 vnam horam haberet vnum centrum ad istans ter
1321 713 2116 763 minatiuum illius hore vsque: in instanti terminante ho¬
1321 751 2122 796 ram non habebit centrum. hoc patet: in prima parte
1318 786 2105 840 proportionali hore creet deus vnam paruam sphe¬
1324 830 2116 876 ram: in secunda augeat pedaliter spherice. et sic per om
1318 863 2117 919 nes partes proportionales vnius hore: in tota ho
1312 904 2105 954 ra habet idem centrum numero (siue centrum sit imper¬
1317 937 2117 992 tibile: siue pars sphere in idem redit) et in instanti
1324 981 2110 1025 terminante horam est primo corpus infinitum: et de¬
1323 1011 2117 1070 sinit esse sphera. Et sicut nunc illatum est in corpori
1315 1049 2106 1102 bus solidis: sic inferri potest in corporibus planis
1323 1092 2123 1144 de circulo trigono pentagono tetragono. ⁋ Ulti¬
1318 1125 2114 1180 mo sequitur: quod crescente corpore ad infinitatem per
1318 1164 2109 1219 totam vnam horam augentur partes aliquote eius: in
1318 1200 2107 1257 instanti terminante horam totam nullam partem ali¬
1321 1242 2110 1291 quotam habet. bipedale enim habet vnam partem aliquo¬
1317 1278 2107 1333 tam: quadrupedale habet. sextupedale habet: et sic sine
1318 1313 2113 1369 statu. In instanti terminante horam nec pedale ali¬
1308 1356 2102 1406 quotiens sumptum reddit totum: nec bipedale: et
1314 1388 2111 1445 sic de qualibet alia parte: capiendo aliquotiens vt
1317 1432 2114 1484 conuenit infinito. tunc in instanti terminante ho¬
1314 1466 2114 1521 ram verum est dicere: quelibet pars finita fuit ali¬
1317 1507 2118 1561 quota eius: pedale fuit pars aliquota eius: bipeda
1312 1539 2102 1596 le fuit pars aliquota eius: et sic sine statu. ⁋ Ad a¬
1308 1576 2102 1634 liud argumentum quod probare molitur totum non
1312 1622 2108 1670 esse maius sua parte: sufficienter responsum est in¬
1308 1656 2108 1706 ter arguendum: ad illud vsque de a et blineis: quarum
1317 1697 2098 1743 vna terminatur Rothomagi: altera Parisii. ad quod
1311 1732 2113 1787 dico quod in lineis separatis: quarum vna non est pars
1314 1769 2110 1816 alterius: neutra est adhuc proprie maior altera: li¬
1318 1806 2108 1859 cet bene in ordinae ad nos. Nec habeo pro inconue¬
1313 1843 2101 1901 nienti quod per circungvrationem illa que minor ap¬
1321 1886 2106 1939 baruit e vestigio maior appareat. Et hoc quod ibi
1317 1925 2115 1974 additur de rarefactione nihil facit: si enim capias ce¬
1308 1959 2101 2016 ram pedalem serum tres dimensiones: ponatur eius me¬
1315 1993 2105 2052 dietas Rome eadem remanente hic Parisii in suo
1318 2031 2115 2091 toto: rarefiat Rome ad pentipedalitatem: adhuc
1315 2070 2105 2121 totum est maius entitatiue sua parte quicquid sit de
1324 2105 2108 2164 xxtensione. ⁋ Quinto arguitur: contra probationem
1318 2147 2113 2206 ad has duas conclusiones quod implicat per partes
1315 2187 2105 2237 proportionales sic creare magnitudinem infin itam
1320 2227 2108 2280 vel multitudinem. Et hoc sic: quia tunc pari ratio
1321 2261 2104 2311 ne deus potest in prima parte proportionali hore
1317 2296 2101 2350 future diuidere corpus pedale in duas medieta¬
1315 2337 2101 2386 tes: et in secunda quamlibet medietatem diuidere in du¬
1309 2376 2106 2431 as medietates: et in tertia parte proportionali ho
1321 2411 2098 2462 re diuidere quamlibet partem vel que paius fuit pars
1314 2448 2110 2501 in medietates: sic quod in prima parte proportionali
1305 2495 2109 2540 vel in eius instanti terminatiuo habebimus duas
1314 2527 2114 2580 medietates: in instanti terminante secundam partem
1317 2565 2094 2615 quatuor quartas: et in instanti terminante tertiam
1321 2607 2104 2654 partem proportionalem habebimus octo octauas
1317 2646 2105 2694 et sic consequenter per omnes partes proportionales
1314 2678 2101 2725 illud autem implicat. ergo non potest per partes propor¬
1319 2715 2105 2781 tionales sic creare lapides pedales. Quid illud im¬
