2386 3306
442 228 1238 275 remissio scientie conclusionis: cum scientia sit effectus qui
460 271 1225 313 non potest conseruari sine praesentia sue cause natu
452 304 1225 351 raliter. Eodem modo nec potest pius conseruari noti
465 338 1225 384 tia premissarum que est euidens iudicium: quam assensus
447 380 1231 424 conclusionis sine causa productiua eius: et sic quando
456 417 1237 462 erunt octo vel decem coclusiones Euclidis / quarum po¬
454 451 1224 494 sterior dependet a priori et prioribus: non poterit ha¬
456 489 1238 533 beri scientia octaue conclusionis: quin habeatur assen
466 526 1238 574 sus illarum premissarum / ex quibus immediate in Mar¬
451 563 1234 607 bara vel Darii infertur. Et rursus ille premisse de¬
454 603 1238 645 monstrantur per alias primissas priores. ergo licet no¬
447 638 1238 680 titia premissarum dicatur intellectus respectu conclu¬
454 677 1229 720 sionis octaue: dicetur tamen scientia respectu praecedentium pri¬
462 712 1228 758 missarum. et quocumque noine vocentur ille primisse: earum assen
466 746 1240 789 sus est euidens. et per consequens earum iudicium non potest con¬
453 786 1238 832 seruari sine notitia premissarum ex quibus producun¬
456 823 1236 867 tur: vt tu de scientia dicis. et sic non poterit haberi scien¬
453 861 1241 904 tia. xxi. Euclidis scilicet: omnis trianguli duo quelibet
461 901 1226 942 latera simul iuncta reliquo sunt longiora: quin simu
453 932 1231 979 habeas assensum. xviii. conclusionis a qua dependet: et
463 972 1235 1018 rursus illa a quinta eiusdem primi dependet. et sic ad
453 1005 1229 1053 hanc vsque: super lineam datam: et cum hoc habendo no¬
454 1044 1238 1092 titiam communium conceptionum et petitionum. quod non vi¬
465 1082 1229 1127 detur dicendum. Forte dices. licet scientia actualis con
462 1125 1234 1163 clusionis non possit haberi sine suis premissis et bonita¬
462 1157 1232 1200 te consequentie: tamen assensus primissarum possunt haberi si¬
453 1193 1232 1240 ne causa effectiua earum: cum semel habite sunt: et iterum
465 1235 1235 1275 applicantur in alio discursu in quo connectuntur. ⁋ Con¬
453 1269 1234 1314 tra hoc argumentor. Assensus scientificus vnius conclu
460 1307 1238 1349 sionis Euclidis potest esse assensus minoris / vel maio¬
460 1348 1237 1388 ris ad inferendam aliam conclusionem: quia tunc est sine suis
471 1381 1231 1425 premissis: quare ante sine eis esse non poterat. Item quand
456 1416 1231 1461 habetur assensus maioris noue conclusionis vel illius pro¬
453 1459 1229 1503 positionis que erit maior: minor et consequens adhuc non ap¬
450 1492 1238 1534 plicantur. ergo notitia scientifica conclusionis potest esse
451 1529 1241 1570 sine sua causa effectiua. ⁋ Respondetur. notitia in¬
459 1568 1238 1610 tuitiua naturaliter esse nequit sine praesentia sui obie
453 1603 1228 1641 cti: nec iudicium sequens: cum illa notitia non sit. Potest
454 1639 1234 1683 dici non esse idem in notitiis euidentibus: que deducun¬
453 1671 1234 1716 tur per connexionem consequentialem ex aliis principiis.
465 1714 1231 1760 Nec est oino simile: et dissimilitudinis ratio est syllogisa
453 1750 1235 1794 tio ad incomneniens in vno a non in alio. Potest esse quae¬
453 1787 1235 1836 dam tergiuersatio que tacta est inter arguendum. Sed
462 1826 1246 1861 adhuc dices. habitus scientificus corrupto actu produ
447 1865 1237 1908 cit actum scientificum: ergo scientia naturaliter potest
457 1897 1235 1944 haberi sine demonstratione. Quod producat actum pa¬
459 1939 1232 1978 tet: quia post habitum a multas scientias actuales ho¬
462 1976 1237 2017 modo promptius assentit conclusioni olim demonstrate si¬
453 2013 1226 2052 ne applicatione premissarum: illa enim propositione obla
462 2049 1231 2094 ta / euestigio illi assentit. hic iterum est dubium. Potest
448 2089 1239 2133 quis dicere quod assensus sequens est alterius speciei a
450 2120 1228 2171 scientia actuali: sicut habitus notitie intuitiue non in¬
456 2161 1238 2204 clinat (vt constat)s in notitiam intuitiuam: sed in noti
448 2197 1238 2245 tiam abstractiuam alterius speciei. Sic potest dici
462 2234 1228 2273 in proposito. Si petas. quis ergo assensus erit. Dic
456 2270 1226 2310 tur qodierit assensus fidei: ratio. quia est assensus cer¬
459 2309 1224 2351 tus et ineuidens: et ad generationem illius fidei nul
451 2337 1232 2390 la requiritur pia affectio nec concursus fidei infuse.
454 2381 1232 2426 Si tibi libeat illum assensum actualem vocare alio
453 2425 1226 2464 quocunque nomine / non refert: nomina enim significant
453 2460 1235 2504 ad placitum: vocetur a / vel b. Alio modo potest dici
447 2489 1226 2537 set non improbabiliter vt opinor) quod ille habitus incl
452 2535 1228 2579 nat in assensum scientificum eiusdem speciei specia¬
454 2566 1223 2616 lissime cum scientia productiua illius habitus. ratio
456 2610 1232 2659 est: quia quilibet habitus productus ab aliquo actu
456 2647 1226 2697 vel actibus inclinat in similes actus in specie specia¬
1304 225 2092 278 lissima entitatiue. Et vtrobique debemus illud admit¬
1299 272 2086 314 tere nisi aliunde doceatur de opposito. vt de habitu no¬
1302 307 2090 352 titie intuitiue. Sed hic non constat de opposito: nec est
1312 344 2090 390 dem de assensu scientifico et de notitia intuitiua incomple
1305 383 2093 421 xa: vt paulo ante meminimus. igitur. ⁋ Petes que
1302 423 2084 466 est res sit scientia propter quid / et que quia est. Aliqui
1306 457 2084 498 dicunt esse assensum causalis: vt assentio huic homo
1308 492 2080 535 est risibilis quia est rationalis. Aliqui aliter opinantur
1302 528 2089 573 Dico quod scientia propter quid est assensus conclusio¬
1308 568 2086 611 nic genitus per premissas importantes causam qua¬
1302 605 2082 648 re ita sit sicut significatur per conclusionem. Scientia
1308 642 2080 688 quia est assensus acquisitus procedendo ab effectu
1303 677 2086 724 ad causam: vel a causa remota ad effectum. Ad de¬
1303 719 2083 755 monstrationem etiam sufficit quod premisse sint notio¬
1306 754 2087 799 res couclusione: et necessario inferentes conclusionem.
1305 789 2083 832 ⁋ Ex isto sequitur quod deus non habet scientiam. Pa¬
1299 827 2083 874 tet primo: quia omnis scientia est actus vel habitus. Secundo
1315 870 2076 917 et magis ad propositum) omnia cognoscit eque primo.
1309 906 2085 950 et non vnum per aliud. ⁋ Secundo sequitur quod non incon
1294 933 2085 986 uenit angelum / vel beatum aliquid scire. nam potest cognosce¬
1300 978 2074 1025 re vnum per alid. ⁋ Tertio sequitur quod scire hoc modo non dicit
1297 1014 2086 1057 perfectionem simplicitur: quia non conuenit deo qui euidentius omne ve
1296 1052 2084 1096 rum cognoscit quam hoc modo. tamen non dicit imperfectionem respe
1300 1089 2089 1127 ctu creature. aliquid namque inferiorem decet quod supiorem de
1299 1121 2078 1172 decet. Et hec pro primi teirmini elucidatione dicta sufficiant
1306 1162 2083 1209 ⁋ Secundus terminus est veritas theologica. Una¬
1305 1199 2086 1246 acceptio termini est tacta in questione praecedenti. Alio
1302 1238 2077 1283 modo capitur veritas theologica pro scriptura sacri ca
1299 1273 2077 1316 nonis / seu pro actu / vel habitu mentis respectu talis
1301 1306 2081 1360 scripture / et collectiue / et diuisiue / pro vna propositio
1308 1347 2077 1392 ne / vno actu / vel habitu / vel pro multis: sicut logica
1300 1386 2084 1431 proprie est assensus conclusionis logicalis vnius vel
1303 1424 2083 1466 plurium: et interdum capitur pro propositione logi¬
1305 1461 2077 1502 cali. Adhuc capitur theologia pro habitu eorum que
1302 1496 2071 1545 deducuntur ex articulis fidei: et ex dictis sacre scri¬
1293 1530 2081 1577 pture / sicut conclusiones ex principiis. Et de ista ac⁋
1294 1574 2083 1611 ceptione vertitur questio quam tractamus. ⁋ Ex di¬
1294 1610 2075 1654 ctis sequuntur alique propositiones. Prima est. ali¬
1303 1646 2084 1694 quis est theologus qui paucas veritates theologi¬
1297 1685 2083 1727 cas cognoscit: sicut de logico dicimus. si logicus sit
1292 1721 2074 1765 concretum termini logica pro simplici habitu / talis
1296 1755 2083 1800 dicitur logicus. sed non ita vocatur in communi mo
1293 1794 2083 1833 do loquendi. Ille autem vocatur theologus qui multos lo¬
1296 1828 2068 1881 cos sacre scripture intelligit et vnum scit exponere
1303 1863 2068 1911 per alium: et facere omnia quadrare. et sic pataet quod
1300 1908 2081 1955 vnus est melior theologus quam alter: qui plura theolo
1292 1945 2084 1990 gica nouit: et solidior arbiter est ad lites in ea dirimen
1296 1981 2077 2028 das. ⁋ Secundo patet aliquem hereticum vel insi¬
1302 2012 2068 2059 delem esse theologum. patet: quia potest assentire multis pro¬
1299 2055 2078 2101 positionibus theologicis habendo heresim in paucis
1302 2093 2074 2138 aliis: cum pertinacia siue sine pertinacia. Ceterum di¬
1300 2122 2072 2171 scursus theologicus est qui constat ex propositionibus in
1296 2159 2078 2213 sacra scriptura contentis: vel ex his quae deducuntur ex eis
1305 2194 2068 2244 quod idem est) vel ex altera huiusmodi. hoc patet per beatum
1300 2221 2074 2284 Dionysium in de di. non. cap. ii. dicentem quod non assentienti sa
1303 2278 2082 2325 cre scripture non potest manuductio fieri ad theologiam.
1293 2308 2072 2358 Item in alus scientiis. tunc enim fit processs geometrics quando pro¬
1294 2357 2069 2396 ceditur ex praencipiis geometrie. ergo tunc erit processus thec
1299 2382 2071 2432 logicus quando proceditur ex principiis theologie: ex dictis scri
1293 2426 2069 2474 pture. cui suffragatur illuod beati Augu. primo de tri. capi
1301 2465 2082 2513 quarto. Omnes quos legere potui qui ante me scri¬
1295 2503 2077 2552 proserunt de trinitate quae deus est: hoc intendunt secundum scriptu¬
1294 2540 2071 2579 ras docere: quod pater a filius et spiritus sanctus vnius et
1294 2568 2069 2616 eiusdem substatie sunt. non enim ait secundum aliquas scientias
1306 2614 2066 2662 dumanitus adinuentas autem probabiles propositiones: sed
1300 2648 2087 2707 secundum scripturas. ⁋ Et his pataet quod sacri canonis.
