2357 3305
253 276 1046 344 plicet probo: quia ba partes que remanent in instant
261 333 1043 377 terminante horam: vel quelibet illarum est diuisibilis
261 372 1042 415 et cum omnes sint equales magnitudinis sequitur: queci
255 412 1049 455 que sit illa magnitudo a quantunmcunque parua quod conti
265 445 1049 492 nuum compositum ex istis partibus sit infinite magnum
265 488 1049 531 qui vni certe parti date habet infinitas partes equales
265 528 1052 569 non communicantes. Et sequitur vlterius (si bene
261 560 1043 606 ducatur argumentum) quod non est possibile dare qua
261 597 1042 642 te magnitudinis est aliqua illarum partium in fine ho
262 637 1049 684 re: post quam in infinitum parua est aliqua pars illius
259 678 1052 716 multitudinis. quia semper posterior es partes proportio
264 718 1049 758 nales versus eundo partes sunt minores. ⁋ Forte
268 753 1046 793 dices: deus potest bene sic diuidere: sed non eas pat
255 785 1058 832 tes sic conseruare. ⁋ Respondetur: quod istud argumen¬
256 827 1037 870 tum alibi deducere intendimus ad colorandum: o
259 865 1058 911 continuum ex punctis impartibilibus confletur. Et
264 902 1049 944 hoc mere naturaliter loquendo: sed pro nunc (quia non
265 938 1046 981 tangitur hec materia) supponamus tenendo cum Ari
267 977 1049 1021 stotele: quod quodlibet continuum ex infinitis partibus
255 1021 1057 1059 componitur: quarum quelibet est diuisibilis. Dicatur
267 1055 1048 1097 igitur quod casus est impossibilis. deducit enim ad illud quod
262 1093 1052 1137 continuum componitur ex punctis. ppoterea nego con
270 1130 1052 1174 sequentiam: quod deus non pott in qualibet parte proportio
268 1166 1049 1213 nali hore creare lapidem: et lapidi addere. secus es
265 1199 1058 1243 de alio casu contradictionem implicante secundum Phi¬
268 1243 1061 1285 losophum et coniter loquentes. ⁋ Sexto arguitur:
267 1279 1052 1323 improbando illud idem: ponendo quod deus in qualibum
267 1318 1061 1364 parte proportionali vnius hore creet vnum angelum
262 1361 1052 1402 vel lapidem. Arguitur igitur sic: in nulla parte pro¬
261 1396 1055 1434 portionali vel instanti fuit multitudo infinita: et in
273 1434 1057 1480 hoc instanti nullus angelus est productus: ergo in hoc in¬
274 1472 1064 1514 stanti non est infinita multitudo angelorum producta.
264 1514 1057 1553 ⁋ Et confirmatur: ponendo quod deus in porta sancti
297 1547 1057 1590 arcelli orientem versus in prima parte proportio¬
265 1583 1055 1630 nali creet vnum corpus pedale. Et in eadem parte pro¬
262 1623 1054 1668 portionali hore in porta sancti Victoris creet cor
261 1659 1057 1707 pus mille pedum. in secunda parte creet vnum pedale
268 1701 1060 1741 in porta sancti Marcelli: et addat priori. in porta
261 1731 1055 1778 sancti Victoris corpus mille pedum. et addat prior
267 1771 1054 1815 sic semper quod quando additur pedalitas corpori in po¬
274 1811 1061 1854 ta sancti Marcelli: addatur corpus mille pedu in
262 1855 1063 1893 porta sancti Victoris. et sic consequenter per omnes
268 1887 1061 1931 partes proportionales vnius hore. tunc sic arguitur.
274 1925 1057 1969 linea in porta sancti Victoris in instanti terminan¬
271 1961 1061 2006 te horam primo erit infinita orientem versus: et in mil¬
274 1998 1064 2044 lecuplo maior alia. et incipiunt Parisii ab equali¬
270 2038 1057 2085 bus punctis: ergo in instanti terminante horam linea
274 2075 1058 2119 terminata in porta sancti Marcelli non erit ita lo
267 2115 1060 2161 ga: et sunt equaliter longe occidentem versus: ergo vna erit
273 2153 1066 2195 altera longior orientem versus. ⁋ Respondetur: conceden¬
270 2189 1063 2230 do quod in nulla parte proortionali huius hore vel in¬
273 2228 1064 2270 stanti intrinseco multitudo fuit infinita: sed nunc
267 2270 1058 2306 primo est infinita. concedo hanc conclusionem in
273 2302 1063 2342 illo casu in nulla parte proportionali huius hore
292 2340 1070 2385 vec multitudo fuit infinita. Nec in aliquo instanti
282 2377 1067 2424 huius hore. et nihil producitur in hoc instanti. et tamen
272 2418 1051 2462 nunc primo tota multitudo est infinita. et hec con
280 2456 1058 2501 clusio componitur ex contradictorio consequentis
283 2487 1061 2534 cum antecedente consequentie principalis. Et per
285 2528 1060 2570 consequens ipsa interimitur: et illud contingit in suc¬
282 2565 1063 2606 cessiua productione forme. In instanti enim terminan
279 2606 1070 2644 te tempus successionis tota forma tunc primo est in
290 2641 1054 2690 instanti: et in nulla parte proportionali temporis prae
285 2678 1058 2720 ter iti fuit: nec in aliquo instanti temporis preterit
289 2717 1070 2771 tota forma fuit. ⁋ Sed contra istud arguitur: quili
1113 285 1909 345 bet angelus huius multitudinis paius fuit: ergo
1117 336 1910 377 omnes isti angeli paius fuerunt. et ex consequenti¬
1114 370 1903 418 sic arguo. omnes isti angeli paius fuerunt: et omnes ist
1122 414 1915 456 angeli sunt hec multitudo: ergo hec multitudo prius
1117 446 1913 489 fuit. ergo falsum est dicere: nunc primo tota ista multi¬
1122 485 1909 526 tudo est. ⁋ Insuper quelibet propositio de preteri¬
1123 524 1909 563 to ante eius veritatem habuit vnam de praesenti ve¬
1123 563 1903 604 ram / vel habuisset si fuisset formata. hoc est ita sem¬
1126 596 1916 648 per erat sicut per illam de praesenti significatur: antequam
1128 636 1909 676 ita sit sicut per illam de preterito significatur. hec:
1125 671 1910 718 Alexander vincit darium fuit vea antequam haec de praete
1123 714 1910 758 rito sit vera: Alexander vicit darium: sed in instanti
1119 750 1901 798 terminante horam hec est vera: quilibet angelus hu¬
1119 785 1910 833 ius multitudinis paius fuit: ergo prius illa de inesse
1128 826 1909 867 erat vera. ⁋ Respondetur: quod non valet hic distingue
1123 863 1903 906 re penes omnes distributiue et collectiue: et idem est ad
1126 904 1903 944 dere signum collectiuum pronomini de monstratiuo
1126 939 1910 988 et non addere,. concedo enim consequentiam et consequens: quod isti
1125 978 1912 1021 paius fuerunt: et quod in toto tempore preterito isti fuerunt
1119 1013 1904 1060 licet in variis instantibus inceperunt esse. Et quando ar
1128 1059 1907 1100 guis: isti angeli paius fuerunt: et isti angeli sunt hec
1123 1089 1904 1138 multitudo: ergo hec ultitudo prius fuit. ⁋ Respon
1128 1126 1919 1170 detur: tum primo quod consquenta est nulla. non enim concluditur
1125 1167 1909 1212 maior extremitas de minore extremitate: quia entia
1123 1203 1910 1244 est praedicatum maioris: sed hanc oportet concedere
1126 1241 1909 1287 hec multitudo prius fuit entia: concedendo illas
1125 1280 1910 1322 premissas. et concedo istam: hec multitudo prius fui
1133 1316 1910 1365 hec multitudo: sed eius de inesse non erit hec / haeo
1120 1361 1916 1404 multitudo est multitudo: quia si quilibet angelus fuis¬
1131 1392 1919 1443 set annihilatus ante productionem alterius illa de inesse
1135 1427 1909 1472 numquam fuisset vera: oportet enim capere plures singulares
1125 1468 1912 1519 hoc tamen non obstante dico quod in casu isto hec fuit
1126 1514 1922 1547 vera: hec multitudo est. quia in tempore immediato in¬
1131 1542 1916 1587 stanti terminante horam hec fuit vera: ista multitu¬
1132 1580 1922 1625 do est. analogiam accipe secundum alterum modum soluen¬
1128 1620 1925 1667 di in. xvi. distin. iiii. si deus precipiat sorti vt dili¬
1125 1657 1922 1708 gat eum ante a instans: primo omittit in tempore termina¬
1132 1699 1904 1739 to ad instans. ⁋ Ex isto patet: quod modus soluendi vni
1135 1732 1913 1777 doctoris. xliiii. distu. primi tales paralogismos non es
1134 1775 1909 1820 conueniens. iste partes fuerunt: iste partes sunt he¬
1125 1811 1913 1851 forma: ergo hec forma paius fuit. male concludit
1135 1848 1928 1895 dicit oportet enim sic concludere. ergo aliqua que sunt hec
1134 1888 1925 1935 forma fuerunt. Et potest dari alia instantia inquit.
1134 1923 1918 1971 vt si materia sortis fuisset creata a principio a for¬
1137 1958 1916 2005 ma et non se informantes: tunc non sequitur: he per¬
1129 1997 1919 2047 tes fuerunt: he partes sunt sortes: ergo sortes fuit.
1135 2034 1919 2081 quia posito quod primo vniantur in hoc instanti: ante
1125 2075 1906 2122 cedens est verum: et consequens falsum: sed oportet sic con
1129 2109 1913 2159 cludere aliqua que sunt sortes fuerunt. In hoc quod
1138 2147 1916 2193 dicit: male concluditur: verum dicit. Et quod muta¬
1134 2187 1910 2230 tio numeri est causa erroris: sed non ad intentioni
1137 2224 1916 2273 eius scilicet quod minor extremitas debet esse eiusdem nu
1126 2263 1922 2301 meri in conclusione cum medio: quod ipse preten¬
1135 2302 1927 2346 dit. propterea addit aliqua que sunt a parte mino¬
1138 2339 1925 2386 ris extremitatis. addit aliquid in conclusione quod
1135 2377 1925 2421 nullatenus ponebatur in primissis secundum se vel suum
1134 2412 1919 2458 synonymum. propterea in simili forma dabo ante
1140 2453 1910 2499 cedens verum et consequens falsum. hoc enim es
1125 2491 1913 2538 eiusdem forme cum eius syllogismo. he partes fue¬
1135 2527 1918 2571 runt: he partes sunt hec forma: ergo animalia qua
1128 2564 1912 2607 sunt hec forma fuerunt. Unde dico quod nihil refer¬
1131 2604 1913 2650 ad bonum syllogismum: dato quod minor extremi
1134 2636 1928 2686 tas sit alterius numeri a medio vtrobique conclu¬
1132 2676 1928 2716 dendo tales numeros in conclusione: quales ha¬
1137 2716 1915 2763 bes in premissis: nihil addendo consequene sunt infalli¬
