2364 3315
427 274 1218 328 biles. Unde ad hunc syllogismum: he partes fuerunt
427 322 1216 368 dne partes sunt sortes: ergo sortes fuit entia: consequentia est
414 360 1208 401 infallibilis. et consequens concedendum in illo casu
418 396 1211 438 sicut antecedens. ⁋ Sed contra: dices ergo aliqua propositio de
414 436 1219 482 preterito a de praesenti in eodem instanti incipiunt esse
417 479 1204 518 ve de subiecto singulari: quod est inconueniens. ⁋ Re
414 511 1216 556 spondetur: si vis cape illum terminum absolutum sor
415 548 1208 593 tes: ponendo illam inesse: et sic conceditur in illo casu
423 586 1205 634 quod hec primo est vestra sortes fuit entia. Sed quia in pri¬
423 630 1214 669 mo instanti quo deus creat animam sortis: sortes est
420 667 1214 710 primo in rerum natura: non solet creare animam sortis
417 700 1202 744 ante sortem sicut opinati sunt prigenes et Plato¬
417 744 1205 785 nici. Illa propoterea semper est vera: sortem est antequam hec
413 774 1214 821 sit vera: sortes fuit. Sed ex omnibus his dico quod non
414 814 1210 858 vltimate capis suam de inesse: sortes fuit entia ha¬
423 855 1207 899 pet hanc de praesenti hec sunt entia: demonstrando
417 894 1213 936 res pro quibus illa de preterito verificabatur. nec de¬
418 928 1208 969 bet manere idem quo ad synonvmitatem in de inesse:
420 963 1204 1010 et in de preterito. sicut in forma syllogistica patet: quand
423 1004 1204 1045 subiectum est connotatiuum, nec etiam quando subie¬
409 1046 1214 1087 ctum est absolutum. ens enim possibiliter non est ens:
421 1081 1211 1121 est necessaria. et eius de inesse non dabitur per hanc:
414 1119 1210 1164 ens non est ens: que vtique impossibilis est. esto quod sub
421 1154 1217 1199 iectum est terminus absolutus. et idem diceret Aristo¬
427 1199 1214 1238 teles de hac: homo possibiliter non est animal: que se¬
415 1228 1216 1276 cundum eum concedenda est: sed hec homo non est ani
417 1273 1208 1312 mal: secundum eundem reputatur impossibilis. ⁋ Insuper
414 1308 1215 1352 alibi in insolubilibus: in primo instanti esse sortis hanc
420 1345 1205 1389 concessimus: probabilt sortes homo fuit: et eius de in es¬
418 1382 1208 1426 se tunc primo est vesra: sed illud contingit prpoter am¬
418 1419 1217 1465 pliationem vtriusque extremi. sortes mouebatur. sortes
421 1460 1211 1504 mouetur: sortes cucurrit: et sortes currit. simul incipi¬
418 1493 1202 1539 unt esse vere. ⁋ Ad confirmationem pono propositio¬
414 1529 1204 1577 nes. Prima est: in millecuplo maior a est per totam
414 1568 1204 1616 horam hanc continue b. Et in instanti terminante ho
417 1613 1207 1654 ram nihil additur ipsi b. Et tamen est ita magna in
420 1645 1199 1691 illo instanti sicut est a. hoc patet in illo casu supposi¬
418 1687 1203 1735 to quod linea in porta sancti Victoris vocetur a: et alte
417 1722 1214 1770 ra b in instanti terminante horam: vtraque primo est
415 1765 1211 1805 infinita. puta est primum instans infinitatis: semper
420 1800 1200 1846 intelligo de modo possibili reperiende equalitati
414 1840 1211 1882 in istis infinitis. Accipe analogiam. si essent duo
421 1879 1207 1922 mobilia super vnum pedale: a super primam partem
420 1922 1207 1959 pportionalem: b super centesimam: et in qualibet per¬
418 1954 1208 1994 te proportionali illa mobilia pertranseant vnam partem
429 1988 1204 2035 pportionalem in instanti terminante horam: totum
427 2031 1211 2072 est primo pertransitum ab vtroque. Et b in quolibet
429 2065 1207 2108 instanti intrinseco ipsius hore precessit a ad centum
430 2100 1217 2148 partes proportionales. Et in instanti terminante ho¬
429 2139 1214 2186 ram est eque cito pertransitum. Vel si esset vna li¬
426 2176 1217 2222 nea infinita orientem versus: et sortes in qualibet per¬
418 2219 1210 2260 te proportionali hore sequentis pertranseat partem
427 2255 1211 2296 digitalem: et Plato mille leucas: tota linea eque
422 2292 1210 2334 cito pertransibitur ab vtroque mobili. Ex hoc solu
423 2332 1211 2371 tur argumentum. ⁋ Septimo arguitur: implicat in
430 2374 1214 2415 qualibet parte proportionali vnius hore creare pe¬
426 2408 1216 2448 dale: et addere posterius priori: ergo probatio ter¬
420 2446 1208 2492 tia nulla est. capio a pilare in gadis Herculis: vo¬
436 2485 1216 2525 o quod deus in prima parte proportionali hore remo
436 2520 1217 2563 ueat primum lapidem: et creet secundum inter primum et a
429 2558 1223 2603 pilare: et sic consequenter per totam horam: in illo casu dabi¬
429 2597 1225 2638 tur in fine aliquis lapis tangens pilare: et non nisi vl¬
430 2635 1217 2675 timo creatus: quia quilibet alter est remotus: et ille
432 2673 1222 2717 non potest creari nisi in vltima parte proportiona¬
429 2707 1228 2760 li vnius hore. ergo datur vltima pars proportiona¬
1278 276 2081 329 bilis vnius hore: quod implicat: igitur. ⁋ hoc ar
1287 326 2068 369 gumentum ( dicit quidam) demonstrat non posse
1288 366 2078 405 dari infinitum et in eo generat fidem. ⁋ Preter¬
1279 400 2072 442 ea sequeretur quod esset aliquod corpus opacum ma
1281 438 2081 483 gnum obiectum corpori luminoso. Et tamen non
1281 476 2068 519 causaretur vmbra: consequens est contra alacem et perspecti¬
1272 514 2066 552 uos et sensum: igitur. cue sequatur probo sic. sit sol in¬
1278 551 2078 594 finitus ex altera parte terre: iam vbi nos sumus
1276 590 2072 636 (immo super centrum terre erit lumen. Quod probo:
1272 628 2068 676 qui sol illuminat quando est ex altera parte plusquam
1273 663 2066 708 medietatem terre. quo circa vmbra eius est py¬
1276 705 2072 744 ramidalis et terminata in Mercurio: vt dictum est
1272 741 2077 788 in questione precedenti sexto argumento. ergo quan
1275 780 2067 827 to sol erit maior tanto vmbra eius erit minor. ergo
1272 818 2074 858 si sol est infinitus vmbra nulla erit. ⁋ Ad septimum
1278 860 2078 902 nego quod implicet. doeiter quod nullus lapis tanget pilare
1282 896 2069 935 ex casu: sed quilibet remouebitur. Quod patet. pri¬
1285 931 2068 969 mus enim non tanget: quia fuit remotus secundo ad¬
1285 969 2078 1010 ueniente: secundus etiam non tanget: quia fuit remotus
1279 1006 2075 1045 tertio adueniente: et sic de quolibet alio. ergo nul¬
1278 1045 2066 1085 lus tanget nisi reportentur. et tunc multi possunt tan¬
1274 1085 2066 1126 gere: tot. s. quot reportantur: illi lapides possunt re¬
1278 1119 2066 1166 plere infinitum locum extensiue: vel se penetrare
1282 1155 2072 1195 prope pilare. Sed quicquid sit erunt infiniti lapi¬
1282 1195 2072 1240 des totales. ⁋ Istud argumentum nullatenus
1279 1232 2065 1273 mouet: nec in me generat opinionem. ⁋ Ex isto nul
1285 1273 2072 1318 o pacto habetur quod est aliqua pars proportionalis
1274 1310 2072 1352 hore vltima: quemadmodum non est vltimus lapis
1278 1349 2075 1388 creatus: sed post quemlibet sunt infiniti. certe eum
1272 1386 2066 1431 demiror quare hoc argumentum ponderat. ⁋ Ad
1278 1425 2075 1467 illud argumentum de corpore luminoso a opaco: ne
1278 1461 2078 1505 go quod non causetur vmbra: quia da corpus lumino¬
1275 1498 2071 1543 sum in quadruplo maius terra causabitur vmbra
1284 1538 2066 1580 pyramidalis a terra signo a et b pedalitates in
1282 1576 2072 1620 corpore luminoso: ille non producunt lumen pri¬
1279 1613 2074 1655 marium in loco vmbre. ergo nec a fortiore pedali
1275 1654 2078 1698 tates vltra a et b: quia pius distant. Et alie pedalita
1273 1690 2081 1734 tes vltra possunt tantum distare quod non possint pro¬
1285 1724 2081 1768 ducere lumen ad medium punctum medietatis cor¬
1282 1761 2072 1809 poris luminosi. ⁋ Qctauo implicat quod idem pona¬
1279 1802 2081 1844 tur inprima parte proportionali in celo: et in secunda
1273 1840 2069 1882 in terra: in tertia in celo. in quarta in terra: et sic con
1282 1878 2075 1924 sequenter. ergo pari ratione implicat in qualibet parte
1275 1913 2080 1964 proportionali creare pedale: et posterius priori ad
1276 1953 2081 1997 dere. patet antecedens: quia petitur vbi illud erit in instan¬
1276 1986 2084 2033 ti terminante horam: si in celo peto rationem quare ci
1282 2027 2080 2070 tius quam in terra. si in vtroque: implicat idem naturalit
1285 2066 2075 2108 esse in duobus locis: vel illo dato non oportet esse in duo
1281 2105 2074 2148 bus locis. ⁋ Preterea: sequeretur quod pars esset ma
1282 2137 2080 2188 ior suo toto contra communem animi conceptionem:
1293 2181 2083 2229 robo: quia signo totum tempus preteritum posita eterni¬
1291 2225 2078 2264 tate mundi a parte ante et post: vnum non est magis im¬
1281 2253 2078 2300 possibile quam reliquum: immo aliqui negantes infinitum
1281 2294 2081 2336 illud admittunt. vt in quaestione priori tactum est. sit totum
1284 2331 2088 2372 tempus preteritum vsque ad hora sextam ante meridiem a
1284 2366 2080 2411 totum tempus futurum ab hora sexta mane ineternum b.
1288 2404 2087 2451 significet c totum tempus praeteritum ab hora. xii. d totum
1278 2444 2093 2486 futurum tempus ab hora duodecima. iam a et b sunt equalia
1291 2484 2081 2526 quia equaliter incipiunt. Et vtrumque extremum aliud est in¬
1279 2518 2084 2567 finitum: et pari ratioe. c et dsunt equalia. Et vltra: cest
1291 2558 2089 2609 maius a quia a est pars c. Et vltra cesem maius a: ergo dest
1293 2597 2074 2640 maius a. tenet consequentia quocumque enim vnum equaliu est ma
1288 2633 2074 2674 ius et reliquum: et vltra. d est maius a. ergo dest ma
1281 2670 2075 2711 ius b. tenet consequentia Quicquid enim est maius vno equali est
1287 2708 2083 2768 maius neliquo: sed d est pars b: ergo pars est maior toto
