2357 3304
229 233 1018 286 sursum quam deorsum. et sufficiunt ad pellendas alias par
231 281 1010 322 tes quae sunt ex alia parte centri quae non praeset resistere suffi
237 321 1019 360 cienter actiuitati grauitatis sursum quae est extra suum lo¬
232 352 1013 402 cum naturalem: potes esse in suo loco naturali. ⁋ Sed con
231 391 1013 436 illud arguitur: non habet locum naturalem in illo casu: ergo non ap
244 427 1013 476 petit ad ire centrum terre. consequentia claret. probatur antecedens. gue ap
237 462 1019 514 petit ire ad centrum terre per lineam breuissimam: et si esset
240 507 1006 549 extra sic mouebitur remoto prohibente. et non quiesce
241 542 1004 587 qiusque medium eius sit medium mundi: sed sic non est de corpe
244 581 1016 622 re illo infinito. igitur: quia non habet medium semper ma¬
229 614 1013 662 ior pars est sursum. ⁋ Preterea est infinite grauita
241 654 1013 693 tis illud corpus in forma vel in valore: ergo descendei
237 692 1013 734 in instanti: et tunc quero quando quiescet quota pars illius
231 728 1011 767 linee erit supra centrum e quota infras ⁋ Si dicas non
234 766 1007 811 descendet. ⁋ Contra: aliud corpus secum eiusdem spe¬
238 803 1013 845 ciei specialissime descendet: ergo a ipsum. nec valet di
238 839 1013 888 cere quod infinitas prohibeat: quia calor infinitus extensi¬
221 875 797 919 ue et intensiue calefacit plusquam finitus
388 908 901 953 Distinctionis. xliiii. questio quinta
423 942 1016 991 Veritur quarto circa hanc materiam de in¬
418 984 1006 1026 finito (et est quinta quod huius distinc. vtrum quaeli
384 1023 1006 1064 elibet qualitas infinita gradualiter sit infi
408 1062 1018 1107 inite actiuas ⁋ Respondetur per conclusionem
404 1087 1012 1147 sequentem. ⁋ Potentia actiua rei attenditur
235 1133 1004 1178 penes multitudinem forme. Probatio: quia potentia re
237 1175 1008 1220 non attenditur penes multitudinem materie: quia tunc pe¬
228 1209 1015 1250 dale terre deberet pius agere quam pedale ignis. cose¬
238 1247 1007 1293 quens est falsum. consequentia autem patet: quia pedale terre pluc
237 1282 1012 1328 de materia habet quam pedale ignis. ⁋ Insuper mate
235 1323 1008 1369 ria nullius est actiuitatis nisi ad productionem notitia
231 1357 1012 1398 intuitiue: que potest haberi de ea ab angelo vel anima
231 1393 1012 1435 beata. et si ponatur quantitas distincta a re quanta non
225 1430 1009 1473 attenditur er parte quantitatis: quia tunc semper habens pius
234 1469 1015 1510 de quantitate debet esse actiuius: et non videtur aliquid
231 1507 1016 1546 aliud penes quid debet attendi nisi penes multitudi¬
235 1541 1015 1588 nem forme: igitur propositum. ⁋ Si dicas quod eadem forma
231 1580 1006 1621 sine additione in medietate corpis pedalis est actu
240 1615 1009 1659 uior quam in toto pedali: quia virtus vnita est fortior seipsa
238 1655 1018 1699 dispersa. hoc est eadem virtus numero maiorem effe¬
225 1692 1015 1735 ctum producit vel citius in minori corpe quam in maiori. qua
234 1731 1012 1770 enim re alia parui homines facile irascuntur nisi quia calor
234 1764 1018 1806 eorum est bene vnitus: si enim idem calor esset in magno vel
235 1797 1022 1848 illi equalis non tantum irafceretur. ⁋ Contra: ex hoc sequi
232 1835 1015 1882 tur quod esset actio a proportione equalitatis vel a propor
232 1874 1012 1923 tione mequalitatis minoris: contra Philosophum. vii. phi¬
225 1913 1018 1959 sicorum. Probo consequentiam. do duo corpa quae se habent in propor¬
233 1945 1018 1996 tione equalitatis: si alterum condensetur et alterum rarefiat.
238 1985 1011 2034 ⁋ Item arguitur ad idem. signo a pedale vniformiter vi
228 2021 1017 2069 quattuor et bquadrupedale vniformiter calidum vt
237 2060 1006 2106 quattuor equaliter densum et rarum: iam potentia ipsius si
226 2096 1008 2144 est in quadruplo maior potentia actiua ipsius a: cum con
228 2134 1021 2178 tineat quattuor partes non communicantes: quarum queli
236 2167 1012 2211 bet est eque potens cum a. iam pono quod b condensetur ad sub¬
226 2208 1015 2251 quadruplum: caliditate nec intensa nec remissa: iam b cali
235 2239 1003 2290 dum est ita actiuum sicut anteat paius erat in quadrupl
225 2280 1013 2325 actiuius ipso a. ergo iam est equaliter secum potens aet hoc non
229 2313 1006 2359 nisi quia in quadruplo pius habet de forma: ergo potentia
225 2359 1016 2405 rei attenditur penes multitudinem forme. quod erat probam
224 2392 1014 2437 dum. Quod non intendatur propter condensationem notum est
232 2425 1015 2472 intelligenti. caliditas enim non migrat de subiecto in sub
223 2459 1007 2514 iectum: ia sequitur illatum. ⁋ Sed dices quod duplex est po¬
226 2499 1012 2548 tentia: quedam intrinseca vel essentialis: que dicitur essentia
223 2533 1020 2588 lis eo quod quantum est de se sufficit agere. Alia est extrin
222 2569 1008 2625 seca et accidentalis: et ob eam rem dicitur accidentalis quod acci¬
224 2607 1019 2662 dit ei aliqua velocitas que non accidit potentie ei equa
222 2640 1015 2712 li: vt condensatio a applicatio forme se tenent ex parte
1089 221 1871 287 maioritatis potentie accidentaliter: quia hoc est forme
1080 280 1867 321 extrinsecum. ⁋ Ex isto sequitur quod a et b equalia sint in
1087 318 1865 361 quantitate et equaliter intensa per totum: et tamen a est in infini
1087 356 1858 396 tum maioris potentie quamb. Probatur: sit a vnum corpus
1071 393 1862 433 infinitum in cuius quolibet pedali sint quattuor gradus
1086 431 1865 473 caliditatis vniformiter: in quolibet pedali sit equali¬
1078 464 1868 507 ter de forma et intensione: et sitb vnum pedale habens
1081 508 1862 553 quattuor gradus intensionis adequate: et condensetur a ad
1078 548 1862 591 quantitatem be vsque: nulla alia mutatione facta in ipso¬
1077 579 1862 620 quo posito sequitur corollarium: quia b manebit intensum vi
1074 613 1867 655 iiii. et a erit vt. iiii. et habebit infinitos gradus forme:
1084 655 1858 694 qui infinitam multitudinem forme quam ante condensationem
1080 691 1859 734 habebat. ⁋ Secundo sequitur: b est infinite calidum vnifor¬
1083 730 1870 768 miter et a solum finite: et tamen a est in infinitum maioris po¬
1083 768 1863 811 tentie quam b. ⁋ Probatur corollarium. capiatur corpus calidum
1080 800 1864 847 vt quattuor vniformiter: capiantur duo gradus caloris secundum
1080 838 1861 888 intensionem equaliter extensi cum secunda parte proportiona¬
1080 878 1858 919 li et iungantur cum secunda parte proportionali: tunc secunda pare
1080 920 1861 964 proportionalis erit calida vt sex. Rursum capiantur
1080 954 1868 994 quattuor gradus secunde partis proportionalis et iun¬
1077 996 1856 1039 gantur caliditati tertie partis proportionalis: et ita fia¬
1087 1031 1861 1076 processus per omnes partes proportionales illius: et in instan
1083 1057 1858 1105 ti terminante totam translationem illarum partium fiat quod pe¬
1080 1104 1858 1148 netratiue se habeant quelibet cum alia: sic scilicet quod erit
1083 1141 1867 1179 maior intensio in fine quam erat in quacumque parte propor¬
1074 1176 1861 1216 tionali precedenti: tunc erit infinitus calor secundum intensio¬
1086 1212 1865 1260 nem: et tamen non erit actiuior quam antea: cum non sit pius de for
1087 1251 1883 1299 ma. ⁋ Non valet quod dicit quidam: antea erat infinite
1081 1287 1883 1328 intensionis loquendo de calore punctali: quia si aduer¬
1085 1324 1883 1369 sarii darent talem: euestigio esse infinitum deberent dicere.
1081 1357 1883 1400 loquendo recte de intensione forme sicut loquentes lo¬
1089 1398 1861 1444 quuntur nisi esset diffugium ad hoc quod calor punctalis
1083 1437 1861 1479 esset impartibilis: et calor quanti diuisibilis sicut alib
1080 1468 1861 1513 dicitur de partibus continui. ⁋ Tertium corollarium questioni
1080 1511 1861 1550 responsiuum: est. dabile est aliquod infinite formaliter ca¬
1077 1546 1872 1596 lidum finite actiuitatis in agendo. Probatur corolla¬
1074 1585 1867 1636 rium: do duo corpora equaliter calida a et b quadrupe
1086 1621 1864 1660 dalia: relicto a capio b quadrupedale: volo quod rare¬
1077 1656 1870 1702 fiat secunda pars proportionalis ad equalitatem prime ni
1083 1695 1870 1741 hil acquirendo vel deperdendo: et tertia pars proportio¬
1080 1736 1858 1775 nalis rarefiat similiter ad quantitatem prime partis et ita
1077 1770 1858 1813 fiat de quaelibet alia prte proportionali nihil vnquam deper¬
1080 1804 1868 1855 dendo vel acquirendo: iam a est finite actiuum: et b equali¬
1083 1841 1861 1890 ter simpliciter habet de forma cum a: ergob est finite acti
1078 1876 1867 1932 uum: ergo corollarium verum. ⁋ Si dicas: quodlibet corpus
1090 1918 1862 1965 infinitum extensiue vniformiter calidum est infinite acti¬
1086 1954 1867 1996 uum: b est huiusmodi. igitur. ⁋ Respondetur quod supe¬
1083 1990 1871 2040 rius negauimus maiorem. non enim citius frigefit digitus in
1083 2021 1865 2079 mari oceano quam hyrcano vel caspio equaliter frigido
1071 2063 1863 2116 intensiue. Sed quia motiuum Aristotelis. iii. physicorum est
1080 2104 1861 2147 probabile: transeat quod maius corpus equaeliter frigidum inten
1080 2142 1858 2186 siue cum minori citius frigefaciat: sed non in ea proportione
1077 2176 1858 2219 citius qua vnum corpus est maius alio: et si in minori pro¬
1080 2212 1859 2264 portione duplum ad aliud non in duplo citius frigefaciet
1077 2252 1862 2301 sed in proportione sesquitertia vel sesquioctaua: cum enim
1077 2288 1868 2338 in corpore infinito sint infinite partes: totum est infinite
1080 2329 1855 2369 actiuum: partes se iuuant dum insunt eidem toti. licet vna
1077 2358 1865 2414 pars separata ad tantam distantiam agere nequeat: sed
1080 2403 1858 2444 sufficit quod coagit in suo toto: sicut secundum apparentem
1086 2434 1862 2489 opinionem de essentia febris quaelibet pars caloris natu
1077 2479 1861 2519 ralis cum calore extraneo supaddito est febris in suo
1071 2505 1861 2559 toto: secus est quando est per se. ⁋ Sed dico tenendo mo¬
1080 2544 1860 2594 dum Aristotelis quod intelligitur de corporibus vniformiter.
1080 2583 1855 2631 raris vel densis: modo b est difformiter rarum. ⁋ Si di¬
1077 2621 1852 2667 cas: ex isto sequitur quod dabilia sunt duo corpa equaliter
1080 2665 1862 2708 actiua: quorum vnum producit calorem infinitum in gradu: et
