2368 3344
241 251 1037 299 innotesceret: et talis obedientia non poterat opndi si
239 290 1040 336 ne conamine ad hoc quod praecipiebatur: ion obligabatur
246 333 1046 379 Abraham ad conandam immolationem filii exequi donec in¬
246 370 1049 420 pediretur: numquam autem voluit deus quod filium occideret:
244 407 1046 448 qui eum reuocauit. ergo semper ante noluit. Alioquin in eo no
250 443 1052 492 ua fuisset mutatio voluntatis. noluit ergo quod praece¬
255 481 1048 531 pit: sed voluit velle id quod praecipitur fieri: et in hoc deci¬
243 522 1045 570 pitur sine sua culpa: sed deus eum non decepit: sed ex se
244 563 1040 603 ipso decipitur. non intelligens mysterium rei: et deus per¬
238 599 1046 642 mittit eum decipi indirecte. hoc est praecipit aliquid rationa
255 631 1052 680 bile. qud alter non bene capiens decipitur. ⁋ Tertium obli¬
248 671 1039 719 gat ad intentionem praecipientis. vt preceptum factum
244 715 1040 755 ceco nato vt nemini diceret. Matth. ix. ⁋ Quinto
250 749 1046 790 arguitur. deus vult se regere totum mundum: et beatus
264 784 1046 832 Petrus hoc sciens non vult se regere totum mundum
252 822 1046 869 ergo Petrus non tenetur conformare voluntatem suam volun
244 863 1049 909 tati dei in volito. et Paulus voluit dissolui et esse
241 899 1037 945 cum christo. ad Philip. i. quod tamen deus noluit. ⁋ Respondeur
246 935 1039 985 hoc nihil est. concedo totum antecedens. et nego consequentiam. Petrus
247 978 1046 1024 enim non vult se petrum regere totum mundum: secunda proo
256 1012 1052 1056 sitio est: et non Petrus vult se deum regere totum mudum
249 1048 1046 1098 pronomen enim se est reciprocum. Tertia autem propositio:
282 1086 1043 1131 detrus vult deum regere totum mundum. et hocest Pe
255 1127 1045 1169 trum illi conformare in volito. ⁋ Sexto: beati angeli
246 1166 1043 1214 interdum volunt opposita. ergo non omnes beati conformant su¬
238 1201 1049 1240 as voluntates voluntati diuine. antecedens patet de angelis
252 1244 1046 1289 persarum a medorum. Daniel. x. Quia illi angeli erant bo
244 1279 1049 1325 ni: patet per Ereg. xviii. lib. Moralium. ⁋ Item non est pos
247 1314 1042 1362 sibile scire voluntatem dei. Quod patet super illo vebo psal¬
253 1355 1052 1401 mi. Exultate iusti. Psal. xxxii. dicit quantum distat
256 1392 1040 1433 deus et homo: tantum distat voluntas dei et homnins: sed non est
252 1428 1054 1480 possibilis conformatio dei et homnins. et Esaie. lv. sicut
255 1473 1039 1510 exaltantur celi a terra: ita exaltate sunt vie mee a
252 1503 1052 1549 viis vestris: et cogitationes mee a cogitationibus vestris.
258 1541 1048 1586 ⁋ Respondetur: quod non inconuenit angelos beatos velle
249 1580 1043 1623 contraria: quando non constat eis de voluntate dei. alter
244 1613 1045 1657 enim eorum videbat quod ex mora iudeorum apud Persas
256 1656 1049 1699 multi Medorum et Persarum conuertebantur ad fidem: et sic
257 1696 1047 1737 habebat motiuum sufficiens pro se. alter quasiuit libera
262 1733 1052 1777 tionem populi israelitici. ⁋ Sed dices. vterque vidit
255 1777 1046 1813 omnia in verbo quonidam erat beatus. ⁋ Respondetur hoc negando
252 1806 1045 1849 videre enim in vbo non est videre omnia sicut videtur ima
260 1847 1052 1893 go in speculo: sed est solum vbum supplere vicem obiecti¬
262 1886 1040 1928 et cum hoc aliquem manere beatum. ⁋ Ad secundum negat
250 1926 1052 1966 assumptum. et ad probationem dicitur: quod ille auctorita¬
250 1959 1046 2004 tes bene probant: quod deus et homo improportionabiliter di¬
250 1997 1046 2041 stant in essentia. sed non probant quin ho potest scire volun
259 2030 1046 2077 tatem dei. ⁋ Dubitatur circa hanc distinctionem: po¬
259 2076 1055 2117 nendo quod deus reuelet alicui existenti in gratia suam
261 2109 1048 2152 eternam damnationem. An talis tenetur conformare vo¬
258 2147 1045 2188 luntatem suam voluntati diuine. Multi non admitto
261 2186 1048 2227 rent casum. ⁋ Quidam doctor in suo primo non admit
256 2224 1058 2267 tit quod deus reuelet alicui quod ipse peccabit mortalitur.
255 2262 1043 2304 Et doctor seraphicus in prosecutione litre vltime di¬
255 2302 1058 2345 stinctionis huius primi non admittit quod deus reuelet
246 2337 1048 2382 alicui suam eternam dannationem. ⁋ Si dicas reuela¬
258 2378 1043 2419 uit Petro negationem suam. Matth. xxvi. et iudeis
250 2417 1055 2458 quod in petis suis morerentur. Io. viii. ⁋ Dicerent il¬
249 2449 1051 2496 las esse comminationes exteriores: et si esset reuela¬
261 2489 1042 2534 tio exterior solum semper putabimus esse comminationem
276 2527 1046 2572 ⁋ Sed contra dices. ergo non tenemur credere futurum iu¬
258 2562 1042 2608 dicium: nec carnis resurrectionem nisi esset reuelatur
267 2607 1043 2649 reuelatione interiori. quod non est dicendum. ⁋ hoc no
264 2644 1042 2686 vincit. dicerent quod quaedam sunt precepta quae praesupposit
249 2678 1049 2730 coni fide sunt praecepta nature qua indispensabiliter obli
1114 257 1911 306 gant dum simus viatores: vt ad diligendum deum: et
1116 298 1917 345 nos post deum: et ad sperandum de illo. de talibus si op¬
1123 333 1904 376 positum diceretur possumus credere esse illusionem aut
1111 375 1908 417 conditionalem reuelationem / et non absolutam. secundum illud
1119 407 1911 456 Apli ad Galathas. i. Etiam si angelus de celo euam
1114 447 1898 489 gelizaret vobis aliud praeterquam quod euangeliz auimus
1125 489 1898 532 vobis / anathemasit. vbi res esset dispensabilis et con
1107 520 1910 566 staret quod sic reuelans haberet auctoritatem dei esset
1107 564 1904 610 ei credendum. sicut patet de Michea proheta. iii. Regum
1119 597 1903 640 vlti. sic autem non est in casu nostro: quod esset reuelatio in¬
1119 635 1913 683 terior: et quod infallibiliter assentiret est nodus rei. et an
1107 675 1900 722 posset orare pro sua salute: et an despraret. ⁋ Secundum
1126 714 1929 755 quendam desperatio dupliter accipitur. Uno modo impro¬
1111 749 1906 792 prie pro firma credulitate qua quis credit se esse dan¬
1120 789 1909 827 nandum: vel defidit se esse saluandum. Alio modo pro¬
1119 827 1915 869 prie pro firma credulitate qua quis credit quod si faciat
1108 866 1909 907 quod in se est pro statu vie ad hundam beatitudinem adhuc
1113 902 1906 945 non habebit eam: et talis actus est directe oppositus
1109 946 1912 991 actui spei: et non primus. ⁋ Neutra istarum acceptio
1108 978 1901 1025 num valet: spes est habitus vel actus voluntatis: et per
1113 1016 1900 1060 consequens opposita non sunt actus vel habitus intellectus
1122 1054 1903 1096 ⁋ Sed eum excusando dices: quod loquitur de quadam incon
1113 1095 1908 1142 possibilitate. ⁋ Insuper talis scit certitudinaliter quod
1114 1133 1916 1175 erit damnatus ex hypothesi: et ita assentit. et damnati
1113 1168 1909 1209 non alr desperant quam quod etiam si faciant quod in eis est:
1119 1207 1905 1249 non habebunt vitam eternam. ⁋ Sed dices: deus non con
1119 1241 1909 1288 curret cum eis ad penitentiam: et si facerent quod in eis
1113 1279 1904 1323 est per possibile vel impossibile non habebunt vitam eter
1119 1320 1903 1360 nam: quia sunt in termino: secus est in via: sed sic non
1113 1354 1901 1405 dabis prorie desperantem in via. ⁋ Respondetur per propositio
1119 1395 1915 1433 nes sequentes: dato quod sit firmum iudicium in intelle¬
1120 1433 1907 1479 ctu de eterna damnatione non sequitur quod sperat vel de
1119 1471 1912 1515 sperat. patet: quia spes et desperatio sunt actus volunta¬
1116 1506 1900 1551 tis vel habitus: et stat voluntatem omnes illos secludere
1116 1545 1920 1594 stante illo firmo iudicio. ⁋ Secunda proositio: adhuc
1119 1585 1903 1627 sortes potest hatre beatitudine. probatur: quocumque demon¬
1113 1621 1909 1662 strato deus scit an sit reprobatus / an praedestinatus:
1109 1658 1906 1706 demonstrando soldanum reprobum deus hoc scit: et tamen
1119 1700 1910 1740 adhuc concedimus istam iste pot esse praedestinatus: et scien¬
1119 1737 1907 1778 tia reprobationis in soldano suprueniens non de¬
1119 1774 1903 1822 struit illud. ⁋ Tertia propositio. problematicum est an
1126 1812 1916 1847 iste sortes potest velle suam beatitudinem. probatur. proba¬
1122 1849 1914 1891 bile enim est quod sortem non tenetur se conformare nisi voluntatuim
1119 1885 1901 1926 diuine praeceptiue vel prohibitiue. Consequenter ad
1116 1920 1915 1965 hunc modum dicendum est quod potest velle hatre beatitudinem
1117 1963 1904 2003 ex meritis suis: et gratia dei. modo ista volitio est actus
1113 1995 1907 2040 spei: non enim habet prohibitionem in oppositum ex casu¬
1125 2035 1916 2080 ⁋ An vo ista volitio sit efficax dubitabis: quia scit
1117 2071 1904 2113 finem impossibilem. ⁋ hoc non impedit propositum. cum ha¬
1125 2113 1909 2155 beat actum quo vult beatitudinem. Etiam iste actus est spes
1120 2146 1919 2192 et habet conformitatem ad aliquod iudicium intellectus cate¬
1122 2191 1909 2233 goricum: vtputa hoc possum hatre beatitudinem de lege
1119 2228 1913 2272 hoc propter damnatos dixerim. vt superius diximus de
1114 2265 1913 2306 casu soldani quem deus nouit reprobandum. Si teneatur
1125 2301 1912 2342 oppositum (quod est probabile conformet voluntatem suam vo¬
1120 2339 1915 2377 luntati diuine in volito: et deobligatur a spe qua vult
1123 2377 1909 2416 hatre beatitudinem. deus enim non obligat ad mcompossibi
1123 2414 1907 2454 lia: debet tamen facere cetera praecepta. quod patet: quia non est ab
1123 2452 1915 2495 eis deobligatus: et rogare deum vt tollatur istud iudici
1114 2490 1918 2534 um ab intellectn si ei placeat. Si contra primum modum instes
1119 2526 1919 2572 plillud Aug. xxi. de ciui. dei. ca. xxv. Si scirem parem
1113 2572 1910 2613 meum esse damnatum / non pius orarem pro eo quam pro diabolo.
1128 2601 1918 2644 ⁋ Respondetur verum est. si scirem eum esse in inferno: vel si
1122 2644 1906 2686 mihi constaret eum esse damnandum irremediabiliter: et
1113 2676 1921 2725 sic concedo. quia secundum Aug. de correctione et gratiar
