2376 3302
384 201 1186 261 tra hoc argumentor. medium productiuum fidei / au
393 258 1181 304 ctoritas / vel argumentum topicum potest applicari prio princi¬
384 293 1193 343 pio: si autem non generat fidem: hocio est / quia notitia eui¬
393 332 1187 375 dens et clara quae causatur ex apprehensione terminorum
402 368 1195 421 pedit tale medium generare fidem: et est incompossibili
387 408 1178 455 tas inter illos actus: sed assensus scientificus est noti¬
393 447 1193 488 tia clara: ergo praecedens fidem eius productionem impedit: et
388 486 1186 531 ipsam inueniens e medio tollit. hic forte dices praeter
396 523 1184 567 rationem quod est de primis principiis habetur fides. Preter
391 560 1177 609 ea arguitur ad idem. hoc est contra intentionem Apli prie ac
402 602 1180 638 Corinth. xiii. Siue prophetie euacuabuntur: siue lin
396 635 1186 684 gue cessabunt. et sequitur. cum autem venerit quod perfectum est:
397 678 1183 717 euacuabitur quod ex paerte est. patet per illam literam et glossas
388 715 1193 757 eiusdem: Apostolum velle dicere quod fides et spes non
388 753 1189 794 manebunt in patria: bene ant charitas. Item ad hebreos
389 786 1192 837 xi. fides est argumentum apparentiuma non existentium. vbi di
392 827 1180 869 cit glossa. de his quae non videntur fides est: de visis eim non
396 866 1189 904 est fides: sed agnitio. Sed quia vbum saluatoris videtur so¬
402 899 1183 944 nare inoppositum: quia vidisti me Thona credidisti: statu
396 942 1192 983 tangitur solutio. non credidit quod vidit: sed alid credidit:
405 979 1190 1022 vidit quippe homines / credidit deum. Item prio de doctri
397 1011 1187 1063 na christiana ca. xv. dicit Aug. Quicuque ad eternam
393 1051 1192 1104 gliam pueniunt descedentibus et fide et spre: charitas
389 1083 1190 1146 auctior et certior remanebit. Et libro prio solilo¬
394 1125 1196 1167 quiorum. cap. xii. quirit Aug. vtrum aime cu deum videre conti
407 1163 1186 1210 zerit: illa tria fides / spres / et charitassint necca. Re
397 1204 1195 1247 spondet: non fides: quare sit necessaria cum iam videatur.
402 1240 1192 1292 pes multo minus: cum ia tenet. charitati vo non solum
403 1281 1189 1327 non detrahetur: sed addetur est plurimum. Idem patet. viii. de
402 1318 1192 1361 trini. cap. iiii. ⁋ Secunda conclusio probatur. Si quis fidelis
409 1356 1190 1409 obens fidem infusam demonstrat hanc quam nunc credit: deus
410 1394 1196 1438 e: non corrumpitur eius habitus infusus: et ante ad assensum illius in
409 1434 1189 1479 clinabat: quia erat illi assentiendum. sed nunc illi assenti
408 1476 1192 1518 tur. fides enim infusa non solum inclinat in omne credibile
396 1505 1198 1554 quod actualiter creditur: sed in omne illud cui homo tenetur as
396 1545 1196 1591 sentire loco e tempore: quemadmodum est ista: deus est.
402 1585 1190 1630 ⁋ Oppositum tertie conclusionis a plerisque tenetur: et
408 1621 1187 1665 non improbabiliter in parte. Probatur conclusio: vtro
406 1657 1193 1701 bique tanta est repugnantia inter habitus cquisitos quan¬
402 1696 1200 1742 ta iter eorum actus. modo actus scientificus et actus fidei
408 1735 1196 1783 repugnant ex pria. igitur probatio maioris: quia vt dicitur. ii.
402 1782 1190 1823 Ethicorum / vertutes fiutem et corrumpuntur ab eisdem contra¬
402 1810 1194 1857 rio modo factis. Insuper sint in sorte habitus oppositi equo
409 1846 1190 1894 intesi: concurrat intellectus circa talem materiam cum vtro¬
417 1885 1199 1929 que habitu: iam in tali producetur actus oppositi. Sed dices.
420 1923 1195 1972 sie habitus habeant equalia auxilia ad productionem a¬
415 1963 1192 2009 ctuum: nullus actus producetur / quoad fuerit excessus vnius
411 2004 1195 2051 super alium. et tunc secundum inclinationem maioris cause produ
411 2041 1193 2081 cetur actus. Et confirmatur probatio maioris. vel aliqui
414 2077 1203 2123 habitus repugnant vel nulli. secundum non est dicendum. si pri
418 2116 1202 2159 num: nuli magi repugnant quam illi quorum actus repugnant:
408 2154 1190 2198 alioqui tollitur omnis via probandi repugnantiam in habi¬
414 2191 1196 2235 tibus. ⁋ Quarta conclusio patet inductiue. nam si lubricus
414 2230 1199 2271 vel aliquae alia specie intemperantie irretitus peniteat de
418 2268 1195 2307 mala vita praeterita: constat quod habebit magnam procliui¬
417 2306 1190 2347 tatem ad peccam praeterita: et hoc non nisi ratioe habitus rema
408 2348 1200 2392 nentis. ergo habitus et actus oppositi silstant. ⁋ Contra pri
423 2380 1204 2425 mam conclusionem argumentor. sortes habet notitiam abstra
415 2422 1199 2466 ctiuam et intuitiuam respectu eiusdem obiecti simil et semeli
421 2458 1202 2499 quarum vna est notitia obscura et alia clara: ergo non incon¬
415 2493 1204 2544 ueint hatre sciam et fidem de eodem obiecto propiquo. Item
423 2533 1205 2580 Aristoteles crebro post demonstratioes introducit
414 2571 1199 2610 auctoritates antiquorum: vel ergo auctoritates assensum fi¬
418 2608 1196 2650 dei generant vel non. si primum: propositum. si satet: supuacanec
420 2644 1213 2708 introducuntur. Ad primum concedo antecedens non enim vr quod ego iam
1258 201 2056 263 habens noticiam abstractiuam a. obiecti absenti illam amit
1264 261 2063 299 am in praesentia a. obiecti: qui a nulla intur eas videtur repu
1255 298 2051 345 gnantia: sed nego consequentiam: et causa est / quando non habemus aliqua
1258 335 2065 377 iudicia opposita. noticia enim intuitiua causat aliquod
1257 371 2062 412 iudicium: abstractiua vesto nullunsaltem de praesenti. hoc di¬
1257 411 2060 449 xerim: quia videtur quod sicut noticia intuitiua causat idi¬
1251 451 2068 494 cium de praesenti quod sortes sedet vel est albus: sic noticia quam
1255 486 2063 529 habeo de patre causat iudicium quod patr sedebat in tali se
1255 525 2062 569 de: vel vestitus erat tali tunica. Sed dices haditus iudi
1258 563 2069 600 cii quod causabatur a noticia intuitiua inclinat in tale iu¬
1257 602 2059 642 dicium de praeterito: sicut non est inconueniens habere noti
1260 636 2053 680 tiam actualem de aliquae obiecto: et speciem vel habitum dud eo
1251 674 2051 720 dem. et tamen species est actu imperfectior. ⁋ Ad alid nega
1251 714 2054 760 tur capiendo auctoritate pro assensu: quie per auctoritatem
1254 753 2053 797 prprie dictam habetur. Conceditur quod quis habet auctorita
1263 791 2053 837 te / hoc est podtonem authentici viricum conclusioe demo¬
1261 815 2054 874 stranta: ad ostedendum quod ille qui non pot habere demon
1254 864 2051 907 strationes / vtatur interdum auctoritatibus: vel vt suam do
1255 906 2060 948 ctrinam aliis conformem in multi ostendat. Et hoc facit
1257 941 2057 987 potissimum post argumenta dialectica: raro post de¬
1257 981 2062 1026 monstrationes. Qande autem demonstratio a auctoritas si
1266 1019 2057 1058 mul adducuntur: assensusscientificus causatur in intellectu
1260 1056 2051 1098 et auctoritas nullum assensum fidei causat. actus enim
1254 1092 2066 1139 actiuorum sunt in patiente disposito: secundo de anima. modo
1263 1125 2069 1173 anima tunc non est disposita suscipere fidem. Assensus autem
1260 1171 2057 1210 circa primissas non repugnant: quae sunt varie: assensus vo
1270 1207 2061 1255 onclusionis aduersantur cum est eadem. ue quis sciat vnam pro
1264 1245 2063 1293 positionem et credat aliam: non est dubium. Interdum cau
1264 1284 2069 1325 se repugnant et non effectus. vt albedo a nigredo re¬
1279 1323 2051 1363 ugnant: sed earum species sese compatiuntur. Secundo argmen
1269 1358 2056 1405 habeat sortes fidem istius: deus est: adducta demonstra
1254 1396 2066 1442 tione perit fides: ergo scientia corrumpit fidem. et per conse¬
1264 1435 2063 1474 quens periculose adducitur demonstratio ad conclu¬
1260 1473 2050 1513 sionem de qua habetur fides. Unde Eerson in primo libro
1270 1513 2077 1562 ractans quae veritates sunt credende de necessitate sa es
1261 1546 2054 1590 luti / dicit. Falsum / blasphemum et hereticum est asse¬
1258 1587 2063 1632 rere: quod de notis per experientiam: vel euidentibus per rationem
1267 1622 2048 1675 naturalem non sit fides etiam proprie dicta. hoc ipsum
1266 1660 2057 1706 dicit circa preceptum Non occides. et non intelligit
1273 1703 2054 1746 de fide infusa: cum sic dicat: sit exemplum de ista: trian¬
1267 1739 2060 1783 gulus habet tres angulos. Potest autem idem homo prius
1272 1772 2057 1824 patre certitudinem ex auctoritate dicent: quilem non oportet
1269 1823 2066 1858 eum dimittere habita postmodum certitudine altius
1263 1852 2056 1898 generis ex demonstratione vel experientia fundata
1266 1893 2060 1931 ⁋ Distinguo quod scientia corrumpit fidem: vel infusam et
1260 1930 2045 1974 si negatur: vel acquisitam: et sic conceditur. homo enim non minus
1266 1965 2063 2011 meretur sciendo (exponendo per quia quam credendo. quod patet
1261 2005 2065 2045 qui fides est actus intellectus sicut scia: ergo nihil meriti di¬
1260 2046 2048 2086 cit super actum elicitum: nisi sicut scientia vel aliusactus
1270 2081 2063 2127 imperatus. Et licet voluntas per suum actum concur
1266 2121 2069 2158 rat ad productionem fidei et non ad productionem scie:
1269 2157 2057 2197 tamen potest vtrumque velle eque meritorie: vt volo inqui¬
1270 2197 2050 2238 rere demonstrationem ad demonstrandam hanc: deus
1272 2232 2057 2274 est: paratus tamen credere firmiter vbi non inuenio
1269 2271 2051 2318 scientiam: tantum siquidem mereor vel forte magis quam so
1272 2309 2056 2349 lum credens. Illud autem dictum beati Eregorii in homilia:
1266 2347 2060 2393 fides non habet meritum: vbi humana ratio praibet expe¬
1272 2385 2054 2428 rimentum: intelligitur vbi homo non crederet nisi huma
1261 2422 2060 2463 nitus vinceretur ad credendum. Secus est in casu
1273 2460 2062 2501 laboriosi christiani conantis illa demonstrare. Ubi
1279 2501 2062 2550 vero est fortis ratio sophistica inclinans ad oppositum
1266 2537 2063 2579 actus credendi: ibi credere est magis meritorium: quia tunc
1275 2577 2056 2616 credere est difficilius: modo ars et virtus est circa dif
1279 2612 2060 2659 ficile: secundo Ethicorum. Et sic magis est meritorium
1263 2651 2065 2701 credere quod deus est vnus in essentia et trinus iuperso¬
