2333 3295
231 244 1025 289 ges repugnant: primogenitus succedit in toto: et nul¬
241 284 1021 331 lus primogenitus succedit in toto. Idem patet: quia mulier
239 330 1033 368 succedit in regno in Scotia et Castella: hoc autem re
245 361 1031 404 ferunt esse vetitum per legem Salicam in Francia. ⁋ Re
236 396 1016 443 spondetur: concedendo antecedens de duabus legibus positiuis si
238 435 1018 481 cut vtrumque condictoriorum contingentium stat in compossibil
232 477 1028 518 tate cum necessario vel aliquo contingenti impertinenti: et
237 507 1030 555 nego quod aliquae illarum legum sit contra rationem: concedo tamen quod quaelibet
237 550 1030 595 illarum legum habet aliquam rationem rectam: hoc est qualiet illarum le
237 596 1030 634 gum habet motiuum vel motiua pro se: nec potest per legem diui
241 618 1024 671 nam vel hum anam penitus reprobari: quod sufficit ad lege
241 670 1027 710 pure positiva. Pritani considerarunt quod si antiquorum
238 697 1013 743 dominiorum esset partitio in multos fares coheredes tande¬,
240 738 1025 779 vna magna domus corrueret: vt contingit de magno
238 773 1025 818 flumine secante Mabyloniam in plures partes diuiso:
244 812 1010 856 sufficit autem eis quod primogenitus sit stipes totius dom
237 850 1019 896 ad quem ceteri fres et eorum liberi habeant recursum: si¬
229 895 1013 933 cut in aliquibus locis Flandrie vltimo genito prima
225 924 1019 970 portio confertur: quia magis eget auxilii. alicubi locorum
234 967 1021 1007 dominia sunt maiora quam in Mritamnia: et pauciores
229 999 1016 1046 sunt liberi. quapropter non ita cito extinguitur domus
223 1044 1028 1087 sicut in aliis partibus. et dato quod ita frequens esset genera¬
229 1075 1013 1121 tio a equalia essent dominia: adhuc licita est lex de partici
227 1111 1025 1164 patione dominiorum reseruando primogenito potiorem partem:
226 1153 1012 1199 per hoc stabilietur cognomen: quia si primogenitus prodigo
225 1194 1015 1230 sua exponat reliqui suas partes prudenter conseruant: et
231 1225 1016 1272 sic sufficit quod pro vtraque lege sint rationes apparentes
235 1262 1023 1306 licet non concludentes cum voluntate supriorum vel suprio¬
234 1301 1022 1344 ris. ⁋ Ecce in materia problematica vtraque pars susti
226 1335 1025 1382 netur rationabilis cum pro vtraque sint rationes: et motiua in
226 1377 1019 1418 oppositum praesent rationabilitr dilui: et hoc sufficit ad mate
238 1411 1009 1459 riam problematicam. Sic est in propoosito de legibus positi
232 1453 1016 1496 uis oppositis. Eodem modo dicatur de viro a muliere
231 1489 1016 1535 succedentibus in regno. ⁋ Si petas vtra istarum le¬
234 1523 1023 1574 gum sit rationabilior. Non constat quae earum pius rationi innititur:
234 1567 1013 1607 forte quailiet opinantum suam partem rationabilior est putat
230 1602 1022 1642 sed sane illa est melior quaecunque fuerit quae pius equitati
231 1644 1019 1687 naturali appodiat. sile in istis positiuis legibus vi¬
225 1682 1018 1721 demus: vnus domins habens solas filias legitimas anne
233 1719 1010 1758 ctit dominium proximo de cognomine cum facultate re
231 1751 1015 1797 gia: sic quod lex conis de successione filie non obtinet
231 1795 1016 1834 locum. hoc est rationabile: quia non aufertur a filia dominium ha¬
234 1826 1016 1870 bitum: sed qua si habendum: si non obstitisset dispensatio
237 1862 1013 1909 ⁋ Quarto argister. lex ista in Francia quod alienigene quam¬
229 1906 1022 1949 tacumque bona fortune collegerit in Sallia no hanti li
230 1945 1015 1984 beros rex succedit in toto videtur repugnare legi di¬
232 1980 1016 2023 uine: quia si legi nature aduersetur legi diuie repu¬
222 2016 1012 2058 gnat Contra autem equitatem naturalem videtur: quod diues
226 2060 1015 2099 rex succedat i toto i laboribus iuste acquisitis a sorte
237 2089 1021 2132 impssore vel alio mechanico per improbu laborem ma¬
234 2131 1021 2174 nualem. ⁋ Non valet dicere: quis praet facile hatelitteras na
230 2170 1016 2212 turalitatis a rege: quas si quis non laborat acquirere: tunc
237 2200 1010 2246 ex sua negligentia proxie cognati vel agnati priuabum
238 2244 1016 2283 illis bonis: stat enim quod legem illam nesciat: nec tenetur il¬
232 2279 1010 2319 lam scire: et dato quod eam sciat non peccat non acquirendo
234 2320 1022 2363 ltras: modo nemo sine culpa sua est preuandus bonis suis
234 2354 1022 2396 etiam bona eius vix exuperant impensas quas oportet facere
226 2389 1013 2435 in illarum litterarum acquisitione: et nescit homo quandiu viuet: no
228 2431 1007 2478 mo enim est ita senex quin putat viuere per vnum annum v
228 2469 1004 2511 referunt) et ita habet iustam cam non acquirendilteras: ne liateri
233 2505 1010 2547 cquisit: nihil opum heat sibiipsi in fine. ⁋ Dices: ipse r
228 2542 1013 2592 pruatur suisrebus: sed solum proximus heres qui numquaerat domns
225 2589 1019 2626 illarumrerum: vt de filia domini contingit: cuius dominium anectitur co
234 2620 1022 2664 gnomin pus filiam genitam. ⁋ Non vestr esse idem: quia per hoc suffi
227 2654 1018 2718 cient prouidetur filie per mtrimonium vel alr: alioquin domins et
1089 239 1886 298 rex legem particularem constituentes peccant. modo hic prorio
1090 287 1889 332 heredi nihil datur. etiam est rationabilior causa pro manu
1089 327 1880 369 tenentia familie: quam mulier debet rationabiliter velle
1095 365 1885 403 modo respublica gallica potest satis bene manuteneri
1087 399 1878 444 sine bonis huius alienigene: et omnium illi similium
1092 438 1876 488 ⁋ Non valet dicere: opes congeste in hoc regno non
1089 479 1883 515 sunt auferende ab eo: sicut angli non sinunt mercato¬
1093 510 1877 555 res vendentes merces in anglia tolsere pecuniam
1102 543 1877 597 de patria. ⁋ hoc inquam non valem. ex illo enim sequitur
1090 588 1890 628 quod nullus potest capere peculium castrense vel quasi ca
1092 624 1892 664 strense: vel quocumque alio honesto officio cquisitum in
1089 668 1883 708 gallia extra regnum. quod est contra ius gentium. ⁋ Quod di
1099 701 1879 745 ces de anglis. dare inconueniens non est soluere. quia
1092 740 1877 783 pecunia est ipsius mercatoris: quare enim non potest
1099 777 1883 821 ipsam tollere et in suam patriam ferre. Ad hoc enim est in
1093 816 1883 859 uentum numisma. v. ethi. Etiam datur ei equalens pecu
1089 856 1878 895 nie: licet enim ei deferre merces anglie pro mereibus
1087 887 1887 932 ductis ad angliam: et illarum mercium numisma est me¬
1098 925 1876 978 dium. ⁋ Non est idem penitus de litris naturalitatis ante quam
1093 960 1880 1008 quis adipiscatur benficium: cum multi sint idonei in re¬
1092 1003 1877 1046 gno. congruum videtur stabilire legem communes pro beneficiandis
1095 1039 1870 1085 incolis regni: et voi opus est dispensatione contra illa¬
1083 1075 1882 1115 legem a superiore dispensabitur. ⁋ Si petas an ha¬
1093 1114 1871 1153 bentes bona diuitis defuncti clanculum praesent illa in
1098 1152 1878 1191 scio rege conferre proximo heredi. ⁋ Eadem est responsio
1080 1188 1870 1234 cum principali argumento. ⁋ Sed ahuc diceres: diues
1083 1224 1885 1270 toto tempore sue vite est domins rerum suarum et potest illas con
1092 1263 1870 1310 ferre in pios vsus vel heredibus naturalibus parum ve
1083 1302 1877 1352 nihil relinquendo heredi ditissimo scilicet christianissimo
1093 1337 1883 1385 regi: nec peccat. sicut peccat omnia bona prodige expo
1083 1379 1868 1420 nens nihil relinquendo liberis cum eos alere teneat
1093 1412 1874 1456 iure gentium: et patrum est theaurizare pro filiis. et non
1083 1456 1865 1495 econtra secundum apostolum. ⁋ hoc totum non obstat. sta
1087 1486 1877 1535 enim quod peste morbo ve repentino diues moriatur. hoc
1080 1530 1873 1572 statutum (sien lex est lex multum rigorosa: quam impsentia¬
1084 1564 1883 1608 rum nec reprobo nec approbo. ⁋ Quinto principaliter agrtu
1077 1600 1868 1651 iuste innocens scitus esse talis a iudice condemnatur quando pro
1092 1638 1871 1679 batur nocens per testes omni exceptione maiores: et tamen ta¬
1081 1678 1868 1719 lis lex conuenit iuri diuino a nature quod innocens sci¬
1087 1714 1862 1762 tus esse talis condemnetur ad mortem. exodi. xxiii. non susci
1092 1752 1864 1801 pies vocem mendacii: neque in iudicio plurimorum ac
1090 1798 1867 1831 quiesces sententie: vt a vitate deuies. innocete e i
1086 1824 1909 1869 stum non occides: et de re. iuris. ca. qui scan. vtilius scam at
1083 1865 1873 1915 dalum nasci permittitur quam veritas deseratur. Quod set da¬
1080 1899 1874 1948 re sententiam secundum allegata et probata patet. sffr de
1086 1946 1880 1986 offi. pre. l. illicitas. . i et xi q. iii. ca. summopere et iii
1079 1979 1873 2024 q. i. cap. iudicet. et patet extra de offi. iudi. ordi. cap. si
1089 2014 1873 2055 sacerdos. et ca. i. eiusdem rubrice. ⁋ Ista quaestio est sab¬
1089 2052 1870 2094 batina et brocardica. Et pro parte positiua viden
1079 2094 1874 2139 tur aliquae leges: et aliquae pro parte opposita. et antiqui con¬
1080 2128 1877 2176 mentatores legum et canonum in hac parte tenuerunt
1083 2165 1874 2215 contraria. vtraque pars opinione mea est probabilis Pri
1093 2200 1869 2242 mo teneamus quod iudex debet iudicare secundum allegata
1080 2239 1866 2286 et probata. patet per leges et canones inductas a multo
1083 2276 1902 2324 plures adduci possunt. sed iste sufficiunt. nam si non tel.¬
1086 2315 1901 2359 neretur iudex concludere secundum allegata et probata vbi ar
1090 2359 1862 2397 non potest refellere testes datur modus eneruandi leges
1090 2393 1859 2436 quod est inconueniens. quacumque enim depositione testium
1090 2429 1867 2472 irrefragabilium admissa posset iudex dicere scio op
1083 2463 1871 2513 positum esse verum. scio istum esse innocentem. et sic erit ter
1086 2503 1865 2550 giuersatio in lege: nec dabitur sententia iusta a iud,
1083 2542 1861 2591 ce. ⁋ Insuper arguitur ad idem. videns aliquem se peierare in
1092 2571 1882 2629 publico non decibet eum publice impeditur: quia diffamaret frerum
1084 2610 1873 2656 secundum beatu Aug. et esset proditor criminis occulti:
1083 2656 1873 2706 ergo iudeux pot cuilibet dicere in aute quod non de¬
