2337 3300
221 243 999 303 condite a sapientibus nisi osendatur in lumine natural
226 292 1003 336 vel in iure pontificio vel ex constitutione patrie non ha
219 334 1004 373 bere locum. Lex enim diuina hanc praeminentiam habet super ce¬
222 370 1003 413 teras leges quod nihil falsitatis in eo continetur nec suspe¬
220 398 991 449 ctiones de falso in sensu intellectum a spiritu sancto secundu
222 440 1003 485 illud psalmiste psal. xviii. Lex domini immaculata: eloquia
213 471 1002 521 domini eloquia casta: argentum igne examinatum terre pur-
213 511 991 565 gatum septuplum. psal. xi. et ignitum eloquium tuum vehemen
219 549 1000 596 ter. psalmo. xxviii. ⁋ Septimo principaliter arguitur
227 584 997 631 secundum leges emens agros in quibus est thesaurus ab¬
217 624 1003 678 sconditus potest totum tenere sibiipsi. vt patet per pa
214 664 997 706 rabolam saluatoris matthei. xiii. e tamen hoc est contra
213 694 997 741 equitatem naturalem: cum capit alienum inuito domino nul¬
206 731 994 776 lo dato precio. ⁋ Respondetur quod thesaurus proprie es
207 779 1006 817 res mobilis abscodita ab ignotis dominis tempore vetustiori
214 812 1001 859 hoc patet. le. vnica. c. de thesau. secus si esset pecunia
217 845 1001 894 murata. iam proprie non vocatur thesaurus. Et ad for
208 886 1000 929 mam argumenti concedo quod aliquis licite potest emere
219 920 997 970 agrum vt habeat thesaurum: secundum parabolam saluatoris
213 954 1000 1009 matthei. xiii. ratio: nullus erat duns illius thesauri: li
213 997 997 1040 cetillius thesauri aliquis erat domins. prior pars quae nostro
225 1031 1000 1081 instituto sufficit patet. l. nunquam. c. thesaurus. ster. de acqi.
224 1065 1001 1118 rerum. do. modo regula generalis est quod in nullius potestate
216 1101 997 1153 est id occubanti conceditur iusti. de re diui de rere igitur bo
207 1147 1003 1191 stie. intentio ementis est emere illos agros: et cum thesau
222 1177 996 1224 rus non est in possessione domini qui possederat: agrum de
220 1218 997 1264 iure naturali capit thesaurum. nec tenetur aliquid redde
216 1262 1004 1300 re antiquo domino. ⁋ Sed contra istud arguitur iusti. de re.
226 1289 998 1336 diui. o. thesauros dicit diuus iustinianus. si quis in alie
223 1333 1000 1374 no loco non data ad hoc opera: sed fortuito casu inue
222 1361 991 1411 nerit: dimidium domino soli concessit diuus Adrianus. et di
222 1399 1001 1451 midium inuentori. vbi accursius in glosa non data ad hoc
225 1436 1005 1483 opera alias totum reddere domino teneretur. ⁋ Responde¬
225 1476 991 1522 tur. imperator non est contra nostram solutionem: immo ex
222 1511 998 1562 presse pro nobis thesauros quos quis in loco suo in¬
222 1550 1000 1595 uenerit diuus Adrianus naturalem equitatem secutus
216 1587 998 1632 eis concessit qui eos inuenerint. modo iste inuenit the¬
217 1625 992 1669 saurum in loco proprio. ⁋ Dctauo arguitur. si alluuio pat
223 1662 998 1708 latim de agris meis raserit longa intercapedine ten¬
225 1701 1006 1749 poris nihil mihi soli relinquit et secundum iura perdo dominium
224 1728 998 1779 meorum agrorum in illo casu: no modo per ius ciuile: sed per
224 1771 995 1819 ius gentiu. vt patet de insti. de re diui. ot. quod per alluuio¬
220 1814 1001 1856 nem. sed istud est contra equitatem naturalem inuito domino
219 1846 994 1891 tollere mea. ⁋ Respondetur negando quod illa lex sit iniqua
219 1881 994 1934 poterant ponere impedimentum resistendo aque: et si non
231 1921 998 1968 ponatur mee negligentie imputabitur. Et quia occul¬
222 1955 997 2005 ta est ablatio a flumine congruum est propter certitudi¬
215 1992 995 2039 nem dominiorum quod ager meus ablatus accrescat dominio v
228 2038 985 2077 cini. alioquin essent iurgia in partitione dominiorum. sed
220 2068 995 2112 est vbi vis fluminis aliquam partem de praedio meo era¬
216 2105 997 2151 serit: et vicino predio appulerit adhuc praedium ma¬
216 2143 1006 2192 net meum: et arbores eiusdem si non egerint radices in fun
216 2187 1001 2226 do vicini. ⁋ Nono arguitur. aliqua est lex humana
213 2224 994 2261 capiens bona in naufragio: et illa obuiat equitati na¬
213 2254 1010 2299 turali: quia afflicto non est danda afflictio. Quod talis sit
216 2289 1006 2335 lex experimento nouerunt naufragi in occeano bri¬
222 2325 1007 2372 tannico (et vt referunt) gallico: domini vicini certant an illa
213 2363 1006 2413 bona spectant ad eos vel ad regem. ⁋ Respondetur illa
216 2401 1006 2444 est lex iniqua: et non lex contra equitatem naturalem / fide¬
216 2439 997 2485 les mercatores laborantes pro republica et seipsis
204 2476 1007 2521 afflictos iactur a rerum suarum spoliare eorum bonis. Et
216 2514 1000 2557 iam dato quod eiiciantur causa nauis alleuiande. hoc patet
213 2559 994 2595 st. ad lrho. de Iac. l. que alleuiandi. et hoc est verum
213 2581 998 2633 nisi haberentur pro derelictis. et hoc potest constare ex quam
220 2630 1003 2673 titate rei: vel quia nemo inquirit: nec tales res possunt
219 2665 1004 2716 vsucapi: quia in eis deficit titulus pro derelicto. vt in
1073 239 1856 288 l. si quis merces. ster. pro derelicto. Sed quis aliquid re¬
1077 286 1849 332 periens post crebram procl: mationem quis est verus
1069 332 1844 367 domens potest dare pauperibus: et si ipse sit pauper po¬
1065 363 1841 406 test sibiipsi applicare. ⁋ Decimo arguitur. de iure na¬
1067 396 1849 443 turali est quod nullius est id occupanti concedatur: ergo
1069 436 1847 475 meuius capiens feram letaliter vulneratam a titio ef¬
1071 470 1841 514 ficitur domeins illius fere: sed hoc est inconueniens: quia titius
1074 513 1837 549 erat causa captionis illius fere. immo hac via tenebo
1071 544 1846 591 feram captam rete tuo: et in agro tuo teprohibente:
1068 590 1841 631 quod videtur inconueniens. ⁋ Respondetur: conceden¬
1065 625 1838 660 do quod meuius est domins fere capte. istud patet in insti. de
1065 662 1847 701 re. diui. o. illud quesitum est. illud quesitum est an si fe
1067 691 1853 741 ra bestia ita vulnerata sit vt capi posset / statim tua
1068 738 1837 775 esse intelligatur: et quibusdam placuit statim esse tuam¬
1071 774 1849 813 eo vsque tuam videri donec eam prsequeris: si desinas
1064 804 1844 847 persequi: desinere esse tuam: et rursus fieri occupantis.
1068 843 1853 883 Alii putauerunt non aliter tuam esse quam si ceperis: sed
1068 876 1852 927 posteriorem sententiam nos confirmamus: quia multa
1068 918 1849 961 accidere solent vt eam non capias: a hoc clarum est.
1071 959 1849 996 etiam capiens feram in laqueo tuo efficitur illius do¬
1066 989 1843 1034 minus. l si in laqueum. ster. de acqui. re. do. et hoc est verum
1071 1029 1843 1072 de fera siue in agro meo siue in alieno. efficior domi¬
1074 1059 1845 1107 nus apum de nouo venientum in ortum tuum: sicut in
1067 1100 1844 1147 ortum meum: et auium repertarum in orto tuo sicut in med
1065 1136 1853 1181 etiam dato quod prohibeas mihi ingressum in ortum tuum.
1065 1176 1844 1215 Oppositum tamen tenet glo. et allegat. o. plane ru. de qua
1062 1213 1847 1255 loquimur. sed on. ille non est pro eo bene dicit ille. ot. si
1080 1252 1855 1294 preuideris ingredientem fundum poteris eum pro¬
1078 1291 1847 1333 bibere iure ne ingrediatur. sed nihil dicit an capiens
1075 1332 1843 1369 ipsam sit dominus rei. Et istud etiam probatur. ster. de
1070 1357 1844 1400 acqui. re. do. et in ea. ru. apum a per glosam in. l diuus.
1072 1397 1850 1437 sitr. de ser. rusti. praedi. sed capiens tenebitur actione in¬
1074 1432 1843 1474 luriarum. Coquor hic de fera que in nullius potestate
1068 1476 1841 1513 est: non loquor de cuniculis et feris inclusis in cunicu¬
1065 1504 1849 1552 lario tuo vt in stouhal a tunyngam: fere ille sunt do
1068 1547 1853 1586 mini loci cum ab eo includantur et ire et redire solent.
1071 1584 1855 1624 secus est de domesticis bestiis quam manent prioris do¬
1066 1619 1856 1663 mini. dato quod conspectum eius aufugerint: et difficilis
1078 1657 1847 1698 it earum prosecutio. ⁋ Ex isto patet quod missilia iacta in
1066 1697 1847 1739 vulgus primi occupatis fiunt: et peccat capiens a pri¬
1074 1731 1849 1773 mo capiente inuite. sed si fortior prosternet debiliorem
1077 1767 1856 1809 ante acquisitionem male quidem agit: sed efficitur do¬
1068 1805 1234 1853 minus rei.
1401 1861 1607 1936 eInas.
1077 1942 1856 2009 ⁋ Impressum est rursum hoc opus Pari¬
1066 2004 1859 2059 siis sub recognitione et impensis Iodoci
1076 2050 1862 2106 Sadii Ascensii ad Idus Octobris Anni
1071 2097 1795 2158 redemptionis humane. M. D. e e x.
1360 2174 1579 2247 Deo gratie.
