<?xml version="1.0" encoding="UTF-8" standalone="yes"?>
<PcGts xmlns="http://schema.primaresearch.org/PAGE/gts/pagecontent/2013-07-15" xmlns:xsi="http://www.w3.org/2001/XMLSchema-instance" xsi:schemaLocation="http://schema.primaresearch.org/PAGE/gts/pagecontent/2013-07-15 http://schema.primaresearch.org/PAGE/gts/pagecontent/2013-07-15/pagecontent.xsd">
    <Metadata>
        <Creator>prov=University of Rostock/Institute of Mathematics/CITlab|PLANET AI GmbH/Gundram Leifert/gundram.leifert@planet-ai.de:name=cod-jmUUUK-m6(htr_id=25403)::::v=2.6.6
prov=University of Rostock/Institute of Mathematics/CITlab|PLANET AI GmbH/Tobias Gruening/tobias.gruening@planet-ai.de:name=de.uros.citlab.module.baseline2polygon.B2PSeamMultiOriented:v=2.6.6
prov=University of Rostock/Institute of Mathematics/CITlab|PLANET AI GmbH/Tobias Gruening/tobias.gruening@planet-ai.de:name=/net_tf/LA73_249_0mod360.pb:de.uros.citlab.segmentation.CITlab_LA_ML:v=2.6.6
Transkribus</Creator>
        <Created>2020-06-18T16:55:26.614+02:00</Created>
        <LastChange>2020-07-28T03:36:46.842+02:00</LastChange>
        <TranskribusMetadata docId="415252" pageId="16480817" pageNr="41" tsid="35513723" status="IN_PROGRESS" userId="25065" imgUrl="https://files.transkribus.eu/Get?id=WTDOTTIKHHTLLXISKXYEANEE&amp;fileType=view" xmlUrl="https://files.transkribus.eu/Get?id=JEUDMHYQQRNMJUOZRNERONPP" imageId="12274627"/>
    </Metadata>
    <Page imageFilename="40.jpg" imageWidth="2418" imageHeight="3307">
        <ReadingOrder>
            <OrderedGroup id="ro_1595939694591" caption="Regions reading order">
                <RegionRefIndexed index="0" regionRef="TextRegion_1595189720558_28"/>
                <RegionRefIndexed index="1" regionRef="TextRegion_1595189713038_20"/>
            </OrderedGroup>
        </ReadingOrder>
        <TextRegion orientation="0.0" id="TextRegion_1595189720558_28" custom="readingOrder {index:0;}">
            <Coords points="317,234 1128,234 1128,2707 317,2707"/>
            <TextLine id="r1l7" custom="readingOrder {index:0;}">
                <Coords points="324,291 1107,292 1126,240 780,224 590,259 403,238 324,256"/>
                <Baseline points="329,284 368,284 408,282 447,282 487,281 527,281 566,281 606,282 645,282 685,282 725,282 764,284 804,284 843,284 883,284 923,284 962,284 1002,284 1041,282 1081,281 1121,281"/>
                <TextEquiv>
                    <Unicode>⁋ Nono arguitur Paulus in raptu non amisit fidem: et tamen habu</Unicode>
                </TextEquiv>
            </TextLine>
            <TextLine id="r1l9" custom="readingOrder {index:1;}">
                <Coords points="318,333 977,334 1117,326 1117,290 318,296"/>
                <Baseline points="323,323 362,322 401,321 441,320 480,320 520,319 559,318 599,318 638,320 678,320 717,320 756,320 796,320 835,320 875,320 914,320 954,320 993,320 1033,320 1072,318 1112,317"/>
                <TextEquiv>
                    <Unicode>it claram visione dei. Insuper non est necesse quod beatus cla</Unicode>
                </TextEquiv>
            </TextLine>
            <TextLine id="r1l11" custom="readingOrder {index:2;}">
                <Coords points="318,364 1114,364 1114,333 1029,324 318,333"/>
                <Baseline points="323,360 362,359 401,359 440,357 480,357 519,356 558,356 598,356 637,356 676,356 716,356 755,357 794,357 833,357 873,357 912,357 951,357 991,357 1030,357 1069,356 1109,356"/>
                <TextEquiv>
                    <Unicode>re cognoscat omnia de quibus habet fidem in via: non</Unicode>
                </TextEquiv>
            </TextLine>
            <TextLine id="r1l13" custom="readingOrder {index:3;}">
                <Coords points="334,404 1123,407 1123,370 1082,359 334,367"/>
                <Baseline points="339,396 380,395 421,395 462,393 503,393 544,393 585,393 626,393 667,393 708,395 749,395 790,395 831,395 872,395 913,395 954,395 995,395 1036,393 1077,393 1118,392"/>
                <TextEquiv>
                    <Unicode>enim est necesse intueri hierusalem vel Iordanem fluuium:</Unicode>
                </TextEquiv>
            </TextLine>
            <TextLine id="r1l15" custom="readingOrder {index:4;}">
                <Coords points="327,439 1073,438 1112,435 1112,409 327,410"/>
                <Baseline points="332,434 370,432 409,432 448,432 487,431 525,431 564,431 603,431 642,431 680,431 719,431 758,431 797,431 835,431 874,431 913,431 952,431 990,431 1029,431 1068,431 1107,431"/>
                <TextEquiv>
                    <Unicode>ergo fides manet in patria. ⁋ Ad hoc dicitur quod non ha¬</Unicode>
                </TextEquiv>
            </TextLine>
            <TextLine id="r1l17" custom="readingOrder {index:5;}">
                <Coords points="324,481 1109,476 1110,434 325,438"/>
                <Baseline points="329,471 367,468 406,468 445,467 484,466 522,465 561,465 600,465 639,467 677,467 716,467 755,468 794,468 832,468 871,468 910,470 949,468 987,468 1026,468 1065,467 1104,465"/>
                <TextEquiv>
                    <Unicode>buit fidei actum circa illud circa quod habuit elaram visio¬</Unicode>
                </TextEquiv>
            </TextLine>
            <TextLine id="r1l19" custom="readingOrder {index:6;}">
                <Coords points="327,518 1079,518 1108,512 1108,475 327,482"/>
                <Baseline points="332,506 370,506 409,506 447,504 486,504 524,504 563,504 601,504 640,506 678,506 717,506 756,506 794,507 833,507 871,507 910,507 948,507 987,507 1025,507 1064,506 1103,506"/>
                <TextEquiv>
                    <Unicode>nem tunc: bene autem posteam. Ad secundum respondetur in</Unicode>
                </TextEquiv>
            </TextLine>
            <TextLine id="r1l21" custom="readingOrder {index:7;}">
                <Coords points="327,553 1052,558 1118,550 1118,517 327,520"/>
                <Baseline points="332,545 371,545 410,543 449,543 488,543 527,543 566,543 605,543 644,543 683,543 722,543 761,543 800,543 839,543 878,543 917,543 956,543 995,543 1034,543 1073,543 1113,543"/>
                <TextEquiv>
                    <Unicode>tertio. ⁋ Decimo arguitur per illud Joan. xx. quia vi¬</Unicode>
                </TextEquiv>
            </TextLine>
            <TextLine id="r1l23" custom="readingOrder {index:8;}">
                <Coords points="330,591 1083,593 1111,588 1111,545 330,551"/>
                <Baseline points="335,581 373,581 412,579 450,579 489,579 527,579 566,579 604,579 643,579 681,579 720,579 759,581 797,581 836,581 874,581 913,581 951,581 990,581 1028,581 1067,579 1106,579"/>
                <TextEquiv>
                    <Unicode>disti me Thoma credidisti. thomas habuit fidem de</Unicode>
                </TextEquiv>
            </TextLine>
            <TextLine id="r1l25" custom="readingOrder {index:9;}">
                <Coords points="324,630 1077,627 1105,623 1105,586 324,593"/>
                <Baseline points="329,620 367,618 406,618 444,618 483,617 521,617 560,617 598,617 637,617 675,617 714,617 753,617 791,617 830,617 868,618 907,618 945,618 984,618 1022,618 1061,617 1100,617"/>
                <TextEquiv>
                    <Unicode>⁋ Christo a eum tetigit. Sed et bene dices. sicut dicit bea¬</Unicode>
                </TextEquiv>
            </TextLine>
            <TextLine id="r1l27" custom="readingOrder {index:10;}">
                <Coords points="324,667 1072,665 1103,661 1103,622 324,629"/>
                <Baseline points="329,654 367,654 405,654 444,653 482,653 521,653 559,653 598,653 636,653 675,653 713,653 751,654 790,654 828,654 867,654 905,654 944,654 982,654 1021,654 1059,654 1098,654"/>
                <TextEquiv>
                    <Unicode>tus Sregorius in quadam homilia paschali: quod vnum vi</Unicode>
                </TextEquiv>
            </TextLine>
            <TextLine id="r1l29" custom="readingOrder {index:11;}">
                <Coords points="319,697 1074,705 1099,660 319,671"/>
                <Baseline points="324,690 362,690 401,690 439,690 478,690 516,690 555,690 593,690 632,690 670,690 709,690 747,690 786,690 824,690 863,690 901,690 940,690 978,690 1017,690 1055,689 1094,689"/>
                <TextEquiv>
                    <Unicode>dit: et aliud credidit. Contra Christus. Ioan. xx. magit</Unicode>
                </TextEquiv>
            </TextLine>
            <TextLine id="r1l31" custom="readingOrder {index:12;}">
                <Coords points="330,735 1064,740 1117,734 1117,694 330,699"/>
                <Baseline points="335,726 373,726 412,726 451,725 490,725 529,726 568,726 606,726 645,726 684,727 723,728 762,728 801,728 840,728 878,728 917,728 956,728 995,728 1034,726 1073,725 1112,723"/>
                <TextEquiv>
                    <Unicode>laudat fidem illorum qui non viderunt et crediderunt</Unicode>
                </TextEquiv>
            </TextLine>
            <TextLine id="r1l33" custom="readingOrder {index:13;}">
                <Coords points="327,772 1111,777 1111,739 1078,734 327,735"/>
                <Baseline points="332,767 370,765 409,765 448,765 486,765 525,764 564,764 602,764 641,764 680,764 719,765 757,765 796,765 835,765 873,765 912,765 951,765 989,765 1028,765 1067,764 1106,764"/>
                <TextEquiv>
                    <Unicode>quam fidem Thome. Id idem batuns Petrus in canonica</Unicode>
                </TextEquiv>
            </TextLine>
            <TextLine id="r1l35" custom="readingOrder {index:14;}">
                <Coords points="318,818 1106,804 1106,776 1047,767 318,771"/>
                <Baseline points="323,806 361,804 400,803 439,801 478,801 517,800 556,800 595,801 634,801 673,801 712,803 750,803 789,803 828,804 867,804 906,804 945,803 984,803 1023,801 1062,800 1101,798"/>
                <TextEquiv>
                    <Unicode>prime Petri. i. et hoc non esset si fides esset cis solum la¬</Unicode>
                </TextEquiv>
            </TextLine>
            <TextLine id="r1l37" custom="readingOrder {index:15;}">
                <Coords points="318,852 1094,851 1114,806 318,818"/>
                <Baseline points="323,840 362,840 401,840 440,839 480,839 519,839 558,839 598,839 637,840 676,840 716,840 755,840 794,840 833,840 873,840 912,840 951,840 991,840 1030,839 1069,839 1109,839"/>
                <TextEquiv>
                    <Unicode>tens sicut nobis. Preterea apostoli viderunt Christum</Unicode>
                </TextEquiv>
            </TextLine>
            <TextLine id="r1l39" custom="readingOrder {index:16;}">
                <Coords points="318,889 1099,890 1099,851 990,842 318,852"/>
                <Baseline points="323,879 361,878 400,877 438,876 477,876 515,875 554,875 592,875 631,875 669,875 708,875 747,875 785,875 824,876 862,876 901,876 939,876 978,876 1016,876 1055,876 1094,876"/>
                <TextEquiv>
                    <Unicode>pati: et Christum ascendentem: et beata virgo sciebat quod</Unicode>
                </TextEquiv>
            </TextLine>
            <TextLine id="r1l41" custom="readingOrder {index:17;}">
                <Coords points="322,925 1099,921 1083,883 966,877 322,890"/>
                <Baseline points="327,915 365,914 403,914 442,914 480,912 518,912 557,912 595,912 633,912 672,914 710,914 748,914 787,914 825,914 863,914 902,914 940,914 978,914 1017,913 1055,912 1094,911"/>
                <TextEquiv>
                    <Unicode>non conceperat virili semine: sed de sspiritu sancto: et ta</Unicode>
                </TextEquiv>
            </TextLine>
            <TextLine id="r1l43" custom="readingOrder {index:18;}">
                <Coords points="319,961 1112,961 1112,920 319,925"/>
                <Baseline points="324,951 363,951 402,950 441,950 480,950 519,950 558,950 598,950 637,950 676,950 715,950 754,951 793,951 832,951 872,951 911,951 950,951 989,951 1028,951 1067,950 1107,948"/>
                <TextEquiv>
                    <Unicode>men ipsa nihil fidei amisit. igitur. Et prime Jo. i. dici</Unicode>
                </TextEquiv>
            </TextLine>
            <TextLine id="r1l45" custom="readingOrder {index:19;}">
                <Coords points="319,996 986,1002 1102,992 1103,958 320,961"/>
                <Baseline points="324,987 362,986 401,986 439,986 478,986 517,986 555,986 594,986 633,987 671,987 710,987 749,987 787,987 826,987 865,989 903,989 942,989 981,987 1019,987 1058,987 1097,986"/>
                <TextEquiv>
                    <Unicode>tur quod vidimus et audiuimus et perspeximus et ma</Unicode>
                </TextEquiv>
            </TextLine>
            <TextLine id="r1l47" custom="readingOrder {index:20;}">
                <Coords points="324,1039 953,1043 1109,1029 1109,994 324,998"/>
                <Baseline points="329,1023 367,1023 406,1023 445,1023 484,1023 522,1023 561,1023 600,1023 639,1023 677,1025 716,1025 755,1025 794,1025 832,1025 871,1025 910,1025 949,1025 987,1025 1026,1023 1065,1023 1104,1022"/>
                <TextEquiv>
                    <Unicode>nus nostre contrectauerunt de verbo vite. Purior autem</Unicode>
                </TextEquiv>
            </TextLine>
            <TextLine id="r1l49" custom="readingOrder {index:21;}">
                <Coords points="328,1068 1057,1074 1115,1067 1115,1028 328,1035"/>
                <Baseline points="333,1059 371,1059 410,1060 449,1061 488,1061 527,1061 566,1061 604,1061 643,1061 682,1061 721,1062 760,1062 799,1062 838,1062 876,1062 915,1062 954,1062 993,1062 1032,1061 1071,1061 1110,1061"/>
                <TextEquiv>
                    <Unicode>est fides ceteris paribus omnino latens quam vbi est ali</Unicode>
                </TextEquiv>
            </TextLine>
            <TextLine id="r1l51" custom="readingOrder {index:22;}">
                <Coords points="324,1109 1055,1112 1108,1107 1108,1067 324,1073"/>
                <Baseline points="329,1098 367,1098 406,1098 445,1098 483,1098 522,1098 561,1098 599,1098 638,1098 677,1098 716,1098 754,1098 793,1098 832,1098 870,1098 909,1098 948,1098 986,1098 1025,1098 1064,1097 1103,1097"/>
                <TextEquiv>
                    <Unicode>quid disponens ad credendum. ⁋ Ad omnes istas auctori</Unicode>
                </TextEquiv>
            </TextLine>
            <TextLine id="r1l53" custom="readingOrder {index:23;}">
                <Coords points="327,1142 1081,1148 1115,1140 1115,1105 327,1108"/>
                <Baseline points="332,1136 370,1135 409,1134 448,1134 487,1134 526,1133 565,1133 604,1133 643,1134 682,1134 721,1134 759,1134 798,1134 837,1134 876,1134 915,1136 954,1136 993,1136 1032,1134 1071,1134 1110,1134"/>
                <TextEquiv>
                    <Unicode>tates dicitur: quod erat de fide solum quod Christus patitur / quod chri</Unicode>
                </TextEquiv>
            </TextLine>
            <TextLine id="r1l55" custom="readingOrder {index:24;}">
                <Coords points="330,1181 1109,1178 1101,1141 330,1142"/>
                <Baseline points="335,1173 373,1172 411,1172 450,1172 488,1172 527,1172 565,1172 604,1172 642,1172 681,1172 719,1172 757,1172 796,1172 834,1173 873,1173 911,1172 950,1172 988,1172 1027,1172 1065,1172 1104,1172"/>
                <TextEquiv>
                    <Unicode>stus est deus: nec hoc euidenter cognouerunt apostoli:</Unicode>
                </TextEquiv>
            </TextLine>
            <TextLine id="r1l57" custom="readingOrder {index:25;}">
                <Coords points="312,1210 1109,1221 1101,1176 312,1179"/>
                <Baseline points="317,1209 356,1209 395,1208 435,1208 474,1208 513,1208 553,1208 592,1208 631,1208 671,1209 710,1209 749,1209 789,1209 828,1209 867,1209 907,1209 946,1209 985,1209 1025,1209 1064,1209 1104,1208"/>
                <TextEquiv>
                    <Unicode>bene tamen euidenter cognouerunt quod hec humanitas</Unicode>
                </TextEquiv>
            </TextLine>
            <TextLine id="r1l59" custom="readingOrder {index:26;}">
                <Coords points="312,1260 1077,1258 1102,1251 1102,1215 312,1225"/>
                <Baseline points="317,1247 356,1245 395,1245 434,1245 473,1245 512,1245 551,1245 590,1247 629,1247 668,1247 707,1247 746,1247 785,1247 824,1248 863,1248 902,1248 941,1248 980,1247 1019,1247 1058,1247 1097,1245"/>
                <TextEquiv>
                    <Unicode>patitur: et eis non fuit assensus fidei stante visione: be</Unicode>
                </TextEquiv>
            </TextLine>
            <TextLine id="r1l61" custom="readingOrder {index:27;}">
                <Coords points="327,1295 1034,1298 1105,1286 1105,1253 327,1261"/>
                <Baseline points="332,1283 370,1283 408,1283 447,1283 485,1283 524,1283 562,1283 600,1283 639,1283 677,1283 716,1284 754,1284 792,1284 831,1284 869,1284 908,1284 946,1284 984,1284 1023,1283 1061,1283 1100,1283"/>
                <TextEquiv>
                    <Unicode>ne tamen habebant fidem infusam. Nos autem de vno habe¬</Unicode>
                </TextEquiv>
            </TextLine>
            <TextLine id="r1l63" custom="readingOrder {index:28;}">
                <Coords points="315,1330 1085,1332 1105,1286 315,1294"/>
                <Baseline points="320,1320 359,1320 398,1320 437,1320 476,1320 515,1320 554,1320 593,1320 632,1320 671,1320 710,1320 749,1320 788,1320 827,1320 866,1322 905,1322 944,1322 983,1322 1022,1321 1061,1320 1100,1320"/>
                <TextEquiv>
                    <Unicode>mus fidem de quo ipsi non habuerunt. vnde haec fuit eis</Unicode>
                </TextEquiv>
            </TextLine>
            <TextLine id="r1l65" custom="readingOrder {index:29;}">
                <Coords points="316,1370 1087,1368 1109,1326 316,1333"/>
                <Baseline points="321,1359 360,1358 399,1356 438,1356 477,1356 516,1355 555,1355 595,1355 634,1356 673,1356 712,1356 751,1356 790,1356 829,1358 869,1358 908,1358 947,1358 986,1358 1025,1358 1064,1358 1104,1358"/>
                <TextEquiv>
                    <Unicode>de fide: Christus resuscitauit filium vidue: licet vide-</Unicode>
                </TextEquiv>
            </TextLine>
            <TextLine id="r1l67" custom="readingOrder {index:30;}">
                <Coords points="318,1405 1099,1410 1099,1363 318,1371"/>
                <Baseline points="323,1395 361,1395 400,1395 438,1395 477,1395 515,1394 554,1394 592,1394 631,1395 669,1395 708,1395 747,1395 785,1395 824,1395 862,1395 901,1395 939,1395 978,1395 1016,1395 1055,1395 1094,1395"/>
                <TextEquiv>
                    <Unicode>rint filium vidue resuscitatum. ⁋ Undecimo arguitur. quo</Unicode>
                </TextEquiv>
            </TextLine>
            <TextLine id="r1l69" custom="readingOrder {index:31;}">
                <Coords points="321,1441 1103,1435 1103,1408 1063,1398 321,1405"/>
                <Baseline points="326,1434 364,1433 403,1432 441,1431 480,1431 519,1431 557,1431 596,1430 634,1430 673,1430 712,1430 750,1430 789,1430 827,1431 866,1431 905,1431 943,1431 982,1431 1020,1431 1059,1431 1098,1431"/>
                <TextEquiv>
                    <Unicode>dari possint in patria due dilectiones dei specie distin¬</Unicode>
                </TextEquiv>
            </TextLine>
            <TextLine id="r1l71" custom="readingOrder {index:32;}">
                <Coords points="321,1480 1111,1481 1111,1435 321,1440"/>
                <Baseline points="326,1470 365,1470 404,1469 443,1469 482,1469 521,1469 560,1469 599,1469 638,1469 677,1469 716,1469 755,1469 794,1469 833,1469 872,1469 911,1469 950,1469 989,1469 1028,1470 1067,1470 1106,1470"/>
                <TextEquiv>
                    <Unicode>cte. patet: quia habitus diligendi deum in via non corrum</Unicode>
                </TextEquiv>
            </TextLine>
            <TextLine id="r1l73" custom="readingOrder {index:33;}">
                <Coords points="318,1519 1111,1514 1111,1481 1064,1473 318,1480"/>
                <Baseline points="323,1506 362,1506 401,1506 440,1506 479,1506 518,1505 557,1505 597,1505 636,1505 675,1505 714,1505 753,1505 792,1505 831,1506 871,1506 910,1506 949,1506 988,1506 1027,1506 1066,1505 1106,1505"/>
                <TextEquiv>
                    <Unicode>petur in patria: nec augebitur ab actum beatifico: cum</Unicode>
                </TextEquiv>
            </TextLine>
            <TextLine id="r1l75" custom="readingOrder {index:34;}">
                <Coords points="327,1554 1032,1560 1105,1549 1105,1514 327,1523"/>
                <Baseline points="332,1545 370,1545 408,1544 447,1542 485,1542 524,1541 562,1541 600,1541 639,1541 677,1541 716,1541 754,1541 792,1541 831,1541 869,1542 908,1542 946,1542 984,1542 1023,1542 1061,1542 1100,1542"/>
                <TextEquiv>
                    <Unicode>mpecie differant. Similiter sequeretur quod scientia propter</Unicode>
                </TextEquiv>
            </TextLine>
            <TextLine id="r1l77" custom="readingOrder {index:35;}">
                <Coords points="327,1594 1100,1594 1112,1550 327,1555"/>
                <Baseline points="332,1581 370,1581 409,1580 448,1580 487,1579 525,1578 564,1578 603,1578 642,1578 680,1578 719,1578 758,1578 797,1578 835,1578 874,1578 913,1578 952,1578 990,1578 1029,1578 1068,1578 1107,1578"/>
                <TextEquiv>
                    <Unicode>quid corrumperet scientiam quia est / circa idem obiectum:</Unicode>
                </TextEquiv>
            </TextLine>
            <TextLine id="r1l79" custom="readingOrder {index:36;}">
                <Coords points="328,1624 1109,1629 1109,1593 1081,1588 328,1594"/>
                <Baseline points="333,1617 371,1617 410,1616 448,1616 487,1614 525,1614 564,1614 602,1614 641,1614 679,1614 718,1614 757,1614 795,1614 834,1614 872,1615 911,1616 949,1616 988,1616 1026,1616 1065,1616 1104,1616"/>
                <TextEquiv>
                    <Unicode>cum sit lumen clarius. ⁋ Ad vndecimum potest conce¬</Unicode>
                </TextEquiv>
            </TextLine>
            <TextLine id="r1l81" custom="readingOrder {index:37;}">
                <Coords points="324,1665 1106,1663 1106,1628 1065,1620 324,1628"/>
                <Baseline points="329,1653 367,1653 406,1653 444,1653 483,1653 522,1653 560,1652 599,1652 637,1652 676,1652 715,1652 753,1652 792,1652 830,1653 869,1653 908,1653 946,1653 985,1653 1023,1653 1062,1653 1101,1653"/>
                <TextEquiv>
                    <Unicode>di illatum: sicut diximus non inconuenire quod habeantur</Unicode>
                </TextEquiv>
            </TextLine>
            <TextLine id="r1l83" custom="readingOrder {index:38;}">
                <Coords points="319,1699 1101,1697 1100,1665 1063,1658 318,1663"/>
                <Baseline points="323,1692 361,1692 400,1691 438,1691 477,1691 516,1689 554,1689 593,1689 631,1689 670,1689 709,1689 747,1689 786,1689 824,1689 863,1689 902,1689 940,1689 979,1689 1017,1689 1056,1689 1095,1689"/>
                <TextEquiv>
                    <Unicode>due notitie specie distincte de eodem obiecto: scilicet</Unicode>
                </TextEquiv>
            </TextLine>
            <TextLine id="r1l85" custom="readingOrder {index:39;}">
                <Coords points="312,1742 1112,1734 1112,1701 1064,1694 312,1701"/>
                <Baseline points="317,1730 356,1728 396,1728 435,1728 475,1728 514,1728 554,1728 593,1727 633,1727 672,1727 712,1727 751,1727 791,1727 830,1727 870,1727 909,1727 949,1727 988,1728 1028,1728 1067,1728 1107,1728"/>
                <TextEquiv>
                    <Unicode>intuitiua et abstractiua. sic possunt esse duo amores spe</Unicode>
                </TextEquiv>
            </TextLine>
            <TextLine id="r1l87" custom="readingOrder {index:40;}">
                <Coords points="321,1772 1064,1782 1109,1775 1109,1735 321,1740"/>
                <Baseline points="326,1767 364,1766 403,1766 442,1766 481,1764 520,1764 559,1764 598,1764 637,1763 676,1763 715,1763 753,1763 792,1763 831,1763 870,1763 909,1764 948,1764 987,1764 1026,1764 1065,1764 1104,1766"/>
                <TextEquiv>
                    <Unicode>cie distincti respectu eiusdem dependentes ab istis dua</Unicode>
                </TextEquiv>
            </TextLine>
            <TextLine id="r1l89" custom="readingOrder {index:41;}">
                <Coords points="312,1813 971,1806 953,1772 312,1769"/>
                <Baseline points="317,1802 349,1802 381,1803 414,1803 446,1803 479,1803 511,1803 544,1803 576,1802 609,1802 641,1802 673,1802 706,1800 738,1800 771,1800 803,1800 836,1800 868,1800 901,1802 933,1802 966,1803"/>
                <TextEquiv>
                    <Unicode>bus notitiis. Ad vltimum transeat illatum.</Unicode>
                </TextEquiv>
            </TextLine>
            <TextLine id="r1l91" custom="readingOrder {index:42;}">
                <Coords points="324,1859 1096,1848 1096,1808 324,1812"/>
                <Baseline points="329,1841 367,1841 405,1840 443,1839 481,1839 519,1838 557,1838 595,1838 633,1838 671,1838 710,1838 748,1838 786,1838 824,1838 862,1838 900,1838 938,1838 976,1838 1014,1838 1052,1838 1091,1838"/>
                <TextEquiv>
                    <Unicode>⁋ Contra tertiam conclusionem arguitur sic. habea¬</Unicode>
                </TextEquiv>
            </TextLine>
            <TextLine id="r1l93" custom="readingOrder {index:43;}">
                <Coords points="328,1883 1033,1890 1109,1882 1109,1844 328,1856"/>
                <Baseline points="333,1878 371,1878 410,1877 448,1877 487,1877 525,1877 564,1877 602,1876 641,1875 679,1875 718,1875 757,1875 795,1875 834,1874 872,1874 911,1874 949,1874 988,1875 1026,1875 1065,1875 1104,1877"/>
                <TextEquiv>
                    <Unicode>ortes habitum opinatiuum vel erroneum a. conclusionis val</Unicode>
                </TextEquiv>
            </TextLine>
            <TextLine id="r1l95" custom="readingOrder {index:44;}">
                <Coords points="319,1920 1103,1927 1103,1887 1060,1880 319,1889"/>
                <Baseline points="324,1914 362,1914 401,1913 440,1913 478,1913 517,1913 556,1913 594,1913 633,1913 672,1913 711,1913 749,1913 788,1913 827,1913 865,1913 904,1913 943,1913 981,1913 1020,1913 1059,1914 1098,1914"/>
                <TextEquiv>
                    <Unicode>de intensum: adducatur ei demonstratio: scientia actua</Unicode>
                </TextEquiv>
            </TextLine>
            <TextLine id="r1l97" custom="readingOrder {index:45;}">
                <Coords points="318,1960 1102,1963 1080,1919 318,1920"/>
                <Baseline points="323,1950 361,1950 400,1950 439,1950 477,1950 516,1950 555,1950 593,1950 632,1950 671,1950 710,1950 748,1950 787,1950 826,1950 864,1950 903,1950 942,1950 980,1950 1019,1950 1058,1950 1097,1950"/>
                <TextEquiv>
                    <Unicode>lis stabit cum habitu opinatiuo per quartam conclusio</Unicode>
                </TextEquiv>
            </TextLine>
            <TextLine id="r1l99" custom="readingOrder {index:46;}">
                <Coords points="312,1997 1096,2002 1096,1965 1071,1955 312,1962"/>
                <Baseline points="317,1988 355,1988 394,1988 433,1988 471,1988 510,1988 549,1986 587,1986 626,1986 665,1986 704,1986 742,1986 781,1986 820,1986 858,1986 897,1986 936,1986 974,1986 1013,1986 1052,1988 1091,1988"/>
                <TextEquiv>
                    <Unicode>nem huius questionis: et quilibet actus quantuncumque</Unicode>
                </TextEquiv>
            </TextLine>
            <TextLine id="r1l101" custom="readingOrder {index:47;}">
                <Coords points="318,2040 1103,2028 1103,2002 1065,1992 318,1997"/>
                <Baseline points="323,2028 361,2027 400,2026 439,2025 478,2024 516,2024 555,2024 594,2022 633,2022 671,2022 710,2022 749,2022 788,2022 826,2022 865,2023 904,2024 943,2024 981,2024 1020,2024 1059,2024 1098,2025"/>
                <TextEquiv>
                    <Unicode>paruus potest producere habitum. igitur. Dices hoc be¬</Unicode>
                </TextEquiv>
            </TextLine>
            <TextLine id="r1l103" custom="readingOrder {index:48;}">
                <Coords points="312,2069 1094,2076 1103,2028 312,2040"/>
                <Baseline points="317,2061 356,2061 395,2063 434,2063 473,2063 512,2063 551,2063 590,2063 629,2061 668,2061 707,2061 746,2061 785,2061 824,2061 863,2061 902,2061 941,2061 980,2061 1019,2061 1058,2061 1098,2061"/>
                <TextEquiv>
                    <Unicode>ne verum esse in subiecto susceptiuo: sed prius corrum</Unicode>
                </TextEquiv>
            </TextLine>
            <TextLine id="r1l105" custom="readingOrder {index:49;}">
                <Coords points="318,2113 1108,2109 1108,2075 1057,2064 318,2073"/>
                <Baseline points="323,2099 362,2099 401,2099 440,2099 479,2097 518,2097 557,2097 596,2097 635,2097 674,2097 713,2097 752,2097 791,2097 830,2098 869,2099 908,2099 947,2099 986,2099 1025,2099 1064,2099 1103,2099"/>
                <TextEquiv>
                    <Unicode>pit totalem habitum opinatiuum ad non gradum vsque:</Unicode>
                </TextEquiv>
            </TextLine>
            <TextLine id="r1l107" custom="readingOrder {index:50;}">
                <Coords points="315,2144 1097,2142 1097,2116 1051,2106 315,2113"/>
                <Baseline points="320,2136 358,2136 397,2136 435,2136 474,2136 513,2136 551,2135 590,2135 628,2135 667,2135 706,2135 744,2135 783,2135 821,2135 860,2135 899,2135 937,2135 976,2135 1014,2135 1053,2135 1092,2135"/>
                <TextEquiv>
                    <Unicode>et tunc introducit habitum scientificum: et non antea: nec</Unicode>
                </TextEquiv>
            </TextLine>
            <TextLine id="r1l109" custom="readingOrder {index:51;}">
                <Coords points="321,2181 1102,2181 1102,2147 1074,2140 321,2145"/>
                <Baseline points="326,2172 364,2172 403,2172 441,2172 480,2172 518,2172 557,2171 595,2171 634,2171 672,2171 711,2171 750,2171 788,2171 827,2171 865,2171 904,2171 942,2172 981,2172 1019,2172 1058,2174 1097,2174"/>
                <TextEquiv>
                    <Unicode>talis erit promptior ad scientifice assentiendum quam a</Unicode>
                </TextEquiv>
            </TextLine>
            <TextLine id="r1l111" custom="readingOrder {index:52;}">
                <Coords points="313,2216 991,2225 1088,2215 1088,2185 313,2188"/>
                <Baseline points="318,2211 356,2211 394,2211 432,2211 471,2211 509,2211 547,2211 585,2210 624,2210 662,2210 700,2210 738,2210 777,2210 815,2210 853,2210 891,2210 930,2211 968,2211 1006,2211 1044,2211 1083,2211"/>
                <TextEquiv>
                    <Unicode>principio in fine prime demonstrationis: supposito quo</Unicode>
                </TextEquiv>
            </TextLine>
            <TextLine id="r1l113" custom="readingOrder {index:53;}">
                <Coords points="318,2256 1100,2251 1100,2225 1068,2215 318,2221"/>
                <Baseline points="323,2246 361,2246 400,2246 438,2246 477,2246 516,2246 554,2246 593,2246 631,2246 670,2246 709,2246 747,2246 786,2246 824,2246 863,2246 902,2246 940,2246 979,2246 1017,2246 1056,2246 1095,2246"/>
                <TextEquiv>
                    <Unicode>scientia actualis nunc nouissime producta non sit in¬</Unicode>
                </TextEquiv>
            </TextLine>
            <TextLine id="r1l115" custom="readingOrder {index:54;}">
                <Coords points="321,2295 1087,2290 1087,2256 1021,2250 321,2255"/>
                <Baseline points="326,2283 363,2283 401,2283 439,2283 477,2283 515,2283 552,2283 590,2282 628,2282 666,2282 704,2282 741,2282 779,2282 817,2282 855,2282 893,2282 930,2283 968,2283 1006,2283 1044,2284 1082,2285"/>
                <TextEquiv>
                    <Unicode>tentior quam prima scientia: sed erit minus promptus ar</Unicode>
                </TextEquiv>
            </TextLine>
            <TextLine id="r1l117" custom="readingOrder {index:55;}">
                <Coords points="312,2334 1100,2324 1100,2299 1040,2288 312,2295"/>
                <Baseline points="317,2324 355,2322 394,2321 433,2321 472,2321 511,2321 550,2321 589,2321 628,2321 667,2321 706,2321 744,2321 783,2321 822,2321 861,2321 900,2321 939,2322 978,2321 1017,2321 1056,2321 1095,2321"/>
                <TextEquiv>
                    <Unicode>opinatiue assentiendum ab habitu. ⁋ Cotra hoc ar¬</Unicode>
                </TextEquiv>
            </TextLine>
            <TextLine id="r1l119" custom="readingOrder {index:56;}">
                <Coords points="315,2372 1006,2373 1090,2365 1090,2329 315,2332"/>
                <Baseline points="320,2360 358,2359 396,2358 434,2358 473,2358 511,2357 549,2357 587,2357 626,2357 664,2357 702,2357 740,2357 779,2358 817,2358 855,2358 893,2358 932,2358 970,2358 1008,2358 1046,2358 1085,2357"/>
                <TextEquiv>
                    <Unicode>guitur. actus scientificus stabit cum habitu opinati</Unicode>
                </TextEquiv>
            </TextLine>
            <TextLine id="r1l121" custom="readingOrder {index:57;}">
                <Coords points="318,2402 1060,2408 1105,2404 1105,2364 318,2372"/>
                <Baseline points="323,2396 361,2396 400,2394 439,2394 478,2394 517,2394 556,2394 594,2394 633,2394 672,2394 711,2394 750,2394 789,2394 828,2394 866,2394 905,2394 944,2394 983,2396 1022,2396 1061,2396 1100,2396"/>
                <TextEquiv>
                    <Unicode>uo per breue tempus: ergo perpetuo potest cum ipso</Unicode>
                </TextEquiv>
            </TextLine>
            <TextLine id="r1l123" custom="readingOrder {index:58;}">
                <Coords points="324,2442 1109,2440 1098,2402 324,2402"/>
                <Baseline points="329,2433 367,2432 406,2432 445,2430 484,2430 522,2430 561,2430 600,2430 639,2430 677,2431 716,2432 755,2432 794,2432 832,2432 871,2432 910,2433 949,2433 987,2433 1026,2433 1065,2432 1104,2432"/>
                <TextEquiv>
                    <Unicode>stare: et ei non aduersatur suapte natura. Item habitus</Unicode>
                </TextEquiv>
            </TextLine>
            <TextLine id="r1l125" custom="readingOrder {index:59;}">
                <Coords points="319,2482 1106,2480 1106,2440 319,2441"/>
                <Baseline points="324,2471 362,2469 401,2469 440,2469 479,2469 518,2468 557,2468 595,2469 634,2469 673,2469 712,2469 751,2469 790,2469 829,2469 867,2469 906,2469 945,2469 984,2469 1023,2469 1062,2469 1101,2468"/>
                <TextEquiv>
                    <Unicode>opinatiuus est alicuius resistentie: et vna scientia est</Unicode>
                </TextEquiv>
            </TextLine>
            <TextLine id="r1l127" custom="readingOrder {index:60;}">
                <Coords points="318,2512 1072,2517 1094,2478 319,2483"/>
                <Baseline points="323,2505 361,2505 399,2505 437,2505 476,2505 514,2505 552,2505 590,2505 629,2505 667,2507 705,2507 743,2507 782,2507 820,2507 858,2507 896,2507 935,2507 973,2507 1011,2507 1049,2507 1088,2507"/>
                <TextEquiv>
                    <Unicode>maioris actiuitatis quam alia: vt patet de duabus scientiis</Unicode>
                </TextEquiv>
            </TextLine>
            <TextLine id="r1l129" custom="readingOrder {index:61;}">
                <Coords points="325,2555 1096,2551 1081,2513 325,2512"/>
                <Baseline points="330,2544 368,2544 406,2544 444,2544 482,2543 520,2543 558,2544 596,2544 634,2544 672,2544 710,2544 748,2544 786,2544 824,2544 862,2544 900,2544 938,2544 976,2544 1014,2544 1052,2543 1091,2543"/>
                <TextEquiv>
                    <Unicode>superioris speciei et inferioris / de intensa et remissa. sic</Unicode>
                </TextEquiv>
            </TextLine>
            <TextLine id="r1l131" custom="readingOrder {index:62;}">
                <Coords points="322,2587 1026,2601 1087,2596 1088,2551 322,2556"/>
                <Baseline points="327,2579 364,2579 402,2580 440,2580 478,2580 515,2580 553,2580 591,2580 629,2580 666,2580 704,2581 742,2582 780,2582 817,2582 855,2582 893,2582 931,2582 968,2582 1006,2582 1044,2582 1082,2582"/>
                <TextEquiv>
                    <Unicode>vnus habitus opinatiuus est maioris resistentie quam ali</Unicode>
                </TextEquiv>
            </TextLine>
            <TextLine id="r1l133" custom="readingOrder {index:63;}">
                <Coords points="316,2626 1093,2626 1093,2595 1047,2587 316,2587"/>
                <Baseline points="321,2615 359,2615 397,2616 436,2616 474,2618 512,2618 551,2618 589,2618 627,2618 666,2619 704,2619 742,2619 781,2619 819,2619 857,2619 896,2619 934,2618 972,2618 1011,2618 1049,2618 1088,2619"/>
                <TextEquiv>
                    <Unicode>inferioris speciei vel remissior. Dices. quelibet scien¬</Unicode>
                </TextEquiv>
            </TextLine>
            <TextLine id="r1l135" custom="readingOrder {index:64;}">
                <Coords points="322,2660 1088,2669 1088,2630 1068,2627 322,2624"/>
                <Baseline points="327,2654 364,2654 402,2654 440,2655 478,2655 516,2655 553,2655 591,2655 629,2657 667,2657 705,2657 742,2657 780,2657 818,2657 856,2657 894,2657 931,2657 969,2657 1007,2657 1045,2657 1083,2657"/>
                <TextEquiv>
                    <Unicode>tia est perfectior entitatiue opinione: et euidentia lun</Unicode>
                </TextEquiv>
            </TextLine>
            <TextLine id="r1l137" custom="readingOrder {index:65;}">
                <Coords points="315,2712 1100,2705 1077,2664 315,2662"/>
                <Baseline points="320,2694 358,2694 397,2694 436,2694 475,2694 513,2694 552,2694 591,2694 630,2694 668,2694 707,2694 746,2694 785,2696 823,2696 862,2696 901,2696 940,2696 978,2696 1017,2696 1056,2696 1095,2696"/>
                <TextEquiv>
                    <Unicode>spiritualis: opinio tenebre: quelibet autem lux tene¬</Unicode>
                </TextEquiv>
            </TextLine>
            <TextEquiv>
                <Unicode>⁋ Nono arguitur Paulus in raptu non amisit fidem: et tamen habu
it claram visione dei. Insuper non est necesse quod beatus cla
re cognoscat omnia de quibus habet fidem in via: non
enim est necesse intueri hierusalem vel Iordanem fluuium:
ergo fides manet in patria. ⁋ Ad hoc dicitur quod non ha¬
buit fidei actum circa illud circa quod habuit elaram visio¬
nem tunc: bene autem posteam. Ad secundum respondetur in
tertio. ⁋ Decimo arguitur per illud Joan. xx. quia vi¬
disti me Thoma credidisti. thomas habuit fidem de
⁋ Christo a eum tetigit. Sed et bene dices. sicut dicit bea¬
tus Sregorius in quadam homilia paschali: quod vnum vi
dit: et aliud credidit. Contra Christus. Ioan. xx. magit
laudat fidem illorum qui non viderunt et crediderunt
quam fidem Thome. Id idem batuns Petrus in canonica
prime Petri. i. et hoc non esset si fides esset cis solum la¬
tens sicut nobis. Preterea apostoli viderunt Christum
pati: et Christum ascendentem: et beata virgo sciebat quod
non conceperat virili semine: sed de sspiritu sancto: et ta
men ipsa nihil fidei amisit. igitur. Et prime Jo. i. dici
tur quod vidimus et audiuimus et perspeximus et ma
nus nostre contrectauerunt de verbo vite. Purior autem
est fides ceteris paribus omnino latens quam vbi est ali
quid disponens ad credendum. ⁋ Ad omnes istas auctori
tates dicitur: quod erat de fide solum quod Christus patitur / quod chri
stus est deus: nec hoc euidenter cognouerunt apostoli:
bene tamen euidenter cognouerunt quod hec humanitas
patitur: et eis non fuit assensus fidei stante visione: be
ne tamen habebant fidem infusam. Nos autem de vno habe¬
mus fidem de quo ipsi non habuerunt. vnde haec fuit eis
de fide: Christus resuscitauit filium vidue: licet vide-
rint filium vidue resuscitatum. ⁋ Undecimo arguitur. quo
dari possint in patria due dilectiones dei specie distin¬
cte. patet: quia habitus diligendi deum in via non corrum
petur in patria: nec augebitur ab actum beatifico: cum
mpecie differant. Similiter sequeretur quod scientia propter
quid corrumperet scientiam quia est / circa idem obiectum:
cum sit lumen clarius. ⁋ Ad vndecimum potest conce¬
di illatum: sicut diximus non inconuenire quod habeantur
due notitie specie distincte de eodem obiecto: scilicet
intuitiua et abstractiua. sic possunt esse duo amores spe
cie distincti respectu eiusdem dependentes ab istis dua
bus notitiis. Ad vltimum transeat illatum.
⁋ Contra tertiam conclusionem arguitur sic. habea¬
ortes habitum opinatiuum vel erroneum a. conclusionis val
de intensum: adducatur ei demonstratio: scientia actua
lis stabit cum habitu opinatiuo per quartam conclusio
nem huius questionis: et quilibet actus quantuncumque
paruus potest producere habitum. igitur. Dices hoc be¬
ne verum esse in subiecto susceptiuo: sed prius corrum
pit totalem habitum opinatiuum ad non gradum vsque:
et tunc introducit habitum scientificum: et non antea: nec
talis erit promptior ad scientifice assentiendum quam a
principio in fine prime demonstrationis: supposito quo
scientia actualis nunc nouissime producta non sit in¬
tentior quam prima scientia: sed erit minus promptus ar
opinatiue assentiendum ab habitu. ⁋ Cotra hoc ar¬
guitur. actus scientificus stabit cum habitu opinati
uo per breue tempus: ergo perpetuo potest cum ipso
stare: et ei non aduersatur suapte natura. Item habitus
opinatiuus est alicuius resistentie: et vna scientia est
maioris actiuitatis quam alia: vt patet de duabus scientiis
superioris speciei et inferioris / de intensa et remissa. sic
vnus habitus opinatiuus est maioris resistentie quam ali
inferioris speciei vel remissior. Dices. quelibet scien¬
tia est perfectior entitatiue opinione: et euidentia lun
spiritualis: opinio tenebre: quelibet autem lux tene¬</Unicode>
            </TextEquiv>
        </TextRegion>
        <TextRegion orientation="0.0" id="TextRegion_1595189713038_20" custom="readingOrder {index:1;}">
            <Coords points="1161,239 1973,239 1973,2707 1161,2707"/>
            <TextLine id="r1l6" custom="readingOrder {index:0;}">
                <Coords points="1188,289 1935,291 1970,285 1970,241 1188,243"/>
                <Baseline points="1193,281 1231,282 1270,282 1308,282 1347,281 1386,281 1424,281 1463,281 1501,281 1540,279 1579,279 1617,279 1656,279 1694,279 1733,279 1772,279 1810,279 1849,279 1887,281 1926,281 1965,282"/>
                <TextEquiv>
                    <Unicode>bras expellit et subiectum intense vel remisse reddit lu¬</Unicode>
                </TextEquiv>
            </TextLine>
            <TextLine id="r1l8" custom="readingOrder {index:1;}">
                <Coords points="1182,333 1962,330 1970,286 1182,291"/>
                <Baseline points="1187,317 1225,318 1264,318 1303,318 1342,318 1381,318 1420,318 1459,318 1498,318 1537,317 1576,317 1614,317 1653,317 1692,317 1731,317 1770,317 1809,317 1848,318 1887,319 1926,320 1965,321"/>
                <TextEquiv>
                    <Unicode>cidum. hoc non valet: quia calor est altioris speciei quam fri</Unicode>
                </TextEquiv>
            </TextLine>
            <TextLine id="r1l10" custom="readingOrder {index:2;}">
                <Coords points="1182,364 1932,367 1961,362 1961,325 1182,333"/>
                <Baseline points="1187,356 1225,356 1263,357 1302,357 1340,357 1379,357 1417,356 1456,356 1494,356 1533,354 1571,354 1609,354 1648,353 1686,353 1725,353 1763,353 1802,353 1840,354 1879,355 1917,356 1956,357"/>
                <TextEquiv>
                    <Unicode>gus: et tamen non oportet quemlibet gradum caloris quodli¬</Unicode>
                </TextEquiv>
            </TextLine>
            <TextLine id="r1l12" custom="readingOrder {index:3;}">
                <Coords points="1186,399 1966,406 1966,360 1186,367"/>
                <Baseline points="1191,392 1229,392 1268,392 1306,393 1345,393 1383,392 1422,392 1460,392 1499,392 1537,392 1576,392 1614,391 1653,390 1691,390 1730,390 1768,390 1807,390 1845,392 1884,392 1922,392 1961,393"/>
                <TextEquiv>
                    <Unicode>bet frigus corrumpere. ⁋ Ad primum nego consequentiam: qui</Unicode>
                </TextEquiv>
            </TextLine>
            <TextLine id="r1l14" custom="readingOrder {index:4;}">
                <Coords points="1177,437 1964,441 1964,406 1937,398 1177,398"/>
                <Baseline points="1182,429 1220,431 1259,431 1298,431 1337,431 1376,431 1415,431 1453,431 1492,429 1531,429 1570,429 1609,429 1648,428 1687,428 1725,428 1764,428 1803,428 1842,428 1881,428 1920,428 1959,429"/>
                <TextEquiv>
                    <Unicode>forma sustantialis aque compatitur frigus per breuem</Unicode>
                </TextEquiv>
            </TextLine>
            <TextLine id="r1l16" custom="readingOrder {index:5;}">
                <Coords points="1188,476 1961,473 1961,442 1914,431 1188,441"/>
                <Baseline points="1193,467 1231,467 1269,467 1307,468 1345,468 1383,468 1421,467 1460,467 1498,467 1536,467 1574,467 1612,465 1650,465 1688,465 1727,465 1765,465 1803,464 1841,464 1879,465 1917,465 1956,465"/>
                <TextEquiv>
                    <Unicode>morulam: non tamen diu. Actus autem scientificus quanto</Unicode>
                </TextEquiv>
            </TextLine>
            <TextLine id="r1l18" custom="readingOrder {index:6;}">
                <Coords points="1180,509 1967,510 1967,476 1936,470 1180,473"/>
                <Baseline points="1185,503 1223,503 1262,504 1301,504 1340,504 1379,504 1418,504 1456,504 1495,503 1534,503 1573,503 1612,503 1651,503 1690,501 1728,501 1767,501 1806,501 1845,501 1884,501 1923,502 1962,503"/>
                <TextEquiv>
                    <Unicode>diutius continuatur / tanto pius habitus opinionis cor</Unicode>
                </TextEquiv>
            </TextLine>
            <TextLine id="r1l20" custom="readingOrder {index:7;}">
                <Coords points="1176,546 1964,551 1964,514 1928,507 1176,506"/>
                <Baseline points="1181,542 1219,542 1258,542 1297,542 1336,540 1375,540 1414,540 1453,540 1492,540 1531,540 1570,539 1608,539 1647,539 1686,539 1725,539 1764,539 1803,539 1842,539 1881,539 1920,539 1959,539"/>
                <TextEquiv>
                    <Unicode>rumpit: quia agit secundum totam suam actionem. Actus namque</Unicode>
                </TextEquiv>
            </TextLine>
            <TextLine id="r1l22" custom="readingOrder {index:8;}">
                <Coords points="1185,583 1970,587 1970,549 1938,545 1185,546"/>
                <Baseline points="1190,575 1228,576 1267,578 1306,578 1345,578 1383,578 1422,578 1461,578 1500,578 1538,578 1577,577 1616,576 1655,576 1693,576 1732,576 1771,576 1810,575 1848,575 1887,576 1926,576 1965,576"/>
                <TextEquiv>
                    <Unicode>scientificus et habitus opinatiuus virtualiter contra</Unicode>
                </TextEquiv>
            </TextLine>
            <TextLine id="r1l24" custom="readingOrder {index:9;}">
                <Coords points="1182,620 1946,624 1961,585 1182,590"/>
                <Baseline points="1187,614 1225,614 1263,615 1302,615 1340,615 1379,615 1417,614 1456,614 1494,614 1533,614 1571,614 1609,614 1648,612 1686,612 1725,612 1763,612 1802,612 1840,612 1879,612 1917,612 1956,612"/>
                <TextEquiv>
                    <Unicode>riantur: et non formaliter: et inclinant in effectus forma¬</Unicode>
                </TextEquiv>
            </TextLine>
            <TextLine id="r1l26" custom="readingOrder {index:10;}">
                <Coords points="1185,658 1961,653 1961,620 1893,616 1185,620"/>
                <Baseline points="1190,650 1228,651 1266,651 1304,651 1343,651 1381,651 1419,650 1458,650 1496,650 1534,650 1573,650 1611,650 1649,650 1687,650 1726,650 1764,650 1802,650 1841,650 1879,650 1917,650 1956,650"/>
                <TextEquiv>
                    <Unicode>liter contrarios. Ad aliud concedis quod dabilis est vnus</Unicode>
                </TextEquiv>
            </TextLine>
            <TextLine id="r1l28" custom="readingOrder {index:11;}">
                <Coords points="1180,695 1970,697 1970,650 1180,657"/>
                <Baseline points="1185,687 1224,687 1263,687 1302,687 1341,687 1380,687 1419,687 1458,687 1497,687 1536,687 1575,687 1614,686 1653,686 1692,686 1731,686 1770,686 1809,686 1848,686 1887,686 1926,687 1965,687"/>
                <TextEquiv>
                    <Unicode>habitus opinatiuus tante resistentiae: vt hec parua scien</Unicode>
                </TextEquiv>
            </TextLine>
            <TextLine id="r1l30" custom="readingOrder {index:12;}">
                <Coords points="1179,732 1963,729 1963,698 1914,689 1179,695"/>
                <Baseline points="1184,725 1222,725 1261,726 1300,726 1338,726 1377,726 1416,726 1454,726 1493,725 1532,725 1571,725 1609,725 1648,725 1687,725 1725,723 1764,723 1803,723 1841,723 1880,723 1919,722 1958,722"/>
                <TextEquiv>
                    <Unicode>tia nihil eius corrumpere possit. et licet hec parua scien¬</Unicode>
                </TextEquiv>
            </TextLine>
            <TextLine id="r1l32" custom="readingOrder {index:13;}">
                <Coords points="1180,768 1960,769 1960,728 1180,732"/>
                <Baseline points="1185,761 1223,761 1262,762 1300,762 1339,762 1377,762 1416,762 1454,761 1493,761 1531,761 1570,761 1608,761 1647,761 1685,761 1724,761 1762,761 1801,761 1839,761 1878,761 1916,761 1955,762"/>
                <TextEquiv>
                    <Unicode>tia vnam partem huius habitus corrupere possit si</Unicode>
                </TextEquiv>
            </TextLine>
            <TextLine id="r1l34" custom="readingOrder {index:14;}">
                <Coords points="1179,805 1957,804 1956,774 1881,765 1178,768"/>
                <Baseline points="1184,800 1222,798 1260,798 1299,798 1337,798 1376,798 1414,798 1452,797 1491,797 1529,797 1568,797 1606,797 1644,797 1683,797 1721,797 1760,797 1798,797 1836,797 1875,797 1913,797 1952,798"/>
                <TextEquiv>
                    <Unicode>separetur a suo toto: non tamen dummodo est in suo to</Unicode>
                </TextEquiv>
            </TextLine>
            <TextLine id="r1l36" custom="readingOrder {index:15;}">
                <Coords points="1177,846 1969,845 1969,805 1177,807"/>
                <Baseline points="1182,837 1221,836 1260,836 1299,834 1338,834 1377,834 1416,834 1455,834 1494,834 1533,834 1573,833 1612,833 1651,833 1690,833 1729,834 1768,834 1807,834 1846,834 1885,834 1924,833 1964,833"/>
                <TextEquiv>
                    <Unicode>to: quia ab illo fulcimentum resistendi accipit. datur autem</Unicode>
                </TextEquiv>
            </TextLine>
            <TextLine id="r1l38" custom="readingOrder {index:16;}">
                <Coords points="1183,876 1968,878 1967,843 1907,835 1183,849"/>
                <Baseline points="1188,872 1226,872 1265,872 1304,873 1342,873 1381,872 1420,872 1458,872 1497,872 1536,872 1575,872 1613,870 1652,870 1691,870 1729,870 1768,870 1807,870 1845,870 1884,870 1923,870 1962,872"/>
                <TextEquiv>
                    <Unicode>maxima scientia a qua hic habitus opinio pati non po¬</Unicode>
                </TextEquiv>
            </TextLine>
            <TextLine id="r1l40" custom="readingOrder {index:17;}">
                <Coords points="1174,917 1961,918 1945,878 1174,878"/>
                <Baseline points="1179,909 1217,909 1256,909 1295,909 1334,909 1373,909 1412,909 1450,909 1489,909 1528,909 1567,909 1606,909 1645,909 1684,909 1722,909 1761,909 1800,909 1839,909 1878,909 1917,909 1956,909"/>
                <TextEquiv>
                    <Unicode>test: et illa nihil huius opinionis corrumpere potest: </Unicode>
                </TextEquiv>
            </TextLine>
            <TextLine id="r1l42" custom="readingOrder {index:18;}">
                <Coords points="1179,956 1961,954 1961,926 1920,916 1179,915"/>
                <Baseline points="1184,945 1222,945 1261,945 1299,945 1338,945 1377,945 1415,945 1454,945 1492,945 1531,945 1570,945 1608,945 1647,945 1685,945 1724,945 1763,945 1801,945 1840,945 1878,944 1917,944 1956,944"/>
                <TextEquiv>
                    <Unicode>sed quelibet maior scientia in actiuitate illa data po¬</Unicode>
                </TextEquiv>
            </TextLine>
            <TextLine id="r1l44" custom="readingOrder {index:19;}">
                <Coords points="1185,988 1960,991 1960,959 1873,951 1185,960"/>
                <Baseline points="1190,981 1228,983 1266,983 1304,984 1343,984 1381,984 1419,984 1457,984 1496,984 1534,983 1572,983 1610,983 1649,983 1687,981 1725,981 1763,981 1802,981 1840,981 1878,982 1916,983 1955,983"/>
                <TextEquiv>
                    <Unicode>test partibiliter hunc habitum extinguere: vel subito.</Unicode>
                </TextEquiv>
            </TextLine>
            <TextLine id="r1l46" custom="readingOrder {index:20;}">
                <Coords points="1180,1030 1964,1027 1964,996 1934,988 1180,990"/>
                <Baseline points="1185,1020 1223,1020 1262,1019 1301,1019 1339,1019 1378,1019 1417,1019 1455,1019 1494,1020 1533,1020 1572,1020 1610,1020 1649,1020 1688,1019 1726,1019 1765,1019 1804,1019 1842,1019 1881,1019 1920,1019 1959,1019"/>
                <TextEquiv>
                    <Unicode>Sed argumentum topicum adductum stante scien¬</Unicode>
                </TextEquiv>
            </TextLine>
            <TextLine id="r1l48" custom="readingOrder {index:21;}">
                <Coords points="1176,1065 1942,1071 1960,1027 1176,1031"/>
                <Baseline points="1181,1056 1219,1056 1258,1056 1297,1056 1335,1058 1374,1057 1413,1056 1451,1056 1490,1056 1529,1056 1568,1056 1606,1056 1645,1056 1684,1056 1722,1056 1761,1056 1800,1056 1838,1057 1877,1058 1916,1058 1955,1059"/>
                <TextEquiv>
                    <Unicode>tia non potest illum habitum intendere: quod patet: quia</Unicode>
                </TextEquiv>
            </TextLine>
            <TextLine id="r1l50" custom="readingOrder {index:22;}">
                <Coords points="1176,1105 1963,1104 1963,1071 1843,1059 1176,1065"/>
                <Baseline points="1181,1094 1219,1094 1258,1094 1297,1094 1336,1094 1375,1094 1414,1094 1452,1094 1491,1094 1530,1092 1569,1092 1608,1092 1647,1092 1686,1092 1724,1092 1763,1092 1802,1092 1841,1092 1880,1094 1919,1094 1958,1094"/>
                <TextEquiv>
                    <Unicode>non potest intendere habitum nisi mediante suo actu:</Unicode>
                </TextEquiv>
            </TextLine>
            <TextLine id="r1l52" custom="readingOrder {index:23;}">
                <Coords points="1183,1138 1960,1141 1960,1106 1926,1099 1183,1104"/>
                <Baseline points="1188,1130 1226,1130 1264,1131 1303,1131 1341,1131 1379,1131 1418,1131 1456,1131 1494,1131 1533,1131 1571,1131 1609,1131 1648,1131 1686,1131 1724,1131 1763,1131 1801,1131 1839,1131 1878,1131 1916,1131 1955,1131"/>
                <TextEquiv>
                    <Unicode>modo nullum actum producere potest stante scientia propter for</Unicode>
                </TextEquiv>
            </TextLine>
            <TextLine id="r1l54" custom="readingOrder {index:24;}">
                <Coords points="1177,1173 1955,1174 1955,1143 1914,1138 1177,1138"/>
                <Baseline points="1182,1166 1220,1166 1258,1166 1297,1167 1335,1167 1374,1167 1412,1167 1450,1167 1489,1167 1527,1167 1566,1167 1604,1167 1642,1167 1681,1167 1719,1167 1758,1167 1796,1167 1834,1167 1873,1167 1911,1166 1950,1166"/>
                <TextEquiv>
                    <Unicode>malem repugnantiam. Quapropter stat vnum demon¬</Unicode>
                </TextEquiv>
            </TextLine>
            <TextLine id="r1l56" custom="readingOrder {index:25;}">
                <Coords points="1185,1215 1963,1216 1963,1181 1941,1176 1185,1174"/>
                <Baseline points="1190,1203 1228,1203 1266,1205 1305,1205 1343,1205 1382,1205 1420,1205 1458,1205 1497,1205 1535,1205 1574,1205 1612,1205 1650,1205 1689,1205 1727,1203 1766,1203 1804,1203 1842,1203 1881,1204 1919,1205 1958,1205"/>
                <TextEquiv>
                    <Unicode>strationem adduci pluries ad eandem conclusionem</Unicode>
                </TextEquiv>
            </TextLine>
            <TextLine id="r1l58" custom="readingOrder {index:26;}">
                <Coords points="1179,1252 1970,1248 1970,1220 1910,1210 1179,1212"/>
                <Baseline points="1184,1241 1223,1241 1262,1241 1301,1241 1340,1241 1379,1241 1418,1241 1457,1241 1496,1241 1535,1241 1574,1242 1613,1242 1652,1242 1691,1242 1730,1242 1769,1242 1808,1242 1847,1241 1886,1241 1925,1241 1965,1241"/>
                <TextEquiv>
                    <Unicode>probandam: et non producere scientiam propter indispo¬</Unicode>
                </TextEquiv>
            </TextLine>
            <TextLine id="r1l60" custom="readingOrder {index:27;}">
                <Coords points="1171,1284 1961,1287 1961,1255 1929,1247 1171,1254"/>
                <Baseline points="1176,1277 1215,1277 1254,1278 1293,1278 1332,1278 1371,1278 1410,1278 1449,1278 1488,1278 1527,1277 1566,1277 1605,1277 1644,1277 1683,1277 1722,1277 1761,1277 1800,1278 1839,1278 1878,1278 1917,1278 1956,1280"/>
                <TextEquiv>
                    <Unicode>sitionem subiecti: et per consequens homo non erit magis</Unicode>
                </TextEquiv>
            </TextLine>
            <TextLine id="r1l62" custom="readingOrder {index:28;}">
                <Coords points="1179,1323 1964,1323 1935,1288 1856,1284 1179,1289"/>
                <Baseline points="1184,1316 1222,1316 1261,1316 1300,1316 1339,1314 1377,1314 1416,1314 1455,1314 1494,1314 1532,1314 1571,1314 1610,1314 1649,1314 1687,1314 1726,1314 1765,1316 1804,1316 1842,1316 1881,1316 1920,1317 1959,1317"/>
                <TextEquiv>
                    <Unicode>dispositus ad scientifice assentiendum quam a principio.</Unicode>
                </TextEquiv>
            </TextLine>
            <TextLine id="r1l64" custom="readingOrder {index:29;}">
                <Coords points="1174,1361 1963,1358 1954,1323 1174,1322"/>
                <Baseline points="1179,1356 1220,1355 1261,1355 1302,1353 1343,1353 1384,1353 1425,1352 1466,1352 1507,1352 1548,1352 1589,1352 1630,1352 1671,1352 1712,1352 1753,1352 1794,1352 1835,1352 1876,1352 1917,1352 1958,1352"/>
                <TextEquiv>
                    <Unicode>⁋ Sed contra istud arguitur. per idem erit aliqua opinio</Unicode>
                </TextEquiv>
            </TextLine>
            <TextLine id="r1l66" custom="readingOrder {index:30;}">
                <Coords points="1174,1397 1935,1401 1952,1360 1174,1361"/>
                <Baseline points="1179,1391 1217,1391 1255,1390 1294,1389 1332,1389 1371,1389 1409,1389 1447,1389 1486,1389 1524,1388 1563,1388 1601,1388 1639,1388 1678,1388 1716,1388 1755,1388 1793,1389 1831,1389 1870,1389 1908,1391 1947,1391"/>
                <TextEquiv>
                    <Unicode>actus actiuior scientia: et naturaliter agat ad corru¬</Unicode>
                </TextEquiv>
            </TextLine>
            <TextLine id="r1l68" custom="readingOrder {index:31;}">
                <Coords points="1179,1439 1930,1438 1961,1432 1961,1396 1179,1398"/>
                <Baseline points="1184,1428 1222,1427 1261,1427 1299,1427 1338,1427 1377,1427 1415,1427 1454,1427 1492,1427 1531,1427 1570,1427 1608,1427 1647,1427 1685,1427 1724,1427 1763,1427 1801,1427 1840,1427 1878,1427 1917,1427 1956,1427"/>
                <TextEquiv>
                    <Unicode>ptionem scientie (sicut econuerso) secundum extremum</Unicode>
                </TextEquiv>
            </TextLine>
            <TextLine id="r1l70" custom="readingOrder {index:32;}">
                <Coords points="1174,1472 1923,1481 1949,1471 1949,1434 1174,1438"/>
                <Baseline points="1179,1464 1217,1464 1255,1464 1293,1464 1332,1463 1370,1463 1408,1463 1446,1463 1485,1463 1523,1463 1561,1464 1599,1464 1638,1464 1676,1464 1714,1464 1752,1464 1791,1464 1829,1464 1867,1463 1905,1463 1944,1463"/>
                <TextEquiv>
                    <Unicode>sue potentie. sicut enim calor inclinatur corrumpere frigus</Unicode>
                </TextEquiv>
            </TextLine>
            <TextLine id="r1l72" custom="readingOrder {index:33;}">
                <Coords points="1170,1509 1951,1510 1951,1470 1170,1470"/>
                <Baseline points="1175,1500 1213,1500 1252,1500 1290,1500 1329,1500 1367,1500 1406,1500 1444,1500 1483,1500 1521,1500 1560,1500 1599,1500 1637,1500 1676,1500 1714,1500 1753,1500 1791,1500 1830,1500 1868,1500 1907,1502 1946,1502"/>
                <TextEquiv>
                    <Unicode>sic frigus inclinatur corrumpere calorem. et sicut potest esse</Unicode>
                </TextEquiv>
            </TextLine>
            <TextLine id="r1l74" custom="readingOrder {index:34;}">
                <Coords points="1177,1547 1952,1542 1942,1506 1177,1509"/>
                <Baseline points="1182,1538 1220,1538 1258,1538 1296,1538 1335,1538 1373,1538 1411,1538 1449,1538 1488,1537 1526,1536 1564,1536 1602,1536 1641,1536 1679,1536 1717,1536 1755,1536 1794,1536 1832,1536 1870,1538 1908,1538 1947,1539"/>
                <TextEquiv>
                    <Unicode>aliqua opinio actus ita sortis in resistendo ne corrun¬</Unicode>
                </TextEquiv>
            </TextLine>
            <TextLine id="r1l76" custom="readingOrder {index:35;}">
                <Coords points="1176,1589 1936,1585 1945,1545 1176,1546"/>
                <Baseline points="1181,1575 1220,1575 1260,1575 1300,1575 1340,1575 1380,1575 1420,1574 1460,1574 1500,1574 1540,1574 1580,1574 1620,1574 1660,1574 1700,1574 1740,1574 1780,1574 1820,1574 1860,1575 1900,1575 1940,1575"/>
                <TextEquiv>
                    <Unicode>patur ab hoc actu scientifico: ita hec opinio actus ve</Unicode>
                </TextEquiv>
            </TextLine>
            <TextLine id="r1l78" custom="readingOrder {index:36;}">
                <Coords points="1182,1618 1945,1624 1945,1582 1914,1579 1182,1588"/>
                <Baseline points="1187,1611 1224,1611 1262,1611 1299,1611 1337,1611 1375,1611 1412,1611 1450,1611 1488,1611 1525,1611 1563,1611 1601,1611 1638,1611 1676,1611 1714,1611 1751,1611 1789,1611 1827,1611 1864,1611 1902,1612 1940,1613"/>
                <TextEquiv>
                    <Unicode>maior potest corrumpere hanc scientiam. ⁋ Respon</Unicode>
                </TextEquiv>
            </TextLine>
            <TextLine id="r1l80" custom="readingOrder {index:37;}">
                <Coords points="1170,1655 1961,1658 1961,1623 1889,1616 1170,1619"/>
                <Baseline points="1175,1649 1214,1649 1253,1649 1292,1649 1331,1649 1370,1649 1409,1649 1448,1649 1487,1649 1526,1647 1565,1647 1604,1647 1643,1647 1682,1647 1721,1647 1760,1647 1799,1647 1838,1647 1877,1647 1916,1649 1956,1649"/>
                <TextEquiv>
                    <Unicode>detur concedendo quod dabilis est vna opinio actus tan</Unicode>
                </TextEquiv>
            </TextLine>
            <TextLine id="r1l82" custom="readingOrder {index:38;}">
                <Coords points="1171,1694 1948,1692 1948,1662 1885,1649 1171,1655"/>
                <Baseline points="1176,1685 1214,1686 1252,1686 1291,1686 1329,1686 1367,1686 1406,1685 1444,1685 1482,1685 1521,1685 1559,1685 1597,1685 1636,1685 1674,1685 1712,1685 1751,1685 1789,1685 1827,1685 1866,1685 1904,1686 1943,1686"/>
                <TextEquiv>
                    <Unicode>te resistentie: vt hec parua scientia non possit eam cor¬</Unicode>
                </TextEquiv>
            </TextLine>
            <TextLine id="r1l84" custom="readingOrder {index:39;}">
                <Coords points="1173,1733 1961,1739 1961,1688 1173,1696"/>
                <Baseline points="1178,1722 1216,1722 1255,1722 1294,1722 1333,1722 1372,1722 1411,1722 1450,1722 1489,1721 1528,1721 1567,1721 1605,1721 1644,1721 1683,1721 1722,1721 1761,1721 1800,1722 1839,1722 1878,1722 1917,1724 1956,1724"/>
                <TextEquiv>
                    <Unicode>rumpere: sed non propterea directe sequitur quod illa opi</Unicode>
                </TextEquiv>
            </TextLine>
            <TextLine id="r1l86" custom="readingOrder {index:40;}">
                <Coords points="1180,1769 1949,1767 1949,1734 1865,1727 1180,1729"/>
                <Baseline points="1185,1760 1224,1760 1264,1760 1304,1760 1344,1760 1384,1760 1424,1760 1464,1760 1504,1760 1544,1760 1584,1758 1624,1758 1664,1758 1704,1758 1744,1758 1784,1757 1824,1758 1864,1758 1904,1758 1944,1758"/>
                <TextEquiv>
                    <Unicode>nio potest corrumpere scientiam. sicut dici solet in ma¬</Unicode>
                </TextEquiv>
            </TextLine>
            <TextLine id="r1l88" custom="readingOrder {index:41;}">
                <Coords points="1176,1806 1947,1807 1961,1767 1176,1771"/>
                <Baseline points="1181,1797 1219,1797 1258,1797 1297,1797 1336,1797 1374,1797 1413,1797 1452,1796 1491,1796 1529,1796 1568,1796 1607,1796 1646,1794 1684,1794 1723,1794 1762,1794 1801,1794 1839,1794 1878,1794 1917,1794 1956,1796"/>
                <TextEquiv>
                    <Unicode>teria actionis et reactionis / quod humiditas est maioris</Unicode>
                </TextEquiv>
            </TextLine>
            <TextLine id="r1l90" custom="readingOrder {index:42;}">
                <Coords points="1174,1842 1958,1842 1937,1802 1173,1805"/>
                <Baseline points="1179,1835 1217,1835 1256,1835 1295,1835 1333,1833 1372,1833 1411,1833 1449,1833 1488,1833 1527,1832 1566,1832 1604,1832 1643,1832 1682,1832 1720,1832 1759,1832 1798,1832 1836,1832 1875,1832 1914,1833 1953,1833"/>
                <TextEquiv>
                    <Unicode>resistentie quam actiuitatis / siccitas maxime resistentie</Unicode>
                </TextEquiv>
            </TextLine>
            <TextLine id="r1l92" custom="readingOrder {index:43;}">
                <Coords points="1180,1881 1957,1876 1938,1840 1179,1844"/>
                <Baseline points="1185,1871 1223,1871 1261,1872 1300,1872 1338,1872 1376,1872 1415,1872 1453,1872 1491,1871 1530,1871 1568,1871 1606,1871 1645,1869 1683,1869 1721,1869 1760,1869 1798,1869 1836,1869 1875,1870 1913,1871 1952,1872"/>
                <TextEquiv>
                    <Unicode>et minime actiuitatis inter qualitates primas. Sed for¬</Unicode>
                </TextEquiv>
            </TextLine>
            <TextLine id="r1l94" custom="readingOrder {index:44;}">
                <Coords points="1170,1918 1952,1917 1952,1878 1170,1881"/>
                <Baseline points="1175,1908 1213,1908 1252,1908 1290,1908 1329,1908 1368,1908 1406,1908 1445,1907 1483,1907 1522,1907 1561,1907 1599,1907 1638,1907 1676,1907 1715,1907 1754,1907 1792,1907 1831,1907 1869,1907 1908,1907 1947,1908"/>
                <TextEquiv>
                    <Unicode>tasse istud tibi non placet in his formis spiritualibus</Unicode>
                </TextEquiv>
            </TextLine>
            <TextLine id="r1l96" custom="readingOrder {index:45;}">
                <Coords points="1179,1949 1946,1962 1946,1918 1918,1915 1179,1914"/>
                <Baseline points="1184,1944 1221,1945 1259,1946 1297,1946 1335,1946 1373,1946 1411,1946 1448,1946 1486,1946 1524,1944 1562,1944 1600,1944 1638,1943 1676,1943 1713,1943 1751,1943 1789,1943 1827,1944 1865,1946 1903,1947 1941,1947"/>
                <TextEquiv>
                    <Unicode>sicut de quattuor qualitatibus primis: sed vtrobique</Unicode>
                </TextEquiv>
            </TextLine>
            <TextLine id="r1l98" custom="readingOrder {index:46;}">
                <Coords points="1173,1993 1949,1988 1949,1960 1906,1950 1173,1952"/>
                <Baseline points="1178,1983 1216,1983 1254,1983 1292,1983 1331,1983 1369,1983 1407,1982 1446,1982 1484,1982 1522,1982 1561,1982 1599,1980 1637,1980 1675,1980 1714,1980 1752,1980 1790,1980 1829,1980 1867,1982 1905,1982 1944,1983"/>
                <TextEquiv>
                    <Unicode>hoc quod est maioris resistentie / est maioris actiuita¬</Unicode>
                </TextEquiv>
            </TextLine>
            <TextLine id="r1l100" custom="readingOrder {index:47;}">
                <Coords points="1174,2029 1958,2027 1958,1997 1912,1988 1174,1994"/>
                <Baseline points="1179,2019 1217,2019 1256,2019 1295,2019 1333,2019 1372,2019 1411,2018 1449,2018 1488,2018 1527,2018 1566,2018 1604,2018 1643,2018 1682,2018 1720,2018 1759,2018 1798,2018 1836,2019 1875,2019 1914,2019 1953,2019"/>
                <TextEquiv>
                    <Unicode>tis. Secundo concedes quod dari potest opinio adeo in¬</Unicode>
                </TextEquiv>
            </TextLine>
            <TextLine id="r1l102" custom="readingOrder {index:48;}">
                <Coords points="1173,2064 1928,2068 1942,2025 1173,2030"/>
                <Baseline points="1178,2057 1217,2057 1257,2057 1297,2055 1337,2055 1377,2055 1417,2055 1457,2055 1497,2055 1537,2054 1577,2054 1617,2054 1657,2054 1697,2054 1737,2054 1777,2055 1817,2055 1857,2055 1897,2056 1937,2057"/>
                <TextEquiv>
                    <Unicode>tensa: vt vnam pusillam scientiam corrumpat. Toto</Unicode>
                </TextEquiv>
            </TextLine>
            <TextLine id="r1l104" custom="readingOrder {index:49;}">
                <Coords points="1177,2101 1945,2102 1933,2063 1177,2065"/>
                <Baseline points="1182,2093 1219,2094 1257,2094 1295,2094 1333,2094 1371,2094 1409,2093 1447,2093 1485,2093 1523,2093 1561,2091 1598,2091 1636,2091 1674,2091 1712,2091 1750,2091 1788,2091 1826,2092 1864,2093 1902,2094 1940,2096"/>
                <TextEquiv>
                    <Unicode>isto non expugnatur nostra conclusio / videlicet quod ha</Unicode>
                </TextEquiv>
            </TextLine>
            <TextLine id="r1l106" custom="readingOrder {index:50;}">
                <Coords points="1173,2140 1946,2140 1929,2097 1173,2102"/>
                <Baseline points="1178,2130 1216,2130 1254,2130 1292,2130 1330,2130 1368,2129 1406,2129 1445,2129 1483,2129 1521,2129 1559,2129 1597,2129 1635,2129 1673,2130 1712,2130 1750,2130 1788,2130 1826,2130 1864,2130 1902,2129 1941,2129"/>
                <TextEquiv>
                    <Unicode>bitus simul stant. Sed contra istud arguitur. tunc fi¬</Unicode>
                </TextEquiv>
            </TextLine>
            <TextLine id="r1l108" custom="readingOrder {index:51;}">
                <Coords points="1182,2178 1946,2178 1933,2138 1182,2137"/>
                <Baseline points="1187,2168 1224,2168 1262,2168 1300,2168 1337,2168 1375,2168 1413,2166 1450,2166 1488,2166 1526,2166 1564,2166 1601,2166 1639,2166 1677,2166 1714,2166 1752,2166 1790,2166 1827,2166 1865,2168 1903,2168 1941,2169"/>
                <TextEquiv>
                    <Unicode>des potest corrumpere scientiam. Sed hoc negas:</Unicode>
                </TextEquiv>
            </TextLine>
            <TextLine id="r1l110" custom="readingOrder {index:52;}">
                <Coords points="1176,2219 1946,2215 1946,2179 1872,2173 1176,2179"/>
                <Baseline points="1181,2207 1219,2206 1257,2205 1295,2205 1333,2204 1371,2204 1409,2204 1447,2204 1485,2204 1523,2204 1561,2204 1599,2204 1637,2204 1675,2204 1713,2204 1751,2204 1789,2205 1827,2205 1865,2205 1903,2205 1941,2205"/>
                <TextEquiv>
                    <Unicode>quia non sunt de opposito. Saltem sequitur quod potest cor</Unicode>
                </TextEquiv>
            </TextLine>
            <TextLine id="r1l112" custom="readingOrder {index:53;}">
                <Coords points="1167,2249 1941,2253 1955,2211 1167,2212"/>
                <Baseline points="1172,2244 1210,2243 1249,2243 1288,2243 1327,2242 1366,2241 1405,2241 1444,2241 1483,2241 1522,2240 1561,2240 1599,2240 1638,2240 1677,2240 1716,2240 1755,2241 1794,2241 1833,2241 1872,2241 1911,2243 1950,2243"/>
                <TextEquiv>
                    <Unicode>rumpere scientiam error vel auctoritas virorum. vn</Unicode>
                </TextEquiv>
            </TextLine>
            <TextLine id="r1l114" custom="readingOrder {index:54;}">
                <Coords points="1177,2287 1946,2289 1946,2254 1923,2248 1177,2248"/>
                <Baseline points="1182,2280 1221,2280 1261,2279 1301,2279 1341,2279 1381,2279 1421,2279 1461,2279 1501,2279 1541,2279 1581,2279 1621,2279 1661,2279 1701,2279 1741,2279 1781,2279 1821,2279 1861,2280 1901,2280 1941,2280"/>
                <TextEquiv>
                    <Unicode>de si tu habeas scientiam huius: super lineam datam:</Unicode>
                </TextEquiv>
            </TextLine>
            <TextLine id="r1l116" custom="readingOrder {index:55;}">
                <Coords points="1167,2323 1946,2326 1930,2286 1167,2291"/>
                <Baseline points="1172,2318 1210,2318 1248,2318 1287,2316 1325,2316 1364,2316 1402,2316 1441,2316 1479,2315 1518,2315 1556,2315 1594,2315 1633,2315 1671,2315 1710,2315 1748,2315 1787,2316 1825,2316 1864,2316 1902,2316 1941,2316"/>
                <TextEquiv>
                    <Unicode>et superueniat geometra quem eruditum et non falla</Unicode>
                </TextEquiv>
            </TextLine>
            <TextLine id="r1l118" custom="readingOrder {index:56;}">
                <Coords points="1167,2362 1936,2369 1936,2331 1843,2322 1167,2333"/>
                <Baseline points="1172,2355 1211,2354 1251,2354 1291,2354 1331,2352 1371,2352 1411,2352 1451,2352 1491,2352 1531,2352 1571,2352 1611,2352 1651,2352 1691,2352 1731,2354 1771,2354 1811,2354 1851,2354 1891,2354 1931,2355"/>
                <TextEquiv>
                    <Unicode>cem reputas: et dicat tuum assensum esse erroneum:</Unicode>
                </TextEquiv>
            </TextLine>
            <TextLine id="r1l120" custom="readingOrder {index:57;}">
                <Coords points="1167,2401 1937,2400 1913,2360 1167,2362"/>
                <Baseline points="1172,2390 1210,2390 1248,2390 1286,2390 1324,2390 1362,2390 1400,2390 1438,2390 1476,2390 1514,2390 1552,2390 1590,2390 1628,2390 1666,2390 1704,2390 1742,2390 1780,2390 1818,2390 1856,2390 1894,2390 1932,2391"/>
                <TextEquiv>
                    <Unicode>titubabis saltem si multi tales supueniant. et sic so¬</Unicode>
                </TextEquiv>
            </TextLine>
            <TextLine id="r1l122" custom="readingOrder {index:58;}">
                <Coords points="1173,2450 1599,2428 1943,2441 1943,2400 1173,2401"/>
                <Baseline points="1178,2430 1216,2429 1254,2429 1292,2429 1330,2427 1368,2427 1406,2427 1444,2427 1482,2427 1520,2427 1558,2426 1596,2426 1634,2426 1672,2426 1710,2426 1748,2427 1786,2427 1824,2427 1862,2427 1900,2427 1938,2427"/>
                <TextEquiv>
                    <Unicode>phisma superueniens coget te relinquere assensum</Unicode>
                </TextEquiv>
            </TextLine>
            <TextLine id="r1l124" custom="readingOrder {index:59;}">
                <Coords points="1164,2478 1939,2477 1923,2435 1164,2441"/>
                <Baseline points="1169,2466 1207,2466 1245,2465 1283,2465 1322,2463 1360,2463 1398,2462 1436,2462 1475,2462 1513,2462 1551,2462 1589,2462 1628,2462 1666,2463 1704,2463 1742,2463 1781,2465 1819,2465 1857,2465 1895,2466 1934,2466"/>
                <TextEquiv>
                    <Unicode>scientificum: etiam stante assensu premissarum et bo¬</Unicode>
                </TextEquiv>
            </TextLine>
            <TextLine id="r1l126" custom="readingOrder {index:60;}">
                <Coords points="1168,2513 1934,2511 1934,2480 1869,2470 1168,2477"/>
                <Baseline points="1173,2504 1210,2503 1248,2502 1286,2501 1324,2501 1362,2501 1399,2501 1437,2499 1475,2499 1513,2499 1551,2499 1588,2499 1626,2501 1664,2501 1702,2501 1740,2501 1777,2502 1815,2502 1853,2502 1891,2503 1929,2504"/>
                <TextEquiv>
                    <Unicode>nitatis consequentie. et eodem modo potest qnis per</Unicode>
                </TextEquiv>
            </TextLine>
            <TextLine id="r1l128" custom="readingOrder {index:61;}">
                <Coords points="1165,2552 1947,2545 1946,2511 1820,2506 1164,2515"/>
                <Baseline points="1169,2543 1207,2541 1246,2540 1284,2540 1323,2540 1362,2538 1400,2538 1439,2538 1477,2538 1516,2538 1555,2538 1593,2538 1632,2538 1670,2538 1709,2538 1748,2538 1786,2538 1825,2540 1863,2540 1902,2540 1941,2540"/>
                <TextEquiv>
                    <Unicode>multa sophismata cogere te relinquere fidem tu¬</Unicode>
                </TextEquiv>
            </TextLine>
            <TextLine id="r1l130" custom="readingOrder {index:62;}">
                <Coords points="1165,2587 1921,2594 1940,2552 1165,2555"/>
                <Baseline points="1170,2579 1208,2579 1246,2577 1284,2577 1323,2577 1361,2577 1399,2576 1437,2576 1476,2576 1514,2576 1552,2576 1590,2576 1629,2574 1667,2576 1705,2576 1743,2576 1782,2576 1820,2576 1858,2577 1896,2578 1935,2579"/>
                <TextEquiv>
                    <Unicode>am. nam fides licet sit altioris speciei errore vel opi</Unicode>
                </TextEquiv>
            </TextLine>
            <TextLine id="r1l132" custom="readingOrder {index:63;}">
                <Coords points="1171,2625 1946,2625 1946,2590 1171,2593"/>
                <Baseline points="1176,2615 1214,2615 1252,2616 1290,2616 1329,2616 1367,2615 1405,2615 1443,2615 1482,2614 1520,2613 1558,2613 1596,2612 1635,2612 1673,2612 1711,2612 1749,2612 1788,2612 1826,2613 1864,2615 1902,2616 1941,2618"/>
                <TextEquiv>
                    <Unicode>nione de opposito: tamen error potest esse tam</Unicode>
                </TextEquiv>
            </TextLine>
            <TextLine id="r1l134" custom="readingOrder {index:64;}">
                <Coords points="1168,2663 1905,2662 1943,2656 1943,2625 1168,2630"/>
                <Baseline points="1173,2652 1211,2652 1249,2652 1287,2652 1326,2652 1364,2652 1402,2651 1440,2651 1479,2651 1517,2651 1555,2651 1593,2651 1632,2651 1670,2651 1708,2651 1746,2651 1785,2651 1823,2651 1861,2651 1899,2651 1938,2651"/>
                <TextEquiv>
                    <Unicode>magnus: vt assensum fidei corrumpat: non ne¬</Unicode>
                </TextEquiv>
            </TextLine>
            <TextLine id="r1l136" custom="readingOrder {index:65;}">
                <Coords points="1167,2711 1940,2702 1939,2656 1166,2665"/>
                <Baseline points="1172,2697 1210,2696 1248,2694 1286,2693 1324,2693 1362,2691 1400,2691 1439,2690 1477,2690 1515,2690 1553,2690 1591,2688 1629,2688 1667,2688 1706,2688 1744,2688 1782,2688 1820,2690 1858,2690 1896,2690 1935,2691"/>
                <TextEquiv>
                    <Unicode>gatiue te distrahendo a tua consideratione: quia</Unicode>
                </TextEquiv>
            </TextLine>
            <TextEquiv>
                <Unicode>bras expellit et subiectum intense vel remisse reddit lu¬
cidum. hoc non valet: quia calor est altioris speciei quam fri
gus: et tamen non oportet quemlibet gradum caloris quodli¬
bet frigus corrumpere. ⁋ Ad primum nego consequentiam: qui
forma sustantialis aque compatitur frigus per breuem
morulam: non tamen diu. Actus autem scientificus quanto
diutius continuatur / tanto pius habitus opinionis cor
rumpit: quia agit secundum totam suam actionem. Actus namque
scientificus et habitus opinatiuus virtualiter contra
riantur: et non formaliter: et inclinant in effectus forma¬
liter contrarios. Ad aliud concedis quod dabilis est vnus
habitus opinatiuus tante resistentiae: vt hec parua scien
tia nihil eius corrumpere possit. et licet hec parua scien¬
tia vnam partem huius habitus corrupere possit si
separetur a suo toto: non tamen dummodo est in suo to
to: quia ab illo fulcimentum resistendi accipit. datur autem
maxima scientia a qua hic habitus opinio pati non po¬
test: et illa nihil huius opinionis corrumpere potest: 
sed quelibet maior scientia in actiuitate illa data po¬
test partibiliter hunc habitum extinguere: vel subito.
Sed argumentum topicum adductum stante scien¬
tia non potest illum habitum intendere: quod patet: quia
non potest intendere habitum nisi mediante suo actu:
modo nullum actum producere potest stante scientia propter for
malem repugnantiam. Quapropter stat vnum demon¬
strationem adduci pluries ad eandem conclusionem
probandam: et non producere scientiam propter indispo¬
sitionem subiecti: et per consequens homo non erit magis
dispositus ad scientifice assentiendum quam a principio.
⁋ Sed contra istud arguitur. per idem erit aliqua opinio
actus actiuior scientia: et naturaliter agat ad corru¬
ptionem scientie (sicut econuerso) secundum extremum
sue potentie. sicut enim calor inclinatur corrumpere frigus
sic frigus inclinatur corrumpere calorem. et sicut potest esse
aliqua opinio actus ita sortis in resistendo ne corrun¬
patur ab hoc actu scientifico: ita hec opinio actus ve
maior potest corrumpere hanc scientiam. ⁋ Respon
detur concedendo quod dabilis est vna opinio actus tan
te resistentie: vt hec parua scientia non possit eam cor¬
rumpere: sed non propterea directe sequitur quod illa opi
nio potest corrumpere scientiam. sicut dici solet in ma¬
teria actionis et reactionis / quod humiditas est maioris
resistentie quam actiuitatis / siccitas maxime resistentie
et minime actiuitatis inter qualitates primas. Sed for¬
tasse istud tibi non placet in his formis spiritualibus
sicut de quattuor qualitatibus primis: sed vtrobique
hoc quod est maioris resistentie / est maioris actiuita¬
tis. Secundo concedes quod dari potest opinio adeo in¬
tensa: vt vnam pusillam scientiam corrumpat. Toto
isto non expugnatur nostra conclusio / videlicet quod ha
bitus simul stant. Sed contra istud arguitur. tunc fi¬
des potest corrumpere scientiam. Sed hoc negas:
quia non sunt de opposito. Saltem sequitur quod potest cor
rumpere scientiam error vel auctoritas virorum. vn
de si tu habeas scientiam huius: super lineam datam:
et superueniat geometra quem eruditum et non falla
cem reputas: et dicat tuum assensum esse erroneum:
titubabis saltem si multi tales supueniant. et sic so¬
phisma superueniens coget te relinquere assensum
scientificum: etiam stante assensu premissarum et bo¬
nitatis consequentie. et eodem modo potest qnis per
multa sophismata cogere te relinquere fidem tu¬
am. nam fides licet sit altioris speciei errore vel opi
nione de opposito: tamen error potest esse tam
magnus: vt assensum fidei corrumpat: non ne¬
gatiue te distrahendo a tua consideratione: quia</Unicode>
            </TextEquiv>
        </TextRegion>
    </Page>
</PcGts>
