2364 3307
463 210 1243 268 sed est idem intellectus numero: qui alia ratione vo¬
469 265 1241 308 catur practicus: et alia ratione speculatiuus: sicut real
459 301 1246 342 ter intellectus est voluntas. Quo fit: vt hec sit vera de
462 338 1240 384 virtute sermonis: intellectui speculatiuo habitus pra¬
474 376 1249 424 ticus inheret: identidem intellectui practico habitus
462 415 1241 457 speculatiuus inheret: sed tales non sunt consuete in mo
468 454 1245 496 do loquendi. Quod ille sint vere patet: quia vna illarum est ve¬
468 487 1235 533 ra: et equa est ratio de alia: ergo vtraque est vera. vnius
463 532 1241 570 veritas patet: quia huic anime inheret habitus speculatiuus:
456 559 1246 603 hec anima est intellectus practicus: ergo intellectui
474 600 1240 644 practico inheret habitus speculatiuus: maiore in obl
481 638 1241 678 uo / minore in recto / concludendo eandem obliquitatem
463 675 1247 716 in conclusione. Ex isto patet quod non est idem obiectu pra¬
465 712 1246 751 cticum / praxis / actus practicus / habitus practicus /
466 752 1247 794 et intellectus practicus. ⁋ Ad tertiam dubitationem
459 785 1243 826 conceditur quod conclusio practica sequitur ex duabus
468 827 1240 868 quarum vna premissarum est practica et alia speculatiua:
463 862 1238 904 vt sic arguendo: omne summum bonum est diligendum: deus
463 900 1241 938 est summum bonum: ergo deus est diligendus. omne ma
468 934 1248 979 lum est vitandum: adulterium est malum: ergo adul¬
460 971 1244 1010 terium est vitandum. minores istorum syllogismorum
456 1010 1241 1053 sunt speculatiue: et earum assensus sunt speculatiui:
472 1044 1250 1086 sicut syllogismus: cuius vna premissarum est negatiua
472 1088 1247 1129 est negatiuus: totus enim syllogismus insequitur finem:
472 1118 1247 1157 sicut primo priorum in mixtionibus ex vna de contingen¬
466 1156 1244 1201 ti et alia de necessario sequitur conclusio ex altera tantum. Si
469 1194 1249 1240 assensus minorum in his syllogismis sufficiant ad noti¬
469 1235 1239 1277 tiam practicam: euacuabis notitiam speculatiuam.
469 1271 1240 1314 ⁋ Dubitatur quarto: quomodo scientia practica seu actus
471 1306 1237 1348 ua distinguatur a prudentia / et scientia factiua ab ar
466 1342 1246 1387 te. Respondetur. actio a factio distinguuntur ab inuicem:
472 1381 1244 1430 vt patet. vi. ethicorum. sed de modo differentie non est vsque
471 1420 1244 1463 quaque certum: actibile enim vel agibile secundum Eustratium
459 1457 1240 1499 primo ethicorum est quod cessat agentis actione cessante: id
471 1490 1246 1535 st non est nisi dum agit agens: sicut intellectio non est
457 1529 1241 1568 nisi dum agens eam agit: vt videre / audire: et sic de ta
460 1564 1240 1614 libus. Factibile vero dicitur quod cessante actione per quam
468 1601 1237 1645 abet esse non cessat: seu quod non desinit esse agente cessan¬
459 1638 1252 1684 te agere: sicut liber vel arca non cessat earum agenti
459 1676 1250 1717 bus cessantibus agere: hoc autem intelligendum est de
469 1716 1241 1762 agentibus secundis. nam nulla res subsistere potest
456 1749 1244 1797 deo cessante agere ipsam. huic modo dicendi videtur
462 1791 1243 1837 esse conformis philosophus. ix. metaphysice et primo
468 1831 1247 1875 ethicorum. ⁋ Sed contra hoc arguitur. Aristoteles pri
468 1867 1244 1918 mo magnorum Moralium ponit citharizare inter ope¬
472 1906 1251 1948 rationes: quarum non est aliud opus praeter operationem: et
469 1940 1242 1987 tamen citharizare non videtur esse actio: sed magis fa
460 1976 1244 2026 ctio: cum pertineat ad artem: et non ad prudentiam. Alii
463 2015 1235 2062 dicunt quod factio est que transit in materiam exteriorem
469 2052 1249 2095 vt domificatio / fabricatio / et hismodi. Actio autem est que
457 2090 1244 2137 manet in agente: vt volitio / intellectio. ⁋ Sed contra
468 2121 1238 2175 hoc arguitur. omnes operationes virtutum moralium
457 2162 1242 2211 sunt actiones: quarum tamen multe transeunt in mate
460 2203 1229 2246 riam exteriorem. Placet aliis et apparenter aliter dice
475 2239 1239 2286 re: quod omni habitui intellectuali cmonis est operatio inter
466 2272 1237 2318 lectus: sed differenter: quoniam omnis operatio intellectus
456 2310 1245 2366 ordinata finaliter ad dirigendam operationem exteriorem
462 2353 1238 2398 vt ipsa res operata in se sit bona et perfecta dicitur fa¬
471 2388 1242 2436 ctio siue operatio factiua: et pertinet ad artem. Omnis
471 2429 1246 2472 autem operatio intellectus ordinata finaliter ad di¬
462 2463 1237 2505 rigendam electionem vt electio sit in se bona et honesta /
462 2499 1241 2544 dicitur actio siue operatio actiua: et spectat ad prudem
469 2539 1249 2582 tiam. Non inconuenit idem pertinere ad artem et pruden¬
469 2575 1237 2623 tiam secundum aliam et aliam rationem: et sic idem est agibile
471 2618 1250 2659 et factibile: actio a factio. domus enim est factibilis prout
460 2649 1257 2703 intenditur vt res extra operabilis: et sic domificatio
1311 211 2112 276 est factio: sed domus est agibilis secundum quod ordinabilis
1314 267 2107 309 in finem vltimum: puta in felicitatem: et domificatio sic
1317 307 2096 347 est actio. ⁋ Ex isto patet quod non solum operatio que de
1308 344 2096 381 relinquit opus operatum aliud ab ipsa operatioe di¬
1309 382 2099 426 citur factio: prout factio spectat ad artem: et non ad
1311 416 2104 461 prudentiam: qui citharizare / equitare / cantare / sunt fa
1315 455 2099 496 ctiones et pertinent ad artem sicut domificare. vel fabri¬
1318 495 2094 540 care: et secundum hoc potest exponi philosophus. ⁋ Ara
1323 529 2102 577 autem et prudentia multifariam distinguuntur. nam obiectum
1316 569 2100 605 prudentie est agibile inquatum agibile: artis factibi
1314 603 2104 644 le inquantum factibile: et licet eadem res sit agibilis et fa¬
1314 642 2102 685 ctibilis: hoc est secundum diuersas rationes: vt domus est
1311 675 2093 720 factibilis secundum factionem: que est motus transiens in
1311 712 2093 759 materiam exteriorem: qua domus extra producitur: ipsa
1308 755 2092 798 vero est agibilis secundum actionem: que est interior ele
1314 789 2093 834 ctio ad faciendam domum propter honestum finem et
1317 829 2101 870 per media honesta. Finis prudentie est honestum: artis
1317 860 2106 918 vero finis vtile. Sed istud discrimen non est reale: vti
1311 897 2093 943 le enim non distinguitur ab honesto: sed sufficit rationis di¬
1305 937 2099 987 stinctio: secundum discrimem Aristotelis. vi. ethicorum. artis
1308 977 2094 1022 est virtus: prudentie vero non est virtus: id est ars indi
1307 1018 2099 1060 get prudentia dirigente ipsum artificium in finem de¬
1321 1053 2101 1094 itum et honestum: prudentia vero non indiget alia cau
1314 1082 2088 1138 sa sic dirigente. Prudentia item et scientia differunt: quia
1318 1118 2090 1168 scientia secundum philosophum. vi. ethicorum / est eternorum inge
1317 1159 2090 1207 nitorum e incorruptibilium: hoc est secunde intentionaliter
1314 1199 2099 1249 propositionum non potentium aliter se habere. et scientia
1309 1241 2091 1285 est vniuersalium: prudentia vero est singularium et po¬
1318 1278 2093 1317 tentium aliter se habere. et eodem modo de arte. Varie
1312 1310 2096 1352 autem hec ab expositoribus Aristotelis intelligitur. ego sic
1314 1344 2096 1394 intelligo Aristotelem: prudentia est interdum vniuersalium
1318 1390 2100 1434 t necessariorum: et tunc coincidit in supponendo cum scien
1315 1423 2093 1466 tia practica. A morali quidem philosophia differt: que
1305 1461 2094 1508 est de habitibus voluntatis: palam est enim quod non differt
1308 1501 2102 1545 ab ipsamet que est moralis philosophia intellectua¬
1312 1529 2096 1580 lis. sed non est necesse: quod prudentia sit vniuersalium et
1317 1573 2096 1618 necessariorum: quod requiritur ad scientiam. et sic est discri-
1312 1611 2099 1652 men rationis: vel aggregatum scientie practice distingui
1314 1645 2090 1691 tur ab aggregato prudentie: cum vna multitudo in¬
1302 1688 2096 1731 cludat contingentes propositiones quas alia excludit. cum autem
1315 1717 2093 1770 Aristoteles inter hec voluerit ponere discrimen: non
1320 1762 2099 1805 bebuit dicere: saltem ad suum negocium non spectabat: da¬
1318 1796 2090 1840 re eorum conuenientiam: sed solum differentiam. Pru¬
1318 1828 2095 1872 dentia nihil aliud est nisi notitia iudicatiua ostendens
1309 1872 2095 1911 aliquid esse faciendum taliter qualiter fieri debet: vel
1315 1903 2093 1948 fugiendum taliter qualiter fugi debet: vt notitia iudi
1315 1945 2093 1991 catiua qua iudico quod iste cholericus bili commotus est
1320 1982 2096 2022 per leuia verba mitigandus: vel notitia huius / ome ho¬
1303 2022 2090 2061 nestum est prosequendum / prudentia est auriga et dire¬
1321 2057 2087 2101 trix virtutum moralium. idem autem est prudentiam dirigere
1315 2094 2087 2134 virtutem / et eam regulare: et ostendere qualiter ipsa fieri de
1317 2132 2099 2177 beat. Experimentum vo a ars hoc modo scatent: vt patet pri
1309 2170 2087 2217 mo metaphysice et. ii. posteriorum. ex sensu fit memoria
1303 2210 2092 2245 ex memoria experimetum / ex multis experimetis in¬
1315 2239 2087 2284 ducitur vna vniuersalis: que est principium artis. hoc
1305 2278 2081 2321 est ex senlationibus quelunt notitie intuitiue fit me¬
1308 2319 2080 2355 moria: id est notitia memoratiua eiusdem obiecti: cuius
1302 2354 2096 2396 fuit sensatio: et hec memoratiua est notitia abstracti¬
1309 2392 2090 2436 ua: ambe autem iste sensatio a memoria sunt notitie
1309 2427 2084 2477 singulares simplices apprehensiue. ex multis quoque
1308 2467 2084 2512 memoriis fit experimentum. Est autem experimentum iudi¬
1309 2508 2097 2551 cium alicuius singularis non sensati causatum ex mul¬
1312 2540 2086 2589 tis memoriis consimilium prius sensatorum. exemuli cau
1308 2574 2086 2619 sa: per tactum noui a. igne fuisse calefactiuu et b. ignem
1315 2615 2081 2658 similiter: viso c. igne a remotis quem non sensi: ex memo
1306 2656 2089 2707 riis a. et b. ignium prius sensatorum a me: iudico c. ignem
