2381 3299
250 236 1064 300 calefactiuum. assensus iste. c. ignis est calefactiuus
255 295 1060 337 est experimentum. ex multis autem expimentis accipitur
251 337 1065 378 vniuersalis. Intellectus sane supplet bonitatem consequentie
248 371 1067 417 in inductione: videns hoc rhabarbarumpurgare chole
253 411 1061 452 ram: et illud: et non percipit instantiam: et videt quare il
252 446 1058 486 lud prouenit: hoc est ab hac proprietate rhabarbari
246 484 1064 525 hic est difficultas si capiatur in antecedente: et sic
246 521 1061 564 de aliis antecedens non erit notius consequente. Si di
243 563 1057 606 cas: hic ignis est calidus demonstrando a: et sic de. c.
255 595 1066 639 igne: quorum quaelibet est sensatus. tunc si protinus inferas si¬
250 637 1055 675 ne vlterioribus propositionibus vniuersalem: discursus
261 674 1061 715 est mala consequentia. non enim sufficit ad probandum ali
262 711 1064 755 quod consequens euidenter assumere antecedens eui¬
244 750 1048 793 dens: nisi consequentia fuerit euidens: alioquin hanc probabi¬
246 788 1051 827 euidentem: deus est trinus et vnus per hanc: quodlibet es
243 825 1051 864 vel non est. Sed iuuamen in tellectus hic supplet bon
247 861 1055 900 tatem consequene apponendo hanc prpositionem: quaelibet proprie¬
237 902 1051 946 tas conueniens vni indiuiduo vnius speciei: illa ve
249 936 1054 981 similis in specie est nata competere cuilibet: et illa
243 975 1048 1018 nulli bene considerantitest dubia. sed notitia sortis so¬
236 1010 740 1052 tem reprasentat et non platonem.
472 1053 1049 1097 Veritur septimo de obiecto scientie et
459 1090 1046 1146 fidei. Circa hoc multiplex est modus
436 1134 1046 1173 opinandi Quidam enim ponunt complexe si
454 1166 1052 1215 gnificabilia esse obiectum scie: de quibus
451 1210 1048 1249 nusquam loquor fundamentum positionis re
250 1246 1045 1293 citando: tum quia ipsa satis est in vsu. tum secundo (a hoc pli¬
237 1282 1043 1329 mouet) quod sunt voluntarie ficta: et sine auctoritater
243 1320 1048 1362 sine ratione. Alii praecise dicunt rem significatam per extre¬
244 1359 1043 1399 ma conclusionis esse obiectum scie. Tertii dicunt conclu
240 1397 1043 1441 sionem esse obiectum scientie et fidei. et hoc multi ar
247 1433 1045 1477 tiquorum tenuerunt. vt Altissiodorus. in. iii. in mate
246 1472 1040 1518 ria de fide. apud alios dicebatur res ad extra quo
238 1512 1046 1558 dam modo obiectum tanquam res scita ad extra: hoc patet
238 1546 1036 1587 apud sactantum Thomam. in pricipio secunde secunde. et api
237 1584 1051 1625 Alexandrum halensem. Dens isti modi / demptis com¬
246 1621 1042 1667 plexe significabilibus) non debent habere discrimem
237 1662 1045 1701 magni momenti. ⁋ Propterea respondetur ad titu¬
240 1697 1045 1739 lum questionis. Et coclusio demonstrata: termini eius
241 1736 1041 1782 et res significate per illos: dicuntur esse obiecta scientie
236 1774 1039 1816 pariter et fidei. probatur conclusio sic: esse obiectum fidei: n
244 1811 1037 1852 hil aliud est quam terminare assensum credendi: illud es
237 1849 1036 1892 doiter esse obiectum credibile: in quod tendit assensus
243 1891 1040 1929 credendi. Similiter illud est obiectum scientificum: in
238 1925 1031 1971 quod actus scientificus dirigitur: hoc patet vbiqu
243 1963 1037 2005 de obiecto a eius notitia: obiectum enim visionis est
247 2003 1046 2042 color extenso termino: et sonus auditus: et italinducti
235 2041 1041 2085 ue: modo intellectus assentiens huic: christus resur
246 2075 1037 2117 rexit a mortuis habet assensum creditiuum: quo cre
240 2115 1048 2162 dit huic complexo. et intellectus considerat partes illius
237 2155 1045 2193 enunciabilis: et res significatas per eas. Quare imanis
247 2191 1031 2231 est satyricus morsus virorum de vario modo opinam
249 2228 1033 2271 di in hac parte pro difficultate verbali. ⁋ Sed con
253 2267 1040 2315 tra istud arguitur. ex isto sequitur quod fides: error: et opi
253 2305 1039 2346 nio: essent de eodem: contra dicta in questione quinta
246 2338 1033 2390 Insuper sequeretur quod scientia esset notitia reflexa. si
253 2380 1037 2420 militer fides. ⁋ Ad primum propter facilitatem non re
256 2416 1040 2469 spodeo Secundum est facileletiam. si sufficiat ad esse noti¬
255 2457 1040 2498 tiam reflexam esse notitiam iudicatiuam siue apprehensiuam
246 2494 1034 2535 non iudicatiuam: nunquid est corollarium sequens
256 2533 1031 2574 conceditur illatum. ⁋ Secundo arguitur: sequeretu
250 2569 1043 2619 quod scientia esset de corruptibilibus et potentibus ali¬
259 2611 1038 2660 ter se habere: hoc est contra Aristotelem primo poste¬
258 2646 1032 2693 riorum. cosequentia est clara: siue ponantur conclusiones
249 2680 1046 2746 siue res significate per eas esse obiecta. ⁋ Pretea
1134 255 1929 321 tunc omnis scientia esset de terminis. hoc est falsum
1141 300 1929 356 vt patet de quadriuialibus. ⁋ Ad secundum distingui
1135 332 1929 398 tur: vel de corruptibilibus prime intentionaliter: et sic con
1134 380 1923 435 ceditur. quae libet eim creatura potest corrumpi a deo. vel de
1143 418 1925 480 corruptibilibus secunde intentionaliter. i. de propositioni
1138 450 1930 508 bus contingentibus: et sic negatur: etiam res ad extra ta¬
1132 490 1928 546 lem connexionem habent intur se: vt necesse sit praedicatum vni¬
1138 526 1920 579 ri cum subiecto eodem modo sicut denotatur per propositionem.
1139 561 1917 622 Illud argumentum est equaliter contra aduersarios
1126 603 1913 660 dicere complexe significabilia esse ab eterno a non cor
1135 638 1921 694 ruptibilia: et fingere acceptiones entis sine ratione
1131 685 1917 735 est glossa aurelianensem. ⁋ Ad aliod conceditur de obie
1135 715 1917 774 cto complexo a partibus eius: negatur tamen de rebus si¬
1132 753 1915 808 gnificatis per coclusionem. quod dicitur nunc coniter sub ar
1138 796 1919 848 lio vocabulo: conceditur de obiecto proinquo a remo
1129 830 1914 886 tissimo. hoc verum est quia pricipalius intellectus rima
1129 867 1916 926 tur res significatas per terminos quam complexum et par¬
1122 904 1916 953 tes eius: vt patet de scientia huius: superlineam datam¬
1125 945 1914 999 etc. similibus. logica autem dicitur sermocinalis: quia potit
1132 978 1921 1034 simum considerat de sermodne vero vel falso. sic rhetori
1125 1017 1919 1070 ca dicitur: quia cultum a barbaro segregat / et sermonem le
1128 1058 1914 1112 pidum considerat. et ita de grammatica. opposito modo i
1115 1100 1910 1148 vsu est de physica et quadriuialibus. ⁋ Tertio arguitur. s
1125 1134 1918 1189 enunciabile est obiectum fidei: articli fidei sunt mutati:
1123 1173 1919 1226 et alia est fides in nobis et in antiquis: vt patet de hac:
1123 1209 1910 1266 christus morietur / christus mortuus est. ⁋ Ad hoc di
1113 1247 1900 1301 cit quidam quod enunciabile commune ad omnia tempora est articulus
1115 1285 1911 1341 scilicet filium dei esse incarnandum. hoc non satisfacit. Pro
1116 1323 1909 1374 pterea dicitur: quod interdum erat fides de ista christus mo
1117 1362 1910 1410 rietur: nunc autem est assensus fidei de suo opposito: et
1119 1394 1913 1446 fides antiquorum non modo numero distinguitur a fide
1116 1429 1927 1496 nostra: sed specie: lodmur de fide ac quisita. vorobaturi.
1114 1468 1895 1524 qui distinctio obiectorum specifica ar guit distictione
1111 1512 1904 1560 specificam actuum et habituum. ⁋ Sed contra istud argu
1113 1553 1904 1594 tur per glossam prime ad Corrinthi. x. In signis itaque d
1114 1590 1905 1638 uersis eadem est fides: tempora variata sunt: fides non
1121 1622 1905 1675 qui illi christum venturum / passurum crediderunt: nos au
1118 1663 1908 1711 tem venisse et passum esse. Respondetur. Primo est ea
1113 1702 1899 1756 dem fides in specie subalterna. palam est eim quod non loqui
1111 1735 1909 1790 tur glossa dei idetitate numerali. Secudo est eade
1113 1773 1907 1828 fides infusa in specie specialissima: sicut fides infu¬
1114 1815 1907 1860 sa abrahe inclinabat ad assensum istius: messias veniet
1109 1854 1904 1908 ita similis fides infusa inclinabit nos ad credendum
1108 1888 1903 1937 isti: messias iam venit. Tertio dicitur quod est eadem ob¬
1107 1926 1896 1980 iectiue: hoc est circa idem obiectum scilicet circa christum
1339 1964 1915 2012 Ic dubitatur: qua vnitate logica vel
1348 2009 1894 2051 qua scientia dicatur vna. Circa hanc
1342 2045 1903 2088 dubitationem varius est modus respondem
1344 2084 1898 2124 di. Quidam doctor tenet quod scientia to¬
1339 2122 1898 2168 tius physice est vna vnitate numera
1336 2160 1892 2201 li: dum modo sit idem medium demonstran
1339 2200 1893 2246 di: nec inconuenit conclusiones specit
1113 2228 1895 2276 distinctas hatere eandem scientiam numeralem: Et in rei ve
1110 2270 1891 2315 ritate multi antiquorum ibant ad illud in actibus intelle
1102 2315 1889 2353 ctus et voluntatis: ita quod volebant dicere quod quaelibet li
1107 2348 1888 2389 beralitas sit eiusdem speciei cum alio: et quaelibet tem pera
1107 2386 1897 2425 tia cum qualibet alia. hoc ante istum doctorem tenuerunt
1116 2423 1893 2471 Altissiodorus: Alexander / et alii innuneri. Sed contra eam
1113 2461 1882 2501 sunt rationes communes et fortes. nam habitus quoru¬
1107 2492 1892 2540 vnus potest esse sine alio distinguntur: sed quis potest hatre
1111 2534 1885 2578 scientiam vnius conclusionis logicalis habendo errori
1107 2574 1893 2622 praue dispositionis de alia. Item habens scientiam pri¬
1110 2619 1895 2656 me conclusionis geometrie non potest exire in actum cen
1111 2652 1896 2699 tesime conclusionis: sed per studium potest. queritur ergo
1101 2686 1891 2750 an acquirat aliud de nouo: an non. Si primum: cor¬
