2341 3304
259 228 1052 292 instare ad probandum vtrobique passio / em identifica¬
255 286 1045 329 ri cum subiecto: eat ad Thomistas. ⁋ Ad alia argu¬
258 319 1040 362 menta non respondeo: quia vel procedunt de continentia rea¬
256 361 1046 404 li: vel si de continentia in esse cognito / procedunt de conti¬
253 402 1052 442 nentia totali. Et quia argumenta arguentum ad hoc ten
264 436 1043 476 dunt: non est opus responsione ⁋ Alia est positio opi¬
253 472 1049 512 nione mea solum verbaliter / vt plerumque fit / a priore dif¬
240 510 1046 547 ferens: cuius dicta doctor subtilis admitteret. Sum¬
250 550 1033 591 ma positionis est hec. quod logica non est vna aliquo mo
249 585 1037 627 do dicto: nec est vna vnitate subiecti: quia sic omnes
265 621 1046 665 cientie in eadem anima essent vna: sed oportet vide
250 660 1036 707 re subiectum attributionis in illa scientia: hoc est prin¬
255 694 1037 737 cipale consideratum in illa: et scientie ordiate immediate ad
252 733 1046 777 hoc constituunt vnam scientiam. Analogia est de variis ho
253 777 1045 813 minibus in eodem exercitu sub eodem imperatore ad eun¬
247 812 1046 853 dem finem tendentibus qui faciunt vnum exercitum:
253 846 1040 887 esto pius distent localiter quam exercitus oppositi. vt in
249 881 1034 925 logica praedicabilia ordinantur propter intelligentiam
258 922 1037 968 praedicamentorum: et simplicium apprehensio praedicamen¬
252 960 1034 1003 talis ordinatur propter compositionem et diuisionem
253 995 1033 1037 enunciationum: et ille propter argumentationem: ita vi
252 1032 1033 1078 argumentatio praedicetur de contentis in logica in re¬
244 1070 1031 1113 cto: vt de speciebus eius: et de partibus specierum in obl
252 1107 1032 1147 quo: vt praedicamenta fiunt propter argumentationem.
250 1143 1037 1188 praedicabilia autem habent suum subiectum attributio¬
252 1189 1031 1225 nis distinctum a subiecto attributionis praedicamento
250 1222 1038 1262 rum: et sic libri partiales distincta habent subiecta attri¬
252 1254 1034 1301 butionis: sed omnia illa tendunt in subiectum preci¬
250 1297 1037 1336 puum libri totalis: perinde ac decani / centuriones / et
250 1332 1043 1373 similes in paruis classibus presidentes ad intentio¬
244 1366 1037 1407 nem imperatoris obtutum iactat. Subiectum autem conclusio¬
252 1404 1030 1446 nis precipue demonstrabilis in illa scientia est subiectum
243 1443 1033 1486 attributionis illius. Potissima conclusio demonstrabi¬
250 1478 1031 1523 lis in praedicabilibus est hec. omne vniuersale est pre¬
249 1515 1030 1557 dicabile: cuius praedicatum demonstratur de subiecto
244 1557 1040 1597 per definitionem subiecti. non enim est sermo de indiui¬
249 1590 1030 1633 duo in praedicabilibus nisi ad intelligentiam vniuersalis
246 1628 1024 1667 cum oppositorum eadem sit disciplina. sicut est serme
247 1663 1030 1703 de elencho sophistico in elenchis pro vera cognitione
247 1701 1033 1747 elenchi habenda. Quo fit: vt tot sint subiecta attribu
241 1737 1034 1784 tionis partialia quot sunt scientie partiales. sed inter
240 1775 1039 1816 illa est ordo attributionis. Erammatica autem licet pre¬
259 1812 1030 1856 quiratur ad bene esse logice: tamen non fit propter ar¬
258 1853 1043 1895 gumentationem vltimate: sed solum propter sermonem
249 1891 1033 1930 congruum: et ille est finis propinquus eius. Et licet due
259 1924 1034 1968 scientie partiales quarum vna est logica et alia grammati
250 1962 1036 2003 ca pius conueniant essentialiter quam due scientie logica.
251 1999 1036 2042 les inter se: tamen hoc non satis est: cum due secunde
259 2037 1037 2081 plus tendant ad eundem finem quam due priores. et si due
255 2068 1031 2114 plus conueniunt: videlicet Quod nomen proprium quod non ita
252 2111 1039 2155 sit tibi notum. Id prop ium dices: quod non notat vniuoce
253 2148 1038 2196 res Plures. et terminus singularis praedicatur de vna
246 2186 1033 2224 solo: quam iste duae: terminus singularis praedicatur de vno
264 2220 1027 2262 olo: et argumentum in Marbara regulatur per dici de
252 2261 1039 2302 omni. sicut duo homines in variis exercitibus: vt in ex
255 2295 1036 2338 ercitu Pompeii et Cesaris / pius conueniunt in colore /
259 2334 1031 2378 ingua / vel moribus / quam duo de exercitu Pompeii. vterque
250 2373 1035 2418 enim habuit Romanos: et Pompeius variarum gentium
259 2405 1036 2447 homines in exercitu habuit: qui omnes tendebant in vnum finem.
252 2444 1036 2486 Alia est autem ratio quare terminus singularis considera
258 2482 1037 2532 tur a logico / et alia quaere a grammatico. grammaticus namque
252 2520 1037 2557 considerat quis terminus dicatur de vno solo: et quis de plu¬
250 2557 1027 2595 ribus propter passiones grammaticales. logicus vo conside
258 2593 1022 2633 rat secundum subiicibile etpraedicabile. etiam habent alia principia
253 2630 1027 2670 per quae deducuntur. Alid enim est principium grammaticale aliud
262 2669 1026 2730 logicale. Sicut solet contingere de physica et geome
1113 232 1898 288 tria: quarum vtraque considerat de magnitudinibus: a astro
1114 283 1894 328 nomia et physica demonstrant rotunditatem terre. Sed si
1108 323 1895 366 eadem conclusio demonstratur per varia principia: varie fiunt
1117 358 1895 400 scientie. Idem patet per Auicen. lib. i. sue sufficientie ca. viii.
1114 398 1894 442 vbi ostendens quo modo demonstrationes diuersas faciant
1111 435 1892 476 astrologus et physicus de rotunditate terre: ait: primus
1110 470 1892 515 inducit probationes sumptas ex comparatione oppositio
1116 508 1891 547 num / situum / et distantiarum: he autem sicut patet sunt cosidera¬
1104 548 1886 591 tiones pertinentes ad genus continui inquantum huiusmodi: sul
1117 582 1888 626 qua ratione considerat astrologus motus celorum: vt dicit Con¬
1108 620 1894 668 mentator secundo metaphy commento. xxxv. et subdit Aui¬
1108 654 1889 696 cemna. Et inuenimus quod secundus inducit probationes sumptas
1113 693 1900 732 ab eo quod debet natura corpis naturalis: vnde est na
1107 732 1891 773 turale. et sic patet quod terra non intrat considerationem vtri¬
1104 767 1904 818 usque sub vna ratione: sub alia atque alia: et per hoc et
1110 805 1756 847 ipse ex aliis et aliis demonstrant principiis.
1261 840 1889 883 Ubitatur finaliter quod sit subiectum theolo¬
1258 884 1892 925 gie. Respondetur. de subiecto attributonis creber
1242 919 1901 955 rime pullulant positiones: et causa est: quia ad
1249 948 1901 995 nullam partem possunt haberi rationes vehemen¬
1102 993 1886 1039 tes. quaere in talibus curiose insist ere imprudentis est. assumptum
1104 1029 1894 1074 patet: quia aliqui ponunt subiectum logice modum sciendi: aliqui
1105 1073 1894 1113 ens rationis: aliqui argumentationem: aliqui potissimam eius spe¬
1111 1105 1892 1145 ciem scilicet syllogismum: dicentes alias spes eius spectare ad
1105 1141 1901 1188 alias scientias. sic de subiecto physice. Silier in proposi¬
1108 1179 1889 1216 to aliqui ponunt deum sub ratione deitatis subiectu theolo¬
1105 1219 1886 1265 gie / alii Christum / alii deum sub ratione redemptoris / alii
1111 1249 1892 1296 deum sub ratione glorificatoris. loqmur autem de subiecto
1114 1289 1892 1329 attributionis totali. quia palam est tot esse subiecta attribu
1111 1326 1895 1365 tionis partialia quot sunt assensus theologici partiales
1114 1366 1894 1407 t secundum hoc alicuius theologie patur est subiectum: vt pater
1111 1393 1886 1448 generat filium: alicuius creatura est subiectum. ⁋ Sed responde
1104 1436 1886 1476 tur ad dubitationem quod deus inquantum deus est subiectum
1111 1473 1895 1523 heologie. probatur sic Ilud est primum totalis theologie
1114 1510 1886 1561 ubiectu ad quod cetera subiecta theologica habet per
1114 1550 1892 1592 se analogiam et ordinem: sed deus est huismodi. igitur cosequenta patet cum
1107 1587 1891 1631 maiore. et minor probatur sic. quaecumque intrant considerationem
1111 1624 1891 1663 theologicam / vel cosiderantur inquantum effectus dei ma¬
1104 1662 1879 1707 nifestantes eius potentiam / iustitiam / vel misericordiam / et pro¬
1104 1701 1882 1746 uidentiam / vel inquantum praecepta dei et documenta manife
1099 1738 1882 1782 stantia eius voluntatem. hoc patet per Augustinum. ii. de ciuita
1105 1771 1880 1818 te dei. cap. penult. dicentem quod in sacra scriptura aut dei
1111 1807 1882 1861 raecepta insinuantur: aut mirabilia narrantur / aut dona
1099 1851 1897 1888 laudantur / aut bnficia postulantur: per hoc insinuans quod ni
1113 1884 1876 1932 bil in theologia continetur nisi inquantum reducitur seum analo
1117 1921 1883 1966 ratur aliquo modo ad deum. Quod non sub rtoe concta puta sub
1116 1958 1889 2001 itione redemptoris / aut glorificatoris. patet: quia ille rationes
1104 1998 1885 2038 sunt magis praedicati quam subiecti. iste enim sunt propositiones
1108 2036 1883 2073 theologice: deus est redemptor / deus est glificator / et or¬
1108 2072 1877 2111 dinate citius quam econuerso: sicut praedicatio indirecta in
1107 2107 1882 2154 raedicabilibus non reputatur praedicatio. Item multa consideram
1110 2148 1876 2192 tur in theologia que non habent attributionem ad reden¬
1104 2179 1877 2229 ptionem / vel ad glorificationem. vt deus est trinus et vnus:
1104 2222 1883 2266 ad neutrum anologatur. ⁋ Sed contra istud arguitur. si
1108 2257 1889 2299 deus inquantum deus esset subiectum theologie nostre / deus esset
1103 2298 1877 2341 comphensibilis per theologiam nostram actu habitam vel pos¬
1098 2334 1879 2378 sibilem haberi. consequens est falum: quia nullis creatis notitiis vel
1110 2369 1874 2410 creabilibus deus comprehendi potest: alioquin non veraciter in¬
1101 2407 1867 2450 comprehensibilis credetur. consequentia probatur: quia ad omnem habitum
1101 2446 1869 2490 habentem aliquod subiectum sub aliqua ratione absolute spe¬
1098 2478 1871 2523 ctat considerare quecumque illi conueniunt secundum illam rationem. ex
1102 2519 1874 2563 hoc enim Philosophus in proemio. iii. physi. probat quod ad
1110 2556 1880 2599 physicum spectat considerare de continuo: infinito: et fi¬
1107 2598 1880 2636 nito: loco: et tempore: quia ea conueniunt corpori secundum quod mobi¬
1105 2632 1874 2674 le est. Et hoc etiam probat. iiii. metaphysice quod ad meta¬
1099 2670 1871 2718 physicum spectat considerare de vno / et multo / eodem /
