2324 3303
441 211 1222 269 ct diuerso / priori et posteriori: quia ipsa conueniunt enti
438 264 1227 304 secundum quod ens: quod est metaphysice per se primum subie¬
433 304 1228 344 ctum. Probatur etiam ratione: quia non est ratio qua¬
442 335 1217 382 re potius habeat considerare aliqua eorum que per se
439 376 1220 417 competunt subiecto sub ratione qua eius subiectum
438 409 1231 454 est / quam alia. ⁋ Respondetur negando consequentiam: quia
444 446 1226 491 illud proprie comprehenditur ab aliquo quando est tanta
432 490 1222 530 perfectio in actu cognoscendi / quanta est in obiecto co¬
441 526 1220 566 gnito: quando est notitia rei sub omnibus praedicatis praedicabi
432 562 1226 604 libus de re illa. Si accipiatur comprehensio pro cogni
435 597 1219 644 tione: sic conceditur sequela. et conceditur quod ad theologum
443 632 1232 679 spectat considerare secundum eius possibilitatem de omni
443 669 1238 711 quod conuenit subiecto secundum illam considerationem.
433 705 1226 750 sicut Philosophus probat: quod ad physicum spectat con¬
445 741 1223 785 siderare de continuo / infinito / et motu. modo adhuc
439 782 1229 823 sunt multa que considerare potest Philosophus. Ad
448 823 1226 866 aliud negatur quod non sit maior ratio: quia per theolo
438 855 1232 904 giam consideramus que nobis sunt reuelata et dedu
438 894 1237 940 cibilia ab eis. in philosophia vero philosophantes com¬
444 929 1162 980 siderarunt que eis in lumine naturali occurrebant.
457 971 1222 1034 ⁋ Id ergo in rebus considerandum est: vt
441 1021 1228 1086 in eodem Aug. ait quod res alie sunt: quibus etc.
571 1080 1147 1123 ⁋ Distinctionis prime questio prima.
783 1111 1222 1158 Irca hanc primam distinctio
796 1156 1228 1193 nem huius primi quero: an om¬
802 1185 1235 1226 nis actus voluntatis sit vsus
798 1223 1229 1264 vel fruitio. In primis explica
799 1259 1223 1308 buntur duo termini de quibus
805 1299 1226 1344 potissimum est questio: postea
798 1333 1235 1377 respodebitur ad questionem.
792 1371 1231 1416 ⁋ Multifariam terminus frui
779 1412 1234 1465 accipitur. Primo communi¬
784 1439 1241 1497 ter pro omni actu potentie ap¬
441 1481 1224 1542 petitiue delectabili: et sic sumitur Ecclesiastes. ii. Ua
453 1520 1226 1573 dam et affluam delitiis: et fruar bonis. et. vi. eiusdem et
448 1559 1229 1608 non fuerit perfruitus bonis. Et prouerbiorum. vii. frua
448 1607 1229 1646 mur cupitis amplexibus. Et Augustinus. lxxxiii. quae¬
454 1641 1222 1685 stionum questione. xxx. dicimur (inquit) frui cibo e po
444 1680 1229 1720 tu. ad Philemonem quoque Apostolus ait. Ego te
445 1715 1229 1760 fruar in domino. Sic delectatio potest dici fruitio. et qui¬
457 1748 1224 1795 libet amor naturalis sequens apprehensionem rei con
443 1784 1231 1830 uenientis vel placentis. ⁋ Secundo modo accipitur
444 1825 1226 1876 pro amore libero voluntatis quo non tenditur in aliud.
447 1863 1225 1909 Et hoc bifariam: vel actu non tenditur in aliud: bene
447 1904 1232 1944 tamen habitualiter: vt quando diligo virtutem non propter
459 1931 1232 1979 aliquod aliud: adhuc est relatio habitualis. Alio mo
462 1972 1232 2017 do diligo aliquid propter se: ita quod nullatenus illam di¬
450 2012 1235 2055 lectionem refero in aliud: vt diligo deum propter se.
457 2047 1235 2092 Similiter diligo aliquid propter se tanquam finem vlti¬
459 2088 1226 2130 mum et super omnia / vel non super omnia / vel non
456 2123 1228 2166 tanquam finem vltimum. primum istorum vltimorum mem¬
450 2159 1229 2203 brorum vocatur propriissime fruitio. Unde primo de
459 2194 1232 2243 doctrina christiana dicit diuus Augu. Si vero inhe¬
456 2238 1231 2279 seris finem in ea ponens letitie tuae: tunc vere et pro¬
450 2278 1231 2317 prie dicendus es frui. non enim omne quod diligitur
456 2313 1235 2359 propter se diligitur vt summum. Nec idem est dilige
460 2350 1225 2393 re aliquid propter se et vt summum bonum. primi Ethi
454 2379 1228 2422 corum. vii. aliquid enim est diligibile propter se tantum: vt fe
457 2423 1237 2462 licitas. secundo propter se propter aliud. vt bonum.
459 2456 1237 2504 delectabile / et bonum honestum vt virtutes: aliquid
469 2502 1235 2544 enim est diligendum propter aliud tantum: vt potio amara
453 2543 1228 2581 propter sanitatem. Similiter vsus interdum exten¬
457 2569 1235 2611 ditur ad operationem naturalem cuiuscunque poten¬
463 2603 1232 2652 tiae: vt in topicis: cuius vsus bonus est ipsum quoque
453 2646 1237 2695 bonum est. sicut vtimur oculis ad videndum / calamo
1291 203 2066 267 ad scribendum. Capitur item interdum de assuefa¬
1293 257 2069 303 ctione: quo modo dicimus de absoluto Philosopho
1293 296 2066 339 iste habuit magnum vsum in ocio literario. Et sic vltra
1296 330 2072 378 priorem acceptionem addit frequentiam. Istas du¬
1291 368 2078 418 as acceptiones conuincimus ex vsu quem potissimum
1297 410 2065 456 consulere oportebit in vocabulorum significantiis.
1293 444 2078 491 sic tamen in questione non vtimur termino vsus. Sed in
1302 484 2068 528 proposito est actus voluntatis quo quis tendit in alid:
1305 520 2075 564 vt dilectio qua sortes diligit platonem propter deum: et
1300 557 2063 601 hoc potest esse actualiter vel habitualiter. et proportiona¬
1294 595 2067 641 biliter dicatur de termino frui. Non respiciendum est ad
1302 631 2081 674 impugnationem caninam Laurentii vallensis de ter¬
1290 671 2072 707 minis his / scilicet vti et frui. quelibet enim scientia habet
1293 705 2069 749 suos terminos peculiares. theologi autem sic termi¬
1312 739 2090 788 nis vtuntur. Et his sequitur quod aliquis est vsus orci
1290 780 2078 818 natus: aliquis inordinatus. similiter aliqua fruitio or¬
1287 815 2065 868 dinata: et aliqua inordinata. Fruitio ordinata est quando
1291 853 2080 893 diligitur summum diligibile propter se. Inordinata est si al
1297 886 2078 932 quid citra deum sume diligatur. pari forma de vsu dicatur.
1297 921 2069 975 ⁋ Isto premisso pono conclusiones. ⁋ Prima est.
1296 966 2071 1012 Aliquod nolle est vsus. patet de actu quo nolo pec⁋
1303 1009 2072 1047 catum propter deum: ille enim actus est vsus: vt patet per
1303 1042 2070 1087 tius definitionem. hoc etiam patet per Augustinum libro
1296 1076 2069 1121 lxxxiii. questionum questione. xxx. dicentem. perfecta ho
1299 1115 2077 1154 minis ratio que virtus vocatur. vtitur et sequitur. Utitur
1297 1151 2082 1200 etiam his a quibus se abstinet ad temperantiam. sed
1293 1189 2078 1231 palam est quod non vtitur eis volendo: ergo nolendo. In¬
1290 1226 2080 1268 super tale nolle est meritorium in habente gratiam: igitur
1303 1268 2078 1310 vsus vel fruitio. consequentia patet: quia iuxta Au¬
1293 1303 2069 1348 gustinum in loco prefato: omnis ordinatio que virtus
1300 1338 2077 1382 etiam vocatur est fruendis frui: et vtendis vti. De
1300 1378 2077 1418 nolle vitioso id idem patet per Augustinum. x. de trini
1291 1412 2079 1460 tate. cap. x. dicentem. Non est alia vita bominis vi¬
1291 1446 2068 1491 tiosa: atque culpabilis quam male vtens et iale fruens.
1306 1483 2081 1531 ⁋ Secundam conclusio. Non omne nolle liberum est
1306 1527 2074 1567 vsus. probatur. aliquod nolle est fruitio: ergo aliquod
1290 1565 2072 1609 nolle non est vsus. consequentia est clara apud illum contra
1302 1603 2075 1645 quem disputamus. vel dicamus in antecedente: ali¬
1291 1637 2075 1685 quod nolle est fruitio simplex: ergo aliquod nolle non
1305 1673 2069 1712 est vsus. consequentia ista tenet apud omnes. pobatur
1291 1711 2078 1754 antecedens. nam capio nolitionem qua nolo deum esse
1303 1750 2070 1790 malum: vel nolle quo nolo patrem esse filium. iste est
1299 1787 2074 1826 actus voluntatis: et non referibilis in aliud: ergo est
1303 1821 2081 1866 fruitio. tenet consequentia: quia omnis actus volun¬
1300 1862 2086 1902 tatis deliberatus est vsus vel fruitio. ⁋ Tertiam con
1297 1899 2075 1940 clusio. Est certare de termino an omnis actus volun¬
1302 1933 2065 1978 tatis sit vsus vel fruitio: vel sit actus medius inte
1309 1972 2084 2012 vti et frui. hoc patebit obiectionibus aduersariorum re¬
1303 2008 2075 2053 spondendo. Videtur namque quod sicut de eodem obiecto for¬
1296 2046 2081 2092 mamus per intellectum actum simplicem et iudicium
1300 2086 2082 2127 complexum: ita in voluntate est actus simplex quo vo¬
1299 2119 2081 2163 luntas fertur in obiectum: alius est complexus volen¬
1300 2160 2085 2203 do ei bonum: vel nolendo illi malum. vterque autem isto¬
1302 2197 2077 2240 rum potest vocari vsus vel fruitio. Vel dicatur sic. du¬
1305 2234 2074 2277 plex est amor scilicet sensualis et intellectualis. et ite¬
1296 2269 2074 2314 rum intellectualis diuiditur in amorem naturaliter se¬
1306 2308 2084 2356 quentem simplicem apprehensionem veri boni vel appa¬
1299 2348 2075 2385 rentis: et in amorem sequentem compositionem et diuisionem
1309 2379 2081 2425 secundum aliquos. secundus autem amor potissimum est
1299 2421 2068 2458 in pleno dominio voluntatis de quo nunc loquimur.
1305 2456 2078 2504 ⁋ Contra secundam conclusionem arguitur sic. per nullum
1306 2495 2084 2539 nolle assumitur aliquid propter se in facultatem voluntatis:
1303 2531 2074 2574 igitur nullum nolle est fruitio. antecedens probatur: quia
1297 2569 2081 2613 nolle est quedam fuga voluntatis: voluntas vero nihil
1300 2606 2081 2648 refugit nisi quia aliud diligit cui ipsum repugnat: vel
1299 2642 2081 2694 repugnare putatur. Et per consequens quia aliud di¬
