2323 3315
256 228 1063 306 ergo angelus habens notitiam potest habere notitiam refle
264 296 1057 345 xam de a. quia qualemcumque notitiam potest habere vnus ango
274 335 1067 375 lus / similem potest habere alius: nisi sit aliquid repugnans
262 375 1066 418 tali cognitioni. modo per te non est repugnantia inter
271 407 1061 452 duos actus intellectus: nec in angelo nec in homine¬
277 449 1058 489 ergo habebit infinitas. quod probatur sic: a notitia dire
267 487 1058 527 cta est agens naturale: et obiicitur potentie intellectiue
277 521 1062 569 quae est pasiua. ergo naturaliter causat suam cognitio¬
265 566 1058 611 nem scilicet b. Et iterum b. est agens naturale sicut a
270 599 1054 647 ergo naturaliter causat suam cognitionem in intel
268 636 1055 682 lectu sicut albedo exterior: cum sit agens perfectius
265 671 1058 721 et sic sine statu. ergo erit infinita multitudo notitiarum
259 712 1067 756 in intellectu. Sed dices quod notitia directa et poten¬
268 752 1058 792 tia intellectiua non sunt cause naturales sufficientes
258 787 1057 832 ad causandum b. effectum. sed voluntas concurrit vi
259 831 1056 872 docet experientia. libere eim conuertimus nos super
273 869 1055 911 cogitationes nostras aduertendo quid cogitemus
264 901 1067 948 et in quo occupetur anima / quando placet: et sicut placet
268 941 1067 988 nobis. Sed contra hoc arguitur. si a notitia directa
258 983 1063 1022 esset in a. angelo: sufficeret causare notitiam eius
265 1016 1064 1060 in b. angelo: et ita bene obiicitur a angelo sicut b. cum
262 1054 1064 1103 informatio non videatur impedire. ⁋ Ad tertium con
268 1089 1067 1135 ceditur quod videt nihil quod est album: hoc est aliqua vi
267 1129 1061 1174 sione videt aliquid quod nullo modo est album. Et quando
265 1167 1057 1207 infertur: nihil quod est album videtur a sorte. si capia
271 1205 1061 1251 tur infinitanter: conceditur. si neganter: illatio est
267 1247 1058 1285 nulla ⁋ Ad confirmationem respondetur conceden
267 1282 1057 1326 do quod notitia reflexa distinguitur a notitia directa. pro¬
265 1318 1058 1365 batur: quia alioqui quandocumque quis haberet notitiam di¬
268 1356 1049 1399 rectam reflecteret se super illam contra experientiam
264 1396 1055 1441 Item notitia sortis sortem representat: notitia no
271 1435 1058 1473 titie sortis non repsentat sortem: ergo ille notitie di
267 1470 1064 1511 stinguuntur. probatur minor: nunc habeo notitiam
267 1510 1061 1559 patris mei: si autem notitia notitie patris patrem repsen
271 1547 1051 1592 toret: tunc notitia intuitiua haberetur de re non exi¬
268 1585 1052 1631 stente naturaliter: Insuper notitia intuitiua esset con
267 1622 1060 1666 munis et transcendens. patet de notitia notitie entis qua
267 1661 1051 1706 est notitia intuitiua illius conceptus. et si per aduersarium
266 1699 1052 1744 representat omnia entia: sequitur oppositum. Iste tame
270 1733 1052 1780 rationes non essent efficaces apud ponentes notitiam
262 1773 1067 1818 abstractiuam immediate terminatam ad species.
273 1812 1057 1857 Preterea de notitia propria arguitur. nulla notitia est
267 1851 1055 1899 similitudo naturalis et proria sui ipsius. patet: quia vel
267 1890 1053 1934 illa esse intuitiua: et illa causatur ab obiecto: ergo
273 1928 1054 1969 idem causat se. vel est abstractiua propria: et illa pro
265 1964 1064 2009 supponit intuitiuam fuisse de eodem obiecto. Sed quia
274 2001 1061 2043 inter arguendum dictum esse videtur quod requiritur con
273 2045 1055 2085 cursus voluntatis ad reflexionem: si vna istarum non
274 2078 1057 2125 titiarum directa vel reflexa poneretur extra subie
264 2118 1057 2162 ctum vel in alio angelo: conceditur quod tunc natu¬
279 2156 1061 2198 raliter immutaret potentiam angelicam: non tamen opotet
276 2192 1060 2233 quando informat. hoc enim in nobis docet experientia.
286 2230 1061 2274 Nec sunt sufficienter praesentes in ratione obiectiua
280 2269 1057 2312 totali: loquor de totalitate inter causas secundas
279 2304 1064 2347 ⁋ Sed contra istud arguitur sic. voluntas est impossi
279 2346 1069 2387 bilium: ergo voluntas potest ad cuiustibet notitie noti¬
277 2380 1064 2425 tiam concurrere. et qlibet notitia est agens naturale:
280 2424 1064 2469 ergo non euaditur infinitas notitiarum. ⁋ Respon
283 2458 1064 2503 detur. voluntas bene vult impossibile: sed ex finitate in
276 2496 1054 2546 uellectus non potest quaelibet notitia esse distincte com
288 2537 1058 2580 gnita. nam quando primo habuit notitiam albedinis forte
282 2574 1051 2617 secundum magnu conatum adueniente notitia refle
288 2610 1057 2653 xa remittitur directa. Et si habuero notitiam refle¬
283 2646 1064 2693 xam illius reflexe: alie due remittuntur. vel sic. in aliqui
271 2683 1060 2749 bus certis notitiis reflexis terminatur tota capaci¬
1138 243 1935 310 tas actiua intellectus: ita quod plures non potest hatre eis
1131 295 1943 354 stantibus neque directas neque reflexas. ⁋ Contra
1136 335 1936 389 istud argumentaris. a notitia directa erat sex gra
1128 378 1931 424 duum: b. erat reflexa illius: remittatur a. iam variaturobie¬
1132 414 1932 463 ctum: b. ergo non remanebit b. Et ita si remi ttatur cu¬
1138 449 1932 498 iuscunque notitie obiectum: non manebit illa notitia.
1134 486 1928 530 ⁋ Adhuc arguitur sic. sequeretur quod esset aliqua noti¬
1128 529 1928 577 tia quam intellectus non posset cognoscere. patet sequa¬
1128 560 1930 617 la de vltima reflexa. Sed forte dices quod corruptis
1138 606 1932 650 prioribus reflexis potest illam distincte cognoscere: vt
1138 643 1931 682 ait quidam doctor. Contra. posterior semper habet prio¬
1141 678 1940 730 rem pro obiecto: et posterior est notitia intuitiua: ergo si
1138 719 1926 763 potest esse priore corrupta erit notitia intuitiua de
1138 758 1934 798 re absente naturaliter: et sic haberem notitiam intui
1133 790 1928 843 tiuam de magno Turco: quod est falsum: et contra opi
1129 834 1936 872 nantem. ⁋ Ad primum concedo quod si remittatur dire¬
1135 868 1928 910 cta reflexa non manet: sed erit alia reflexa alieta¬
1137 906 1926 956 te numerali ⁋ Ad secundum dicitur quod posterior non potest
1128 948 1935 995 esse sine priore: quia est concatenatio inter se: bene tamen prior
1133 981 1928 1032 potest esse sine posteriori: sed non contra (naturaliter lo¬
1138 1024 1933 1065 quor. . et conceditur quod erit aliqua notitiarum reflexarum
1138 1060 1928 1098 non actualiter cognita propter finitam capacita¬
1134 1095 1931 1139 tem actiuam et perceptiuam ipsius intellectus: et hoc cum
1138 1131 1933 1176 concursu dei generali. Sed contra hoc arguitur. sic pos
1135 1170 1924 1214 se producere aliquem effectum cum aliquo auxilio: et du
1129 1212 1923 1260 plum effectum cum duplo auxilio: et triplum cum triplo
1131 1251 1923 1293 non arguit infinitatem potentie. Quod patet: quia sortes
1127 1285 1937 1336 qui est potentie finite / cum vno homine potest portare ma
1138 1327 1928 1373 us pondus quam solitarie: cum duobus homnibus adhuc ma¬
1138 1358 1925 1403 ius pondus: et cum infinitis infinitum pondus. sed quodli
1131 1395 1928 1448 bet obiectum adiuuat potentiam ad productionem no
1129 1437 1931 1487 titie intuitiue de ipsomet: et tria obiecta pius iu¬
1125 1476 1922 1521 uant quam duo: et obiecta infinita piusquam quaecunque finita
1129 1511 1934 1564 Rstespondetur distiguendo antecedens. vel quando agens non ma
1129 1554 1920 1601 gis conatur in productione plurium effectuum quam pau¬
1132 1588 1925 1631 corum: et sic conceditur: vt contingit in latione lignorum
1131 1626 1925 1669 cum alterius ope vel aliorum. Si pius conetur cum
1134 1662 1921 1707 pluribusquam cum paucioribus: hoc negatur: quia stat
1138 1705 1918 1752 quod sortes equalem nisum applicet vel minorem quam infi
1137 1740 1919 1786 niti homines ad tractum ponderis infiniti sicut ad
1131 1775 1927 1824 lationem vnius libre. modo experimur quod non tam
1134 1811 1925 1855 facile est intellectui habere octo notitias actua¬
1132 1851 1919 1893 les vt septem. Insuper habere decem actuales no¬
1134 1890 1912 1934 titias distinctas cum concursu. x. obiectorum argui¬
1128 1926 1915 1974 aliqualem perfectionem in intellectu: et habere. xx.
1128 1967 1925 2017 cum. xx. obiectis maiorem: et habere infinitas cum
1140 2002 1913 2052 oncursu infinitorum obiectorum infinitam perfectionem
1143 2037 1913 2083 Voluntas enim non videtur habere aliquam causa¬
1140 2081 1915 2122 itatem in productione notitie simplicis: quae habetur de vna
1122 2115 1924 2157 notitia inquantum voluntas: sed solum applicat a¬
1131 2158 1929 2206 ctiua passiuis: et imperat intellectui se conuertere su
1137 2194 1915 2245 per suam intellectionem intelligendam. Sed contra hoc
1134 2235 1919 2275 dices. nihil est volitum nisi cognitum: sed vltima refle
1122 2268 1922 2315 xa non est cognita: ergo voluntas non imperat intelle
1131 2310 1911 2358 ctui se reflectere super vltimam notitiam reflexam
1128 2347 1915 2394 nouam formando notitiam. Sed dices. voluntas
1141 2384 1925 2426 imperat intellectui intelligere vltimam reflexam
1135 2423 1921 2465 cilicet a. sed non per actum elicitum eius: et sic non est ali
1129 2464 1920 2509 quod volitum non cognitum per actum voluntatis.
1131 2501 1913 2548 Sed contra hoc arguitur. voluntas nullam actiuitatem ha
1137 2535 1916 2584 bet respectu alicuius potentie nisi mediante suo actu
1135 2575 1912 2618 elicito. Sed dices. est vna notitia confusa notitiarum dire
1137 2614 1918 2652 ctarum et reflexarum: et non inconuenit aliquid confuse cogni
1132 2652 1915 2697 tum esse volitum in particulari: vt patet de volente scire aliquid
1138 2689 1930 2735 quod eum fugit. Contra hoc argumentor. illa notitia confu
