2380 3303
286 251 1081 317 aliquid: quod patet: si deus corrumpat obiectum no
289 309 1084 355 titiam conseruando. ⁋ Ad primum dicitur quod vo¬
276 345 1090 388 luntas aliquid diligit: et nescit quid diligat: si deus
274 386 1082 432 suspendat omnem actum intellectus: quod est possi
278 422 1072 463 bile. Et quando dicis quod dilectio beatifica est perfe
279 463 1073 507 ctissima. hoc est verum in sua specie. ⁋ Ad secumn
279 502 1076 542 dum nego assumptum: et probatio nulla est: concedo
286 537 1076 579 quod notitiam intuitiuam deus potest facere destru¬
273 573 1085 621 cto obiecto remanere: et quod visio sit a nihil per illud vi
282 613 1070 656 deatur: et dato quod dilectio sit a nihil per illud diliga
282 651 1073 695 tur de potentia absoluta: tamen deus potest face
279 690 1076 733 re quod dilectio maneat in voluntate diligentis: et il¬
276 724 1070 768 la tendat in suum obiectum quod est de necessitate
272 764 1072 803 dilectionis. Eodem modo concedo quod aliqua crea
275 796 1078 844 tura possit habere dilectionem de deo quem non co¬
282 845 989 880 gnoscit: nec diligit de potentia dei absoluta
280 875 1075 916 ⁋ Sed hic dubitatur: quomodo se habeat actus in¬
273 909 1076 956 tellectus respectu actus voluntatis: an actiue con¬
255 950 1081 993 currat: vel an solum sit causa sine qua non. Circa
283 991 1078 1034 dubitationem propositam partita est positio. quidam
267 1028 1072 1074 enim doctor. q. xcii. quarte partis et plerique illius
279 1066 1069 1108 professionis tenent actum intellectus esse causanm
260 1100 1074 1147 sine qua non: et non habere efficientiam respectu ar
276 1145 1067 1183 ctuum voluntatis. Sed ponitur hec conclusio oppo
277 1179 1076 1219 sita. ⁋ Cognitio partialiter concurrit ad actum vo¬
269 1218 1069 1256 luntatis. probatur. si voluntas esset totalis causa vo
273 1254 1073 1303 litionis: sequeretur quod voluntas naturalitur possit vel¬
269 1293 1075 1335 le incognitum. consequens est contra experientiam: et con
261 1331 1062 1379 tra Augustinum tertio de libero arbitrio. cap. liii
270 1368 1076 1412 et. liiii. et consequens est falsum: ergo a antecedens. et
273 1406 1070 1450 probo consequentiam: quia cognitio non est effectus
276 1446 1078 1483 volitionis nec causa formalis / finalis / nec materia¬
261 1482 1079 1524 lis / nec necessaria dispositio illius cause: cum volun
277 1520 1063 1563 tas ex se sit sufficienter apta ad suscipiendam volitia
261 1559 1066 1606 nem: et per consequens est sufficiens ad producenda:
279 1594 1066 1638 volitionem. Et potest applicari regula communis
276 1633 1063 1680 ad inueniendam causalitatem inter aliqua. Istuod
276 1671 1076 1718 quidem videtur Aug. dicere. xv. de trinitate. ca. xxi.
265 1710 1066 1752 dicit quod amor procedit de scientia. et in ca. xvi. vbi di
264 1749 1070 1789 cit quod amor gignente mente: et de genita notione tan¬
271 1784 1066 1828 quam de parente / ac prole procedit. et hoc patet ad Simpl
267 1829 1064 1874 cianum li primo. q. ii. vbi dicit quod vocatio que vtique
280 1864 1066 1904 est notitia est efficax bone voluntatis. Et commen¬
261 1898 1060 1941 tator. ii. de anima commento. lvi. dicit quod omnis appet
271 1935 1067 1983 tus fit appetitus ab imaginatione et xii. Meta¬
267 1971 1068 2026 physices commento. xxxviii. dicit quod comprehensio
262 2019 1074 2060 est causa voluptatis. Item isti non possunt bene
262 2048 1061 2098 saluare quomodo dilectio dei in patria et in via spri
266 2092 1066 2131 cie distinguantur si vna non causetur a notitia in¬
262 2123 1072 2174 tuitiua dei et alia a notitia abstractiua eius: cum sit
260 2167 1070 2216 idem obiectum. videtur enim quod distinctio specifica
261 2203 1070 2249 est reducenda ad causas effectiuas specie distin¬
268 2238 1072 2292 ctas. ⁋ Sed contra istam conclusionem arguitur. Ex
261 2275 1069 2327 ea sequeretur quod idem agens naturale causaret con¬
273 2315 1057 2363 traria. consequens est contra Aristotelem primo de generatio
262 2354 1073 2404 ne dicentem quod idem inquantum idem semper natum est
268 2389 1061 2444 facere idem. et patet consequentia: quia stante eadem noti
271 2431 1069 2475 tia circa sortem nunc eum diligo nunc eum prosequor
277 2470 1067 2519 odio: ergo illa notitia quae paius concurrebat ad dile
276 2508 1060 2551 ctionem postea concurrit ad odium. non enim variar
276 2542 1064 2594 prior notitia. ⁋ Respondetur distinguendo sequela
288 2581 1062 2627 vel quando cause naturales non causabunt sine causa li
282 2612 1070 2672 bera: et sic conceditur quod idem agens naturale concur
276 2653 1058 2708 rit ad contraria: finaliter negatur. hoc patebit in. xvi
282 2687 1067 2763 distinctione. de gratia quae concurrit ad contraria. et
1156 263 1964 332 simile habetur in orologo de productione fidei. Sed
1149 309 1964 370 contra istud arguitur. sequeretur quod quanto pius aliquis
1149 356 1957 400 aliquem cognosceret / tanto pius eum diligeret, co¬
1146 398 1960 438 sequens est contra experientiam: ergo a antecedens
1150 429 1953 486 probo consequentiam: qui crescente causa crescit et et
1158 468 1958 524 fectus. Forte dices et sic dicendum est: quod consequen¬
1155 500 1963 553 tia est nulla: quia voluntas est causa libera. et potest mi
1159 544 1955 597 nus concurrere quam antea ad dilectionem vel ad eius
1155 582 1950 640 oppositum. Sed contra hoc arguitur. saltem habe¬
1152 612 1952 672 bitur quod voluntate equaliter conante aet aucta noti¬
1148 658 1949 706 tia augebitur dilectio: quod non videtur esse dicendum
1158 690 1952 747 Sed quod sequatur patet sic. quando est aliqua causa
1153 735 1952 778 equaliter agens siue libera siue naturalis adiuta a
1148 771 1955 825 maiori auxilio maiorem effectum potest producere:
1155 805 1949 851 immo de facto producit quam eadem adiuta a minori au¬
1156 840 1957 891 xilio. Fortessicut concedendum est) concedis illatum.
1149 885 1945 930 Sed contra istud arguitur: sequeretur quod si esset infin
1144 923 1942 976 ta notitia gradualiter: esset infinita dilectio cum
1144 957 1949 1016 quocunque concursu voluntatis magno vel paruo.
1145 997 1941 1051 Iterum concedo illatum: non tamen propterea sequit
1150 1040 1939 1086 quod talis notitia necessitaret voluntatem ad agendum
1142 1078 1938 1128 cum sit casa libera. ⁋ Ex solutione ista sequitur: quod stante
1155 1113 1947 1161 equali conatu voluntatis circa dilectionem sortis
1149 1151 1926 1203 ex remissione notitie sequitur remissio dilectionis.
1151 1183 1941 1240 ⁋ Sed contra totum istud arguitur: ponendo quod sor
1140 1222 1939 1268 tes habeat notitiam platonis vt duo / quem diligit
1149 1260 1944 1314 hoc instanti quod est vltimum instans non esse hore fu
1146 1298 1943 1354 ture: et illi duo gradus notitie remittantur ad non gra
1153 1333 1945 1385 dum in hora futura: iam sortes diliget platonem in
1146 1378 1947 1427 qualibet parte proportionali hore future / et etiam in
1142 1407 1935 1461 instanti terminante illam horam: et sic habebitur dile
1137 1449 1940 1498 ctio sine notitia dilecti. ⁋ Et confirmatur: voluntas
1138 1490 1947 1544 potest velle intellectum illam notitiam non hatere: et per consequens
1143 1530 1941 1573 potest haberi volitio sine notitia: et sic aliqua volitio
1140 1569 1946 1617 erit de incognito. probatur assumptum: quia intellectus qua¬
1147 1601 1938 1659 tum ad exercitium actus subiicitur imperio volunta¬
1146 1641 1940 1697 tis: et sic non habebit actum cum ipsa noluerit quod ha¬
1143 1677 1932 1734 beat. ⁋ Ad primum conceditur quod in qualibet parte pro
1146 1717 1931 1763 portionali hore future: et in quolibet instanti illius
1145 1759 1931 1801 sortes potest diligere platonem: non tamen in instanti termi¬
1147 1797 1931 1838 nante horam: cum non habeatur cognitio eius. ⁋ Ad confit
1148 1831 1936 1877 mationem concedo: quod voluntas potest velle intellectum
1137 1870 1934 1920 nullam notitiam hatre: sed si intellectus debeat ei parere
1142 1909 1937 1953 necesse est vt voluntas sibiipsi obediat / omnem actum
1136 1945 1928 1986 voluntatis secludendo. ⁋ Secundo arguitur. frequenter
1135 1987 1932 2027 volumus scire illa qua nescimus. ⁋ Preterea arguitur.
1137 2017 1939 2064 causa equoca debet praestare suo effectui: sed per te co¬
1140 2057 1924 2110 gnitio ad productionem actus voluntatis concurrit
1141 2103 1925 2146 ergo notitia est illo actu voluntatis perfectior. ⁋ Ad
1143 2138 1937 2179 argumentum dices quod aliquam notitiam praecedit volitior
1137 2174 1925 2216 tamen quamlibet volitionem precedit notitia causalitur cu¬
1143 2209 1934 2259 ius est ipsa volitio. Unde cum quis vult noscere inco¬
1140 2251 1938 2300 gnitum quaeuis ista volitio precedat notitiam perfectam
1137 2292 1935 2334 et distinctam quae de sideratur de ipso: non tamen precedit quan¬
1141 2322 1902 2372 libet qua ista notitia desiderata cognoscitur talis
1138 2359 1926 2405 Intellectus enim cognoscit in vniuersali: et indistin¬
1133 2403 1925 2442 cte: et ita cognoscitur quod desideratur vno modo: et volun
1147 2438 1931 2481 tas praecipit intellectui cognoscere alio modo. vt vidi
1139 2473 1930 2515 sortem nudiustertius vel heri in aliquo loco: et me la¬
1138 2515 1934 2564 tet in quo nunc. iam voluntas imparat intellectui inquirere
1141 2554 1925 2595 media ad cognoscendum in quo loco erat: intellectus
1141 2592 1928 2641 tunc vagatur discurrens vbi erat istis diebus praeteritis.
1134 2629 1931 2669 Quo fit vt non velit incognitum: sed vult scire incogni
1135 2669 1932 2707 tum. Et hoc patet per Augustinum decimo de trinitate
1138 2704 1935 2764 capitulo primo. vbi soluit hoc dubium. Intelligendum (inquit
