2384 3310
297 280 1094 335 albedo que est similitudo intenditur: et remittitur similitu
301 325 1097 374 do secundum multos. contrarietas non est a tota specie. ali
313 365 1097 411 qua accidentis sunt essentialiter talia: vt calor frigus.
312 402 1091 447 notitia non est essentialiter notitia. varia accidentia va
307 443 1094 483 rium modum causandi habent: et propterea concedo quod de
304 471 1094 524 lectatio intendetur: et intendetur hec dilectio: sed remit¬
306 509 1091 560 titur hec delectatio vtrobique demonstrando eandem qua¬
301 544 1090 597 litatem per idem pronomen in casu argumenti. si sortes
307 586 1090 628 nunc diligat deum vt quattuor qui sperat habere bea¬
304 620 1082 676 titudinem: eius dilectio est gaudium: si precipiatur ei quod au
295 659 1073 709 geat dilectionem: et cum hoc ei reueletur reuelatione inte
298 699 1072 738 riori quod damnabitur: cooperetur tamen deus specialiter actui vo
297 730 1081 781 luntatis vt intendatur: tunc augebitur dilectio: et remit¬
294 766 1075 812 tetur delectatio. Sed contra hoc arguitur. in ipso non ge¬
295 805 1078 851 nerabitur tristicia: ergo subiectum non erit indispositum:
300 841 1073 893 semper autem maior dilectio maiorem delectationem cau¬
300 878 1080 930 sabit / passo vniformiter se habente. ⁋ Pro solutione
288 915 1069 962 argumenti supponatur modus generadi tristicie ve
291 951 1078 1004 delectationis. hoc autem potest esse interdum quod aliqua cogni
288 990 1075 1038 tio obiecti disconuenientis statim sine medio producit in
298 1029 1072 1076 voluntatem nolle: et illud est trissicia: nonnunquam est ap¬
295 1068 1063 1111 prehensio alicuius obiecti conuenientis: et illa appre
288 1102 1079 1153 hensio protinus producit vnum velle quod est gaudium.
289 1136 1068 1189 ⁋ Et istud patet per commentatorem duodecimo me¬
276 1176 1072 1226 taphysice commento. xxxix. delectatio sequitur appre
283 1211 1066 1258 hensionem sicut vmbra corpus. ⁋ Duplex est delecta
280 1250 1072 1297 tio: quedam enim carnalis seu sensitiua consequens operationem
282 1288 1066 1337 sensitiue virtutis interioris vel exterioris: qua attin¬
283 1326 1058 1376 gitur obiectum potentie conueniens: et huic delectatio
289 1367 1070 1412 ni dolor sensitiuus opponitur. Alia est delectatio intel
289 1397 1058 1445 lectiua seu spiritualis et est delectatio consequens operatio¬
282 1435 1070 1488 nem intellectivam. ⁋ Ad argumentum negatur quod hic cui
286 1472 1055 1525 facta est reuelatio de sua eterna damnatione non trista
282 1510 1055 1551 bitur: sed si pacatus in se maneat tunc fateor quod ad augmi
285 1545 1064 1597 tum dilectionis augebitur delectatio: et si dilectio non est
280 1582 1065 1636 per se delectatio: oportet quod remoueantur impedimen¬
280 1627 1058 1672 ta. cui quadrat dictum Aristotelis. ii. ethicorum inquien¬
280 1659 1054 1708 tis signum acquisiti habitus est posse delectari: tunc non
273 1702 1061 1745 est impedimentum in oppositum. ⁋ Quarto arguitur se¬
270 1740 1060 1781 cundum philosophum quinto metaphysice: omne triste
277 1769 1055 1825 est inuoluntarium. ⁋ Preterea ponatur quod aliquis ex co
267 1812 1052 1862 gitatione alicuius illecebre delectetur: non tamen velit illa:¬
271 1847 1046 1890 sicut ponit August. xii. de trinitate cap. xv. et poste¬
274 1880 1054 1936 velit illam et amet: tunc si iste amor sit illa delectatio
274 1918 1057 1970 que paius fuit: sequitur quod aliquis primo non peccat mor
274 1959 1046 2007 taliter a postea peccat absque mutatione alicuius in
270 1992 1046 2044 ipso. ⁋ Ad quartum dicitur quod ratio tantum est contra ar¬
268 2031 1043 2081 guentes sicut contra conclusionem prefatam: peccator sua
277 2074 1052 2120 sponte causat inse tristitiam de peccatis: et vult tristi¬
270 2107 1052 2154 tiam: vult nolle productiuum illius tristitie. Sed dicis non
263 2136 1044 2197 sequitur. nolitio producit tristitiam: peccator vult cau
271 2178 1040 2229 sam. ergo vult effectum. ⁋ Fateor quod non sequitur. sta
270 2218 1040 2268 enim quod nolit illum effectu sicut et causam. sed tunc di¬
274 2253 1046 2306 co in illo inuoluntaria est tristitia: non vellet quod suus actus
274 2290 1039 2347 esset tristitia: etiam est aliqua tristitia naturalis. si quis
262 2328 1043 2378 sit combustus in igne non potest naturaliter non dolere:
273 2364 1046 2419 et per consequens odit: et non vult illam combustionem: quaeuis actu li¬
271 2400 1039 2451 bero potest non nolle. ⁋ Ad secundum admittatur casus
264 2438 1034 2493 quod erit noua delectatio sicut actus est nouus: et peccatu
264 2479 1034 2529 mortale. antea erat actus non deliberatus: nec consen
264 2510 1032 2567 sus spontaneus: immo si ponerentur tristitia et gaudium
258 2553 1041 2603 passiones distincte ab actibus voluntatis (sicut non im¬
259 2592 1028 2639 probabile est) aliqua talis passio sequitur apprehensic
258 2629 1029 2677 nem disconuenientis: et gaudium apprehensionem conuenien
264 2660 1038 2717 tis. tamen iste possunt sequi actum voluntatis interdum.
253 2699 1039 2754 ⁋ Sed de ista tristitia et gaudio forte argumentabe¬
1170 288 1946 358 ris. si quis de nouo apprehendat patrem esse mortuum
1155 341 1943 389 cuius vitam summe diligit vehementer tristatur: si postea
1159 374 1938 430 apprehendat tanta apphrehensione sicut a principio non
1158 412 1937 470 tantum tristatur sicut antea vt experientia docet. ⁋ Re
1156 446 1944 507 spondetur istud tangit omnem modum dicendi: et pius appa¬
1156 484 1934 540 rentie habet contra aduersarios qui dicunt quod tristitia cau
1159 521 1946 581 satur ex nolle. aliquis habet nolle ita intensum circa mor¬
1153 559 1932 616 tem patris in fine septemnii sicut a principio: a nolle per
1159 600 1932 654 tos geuerat tristiciam. quare equale nolle non generat
1151 633 1935 688 equalem tristiciam queratur ab eis: ⁋ Respondetur
1150 669 1933 729 homo a principio apprehendit mortem patris tanquam
1144 710 1934 756 multum disconuenientem: et generatur tristicia: que suc¬
1145 747 1931 799 cessu temporis digeritur: postea lcet apprehendat mor¬
1140 780 1931 840 tem patris tanque disconuenientem forte non ita intense
1140 819 1919 870 apprehendit. vel est magis instructus vt equanimite
1143 852 1920 910 ferat: et sic non tantum tristatur. etiam subitus aduent
1153 897 1936 948 infortunii pius tristitie generat quam si successiue aduen¬
1142 931 1932 984 tauerit: et id cause est homo non potest se munire ab extrin
1144 965 1931 1021 seco ad contraueniendum cause productiue tristitie si¬
1143 1003 1931 1057 cut in magno temporis curriculo. propterea diabolus
1147 1043 1919 1097 contra iob subito premisit nuncios ad significandu¬
1141 1076 1930 1132 ipsi iob omne malum quod aduenerat circa bona fortu
1137 1115 1930 1173 ne / et liberos / ne se vallaret per media productiua pa¬
1133 1153 1931 1210 tientie vel resistiua impatientie. experimur enim si despe
1143 1191 1917 1243 retur ab aliquibus de morte amici a longo tempore non tantum tri¬
1134 1222 1916 1275 stantur in sua morte sicut si id repente eueniret. dolor
1134 1260 1921 1320 sensitiuus et intellectiuus possunt interdum concurrere:
1128 1300 1907 1357 interdum vero non. Sed dicis deus et beati odiunt pec
1137 1335 1921 1395 cata: et tamen non tristantur. igitur. De deo e odio in crea¬
1141 1370 1919 1430 to non loquimur: de beatis dictum est: non sunt capaces
1129 1414 1922 1468 tristitie in potentia propinqua propter delectationem.
1301 1448 1862 1494 Distinctionis prime questio septima¬
1306 1489 1912 1545 Eptimo circa hanc distinctionem. Que
1304 1525 1916 1579 ritur an aliquis potest diligere vel cogno¬
1315 1561 1910 1612 scere vnam personam alia non cognita vel di
1303 1596 1914 1650 lectas ⁋ Respondetur per conclusiones
1303 1631 1909 1689 sequentes. ⁋ Prima est. aliquis potest
1123 1670 1915 1727 diligere patrem non diligendo filium. Similiter aliquis po¬
1135 1708 1912 1755 test habere notitiam patris non habendo notitiam fi¬
1132 1745 1898 1797 lii. ⁋ Secunda conclusio. nemo potest diligere patri
1123 1792 1899 1836 quin filium diligat. ⁋ Tertio conclusio. Et si cultus
1135 1823 1908 1877 personarum in diuinis esset separabilis: nemo tamen
1132 1854 1896 1908 icite vna personam colit alia seclusa. ⁋ Probatur
1123 1901 1892 1946 prima conclusio. aliquis potest habere actum volun
1119 1937 1908 1984 tatis circa patrem: et ad conceptum patris termina¬
1122 1971 1892 2018 tum non habendo actum terminatum ad personam fili
1116 2008 1901 2060 secundum conceptum filii. igitur. de notitia idem patet. per
1117 2042 1895 2098 istam concipio patrem denotatur quod ego habeam notitiam
1120 2080 1888 2128 patris cui subordinatur iste terminus pater per regu¬
1117 2121 1885 2172 lam communem appellationum: termini importantes
1119 2156 1898 2205 actum interiorem anime siue intellectus siue volunta¬
1117 2193 1898 2247 tis faciunt terminos sequentes appellare propriam
1122 2231 1888 2280 rationem. propterea hanc consequentiam negat Aristo
1120 2272 1887 2321 teles: cognosco choriscum: choriscus est veniens: ergo
1111 2305 1889 2357 cognosco venientem. si non staret in appellatione rationis
1120 2343 1892 2396 onseqnentia esset syllogismus expositorius. ⁋ Secunda conclusio
1114 2385 1880 2431 probatur. da oppositum ponendo inesse quod aliquis diligat
1107 2422 1883 2464 patrem: filium non diligendo loquimur de patre in
1110 2458 1884 2507 diuinis). et sit sortes. bene sequitur: sortes diligit pa
1101 2491 1878 2544 trem: ergo patrem diligit: a termino appellante suam
1100 2533 1886 2579 propriam rationem ad ipsum non appellante: a propositio¬
1101 2571 1880 2617 ne habente pauciores causas veritatis ad propositio¬
1102 2601 1886 2653 nem habentem plures. Et tunc sic. hunc patrem dili
1102 2637 1870 2683 git: et hic pater est essentia diuina: ergo hanc essentia
1111 2682 1885 2725 diuinam diligit. Et vltra hanc essentiam diuinam dili¬
1107 2718 1876 2764 git: hec essentia diuina est filius: ergo filium diligit. Et
