2340 3306
425 275 1216 334 eodem modo expositorie potest probari quod si essentiam
435 310 1222 369 diligit: filium diligit: et quamlibet personam in diuinis di
431 348 1220 406 ligit. ⁋ Et confirmatur ex consequentia Christi ioannis. xiiii.
437 383 1225 447 quod non est possibile vnam psonam cognoscere / quin alia
435 417 1210 478 cognoscatur. dixit enim christus ad apios. Si cognouisse¬
430 459 1222 519 tis me: et patrem meum vtique cognouissetis. Replicuit
429 495 1224 559 philippus. domine ostende nobis patrem: et sufficit nobis.
439 533 1214 592 Cui christus. tanto tempore vobiscum sum: et non con
437 573 1219 631 gnouistis me) philippe qui videt me: videt et patrem.
440 610 1225 669 quomodo tu dicis ostende nobis patremus non credis
446 644 1222 708 quia ego in patre: et pater in me est:s christus probauit
446 683 1219 738 uam conditionalem: si quis cognoscit filium patrem
443 721 1222 775 cognoscit per idemptitate essentie et circuminsessionem in
449 753 1221 815 personis diuinis. Preterea non debemus concede¬
448 797 1222 846 re de duabus rebus idemptificatis realiter contradicto
450 831 1226 884 ie opposita: vel illa que in lumine naturali homo re
440 864 1224 930 putaret contradictoria nisi ad hoc sit auctoritas diui¬
438 903 1226 963 na: vel determinatio matris ecclesie que ab eadem re¬
437 944 1236 1002 gitur. Sed responsio christi est in oppositum vt nuper¬
445 983 1219 1033 rime dictum est. propterea hic non debemus currere ad
449 1014 1229 1074 hoc quod vna premissarum equiualeat vni de omni: vel ad
452 1058 1228 1111 peculiares modos syllogizm andi in diuinis. ⁋ Quar
443 1091 1233 1152 to arguitur. opera trinitatis sunt indiuisa ad extra: er
456 1132 1229 1185 go vna non potest concurrere ad notitiam vel ad dile¬
447 1165 1221 1222 ctionem quin alia concurrat: et per consequens nec ad termi
453 1196 1243 1260 nationem notitie vel dilectionis. ⁋ Quinto arguitur
456 1239 1229 1291 auctoritate augustini. vii. de trinitate cap. vltimo pro¬
450 1276 1228 1334 pe finem. et primo de trinitate cap. viii. Ubi sic dicit
454 1314 1241 1368 iue audiamus ostende nobis filium: siue ostende nobis
452 1349 1231 1412 patrem: tantundem valet: quia neuter sine altero potest
459 1387 1241 1444 constendi. Subiungit rationem quam tetigerat christus. Unum
458 1424 1240 1484 quippe sunt. Et cum est sermo de conditionalibus et conse
462 1467 1234 1517 quentiis: non solum loquendum est de facto: sed etiam de pos
450 1497 1240 1557 sibili. ⁋ Tertia conclusio patet septimo de trinitate ca¬
467 1534 1235 1590 bi. vlti. quia equalis est perfectio in omnibus psonis diui¬
450 1578 1244 1630 nis: et equalis cultus tribuendus. ⁋ Contra primam
466 1618 1241 1669 conclusionem arguitur sic. bene sequitur sortes habet con¬
465 1653 1247 1700 ceptum patris: sed ille representat filium. ergo. ⁋ Re
455 1684 1237 1740 spondetur per propositiones. Prima est. aliquis patris
464 1721 1240 1780 conceptum potest habere non concipiendo filium: patet de sophro
456 1758 1252 1812 nisco patre socratis de quo habeam conceptum singularem.
464 1797 1244 1850 tunc sic: hunc concipio non concipiendo filium: nec hunc socra¬
474 1834 1246 1893 tem concipiendo. ergo patris habeo conceptum sine filii con¬
466 1871 1241 1927 ceptu. Vel sic et lucidius: huius rei habeo conceptum si¬
471 1909 1245 1961 ne filii conceptu: hec res est pater. igitur. ⁋ Secunda pro¬
474 1954 1246 2004 positio. non potest haberi conceptus patris filio non co¬
477 1984 1249 2037 cepto. probatur: quia conceptus patris est relatiuus a con¬
468 2020 1247 2073 ceptu quolibet absoluto distinctus de materiali pro
471 2058 1256 2112 patre supponens in connotato significans filium. Sed dices ni
473 2095 1243 2153 hil significat filium nisi filius: saltem filium includit in suc
481 2139 1249 2185 conceptu. Sed forte dices contra dicta: hec consequentia est bona
477 2169 1249 2232 pater cognoscitur: ergo cognoscitur pater. Et illud con
480 2214 1253 2258 sequens infert filii conceptum esse in intellectu. ergo primum
477 2251 1259 2294 antecedens idem infert. Quicquid enim sequitur ad consequens bone con¬
483 2285 1253 2331 sequentie sequitur ad antecedens. de secunda consequentia iam patet ex dictis
484 2324 1255 2369 Et probo primam: antecedens illius consequene non potest esse verum
490 2357 1250 2409 consequente existente falso secundum significationem termi
489 2388 1265 2445 norum secundum quam termini capiuntur. patet in mentali. si mem
484 2431 1255 2485 talis huius vocalis sit vera oportet quod conceptus relatiuus
496 2473 1261 2519 atris ponatur in mente. Et tunc conceptus patris est in
485 2506 1261 2557 mente. Et per consequens consequens est verum. ⁋ Respondetur con
489 2543 1255 2593 cedendo. quod antecedens non potest esse verum consequente existenti
496 2581 1258 2629 also / retenta significatione terminorum. Sed potest ita ess
486 2616 1265 2677 sicut significatur per antecedens quando non erit ita in re sicut signi
497 2656 1261 2710 gnificatur per consequens. vt si conceptus substantic fuerit in ite
486 2693 1273 2747 lectu: iam ita est sicut significatur per antecedens: substantia
1290 256 2074 314 mnem patrem significat et tamen tunc non est ita sicut si¬
1289 293 2075 350 gnificatur per consequens. ⁋ Contra secundam couclusionem ar¬
1289 328 2062 388 guitur sic. ista conceditur pater non est filius: sed hec non
1290 367 2062 422 potest saluari nisi pater posset cognosci conceptu pro¬
1285 401 2072 459 prio e distincto a conceptu filii: alioquin illa esset falsa
1290 440 2063 495 Ti dicas quod pater significat omnem sustantiam mundi: ec
1295 482 2074 537 quod in eius diffinitione ponitur substantia. Contra. tunc
1286 516 2065 575 homo significaret omnia animalia: vel omnes substantias: ec
1284 552 2077 610 quod iste terminus substantia potest esse genus diffiniens
1292 587 2069 646 istum terminum homo. Forte dices (sicut dicendum est) pa
1293 625 2083 679 ter (sicut dictum est) filium significat: et per consequens concipitur
1297 667 2072 721 illo concepto: sed non supponit pro filio. Et propterea il¬
1285 702 2078 753 la est vera: pater non est filius cum est vna negatiua
1299 748 2071 792 cuius extrema non supponunt pro eadem persona. Sed
1293 785 2071 830 contra: tunc spiritumsanctum significat. ⁋ Et confirma¬
1299 825 2086 867 tur. conceptus persone et conceptus essentie distinguun¬
1289 850 2077 904 tur. igitur vnus potest haberi sine alio: quo facto: essen
1296 889 2071 940 tia diligetur sine persona: sicut cognoscetur sine perso
1305 929 2083 975 ia. ⁋ Ad primum sufficienter dictum est inter arguen¬
1303 972 2083 1014 dum ad vltimam replicam vsque. ad quam dicitur quod pater spiri¬
1304 1000 2081 1047 tunsanctum significat: quia essentiam diuinam significat que
1309 1036 2077 1090 est spunssanctus. sed non supponit pro spunsancto in con
1300 1081 2086 1130 muni locutione / sicut nec pro filio. ⁋ Ad confirmatio
1299 1110 2074 1161 nem conceditur assumptum. Nec argumentum est maius
1311 1156 2083 1206 quae de ly risibile et homo. Alius enim est conceptus risibilis:
1304 1188 2088 1239 alius est conceptus homins. Et plerumque concipitur homo
1306 1221 2086 1281 quando non concipitur risibile. non obstante quod homo quodlibet ri¬
1306 1260 2087 1309 sibile repuntat: et quod risibile hominem significat. Sed hic
1301 1306 2084 1353 si essentia concipiatur: persona concipitur. bene tamen con¬
1305 1334 2083 1385 cipitur persona sine conceptu essentie hoc complexum con
1306 1371 2083 1423 ceptus persone nam est inferius ad hoc complexum con
1305 1410 2084 1462 ceptus essentie propter variam appellationem. ⁋ Sed de
1302 1444 2083 1495 ces: quomodo sunt varie orationes in ecclesia de patrefi¬
1312 1483 2083 1530 lio a spusancto: vt veni sancte spiritus. domine iesum chri¬
1308 1518 2084 1570 ste filii dei viui. domine sancte pater orpotens eterne deus
1308 1564 2086 1606 Et varii articuli: vt credo in deum patrem. Et in iesum
1308 1594 2086 1644 christum filium eius. Credo in spiritu sanctum: si vna per¬
1318 1634 2095 1686 ona nequit sine alia concipi vel diligius ⁋ Respode¬
1307 1669 2102 1726 tur quod hoc non est propterea quod oratio ad vna personam
1317 1705 2099 1764 dirigatur: et ad aliam non dirigatur: vel quod vna persona:
1313 1741 2101 1792 concipiatur alia non concepta. Sed vt innotescat homi
1317 1791 2105 1841 nibus distinctio personarum. ⁋ Secundo arguitur. vna per¬
1318 1815 2097 1870 lona incarnatur alia non incarnata: ergo vna potest dili
1320 1853 2090 1916 gi alia non dilecta: vel concipi alia non concepta. ⁋ Rui
1326 1895 2105 1947 us gentiles philosophi cognouerunt deum: et non co
1314 1931 2101 1989 gnouerunt personam nec trinitatem vt communiter dici
1313 1967 2105 2016 citur. igitur. ⁋ Ad secundum dicitur quod consequentia est nulla: antecedens ha¬
1328 2005 2099 2060 demus ex fide: consequens vero non. Sed rationes fortes in ops
1325 2039 2104 2097 positum consequentis et exiles rationes pro consequente. ⁋ Ad
1330 2082 2108 2136 aliud dicitur iudei trinitatem in personis diuinis cognoue¬
1330 2120 2096 2167 unt: licet non cognouerunt trinitatem vt facile potest de¬
1329 2160 2104 2211 duci. hunc deum cognouerunt: hic deus est vel fuit trini¬
1332 2196 2104 2239 tas. ergo trinitatem cognouerunt sed non cognouerunt deum
1332 2228 2105 2283 sub nomine trinitatis. ⁋ Potest fieri argumentum aliorum. pa
1335 2271 2101 2319 er prius origine quam generat filium est perfecte biuns etc. Sr
1327 2308 2104 2362 huic argumento non oportet respondere: quia filius fuit ab eter
1328 2341 2102 2397 no beatus sicutr et pater. Sed rationibus quas fecimus
1328 2377 2111 2436 contra doctorem subtilem possunt dari responsiones
1333 2415 2107 2468 aliquales. ⁋ Ad primam potest dici quod requiritur quod
1323 2451 2115 2503 vna premissarum equiualeat vni de omni sicut syl¬
1332 2495 2114 2545 logizando in aliis materiis. ⁋ Ad confirmationem
1340 2531 2108 2584 sue est maioris ponderis in toto negocio: doctor sub¬
1340 2568 2107 2618 lilis dicit quod illud intelligitur de facto si hoc sufficiat
1337 2603 2116 2662 valeat in nomine domini. ⁋ Ad tertiam negaret ma
1330 2645 2120 2692 iorem. sufficit enim quod ex contentis in fide cum ra¬
1340 2676 2115 2748 tionibus probabilibus concedatur conclusio de po¬
