2361 3299
441 239 1229 286 ethi. est impossibilium: ergo suum velle et nolle habet in sua
444 282 1216 328 potestate simplicitur respectu sui obiecti. ⁋ At di
444 315 1231 365 ces: virtus et ars sunt circa difficile. ii. ethi. Istud non
447 357 1228 402 prouenit a difficultate in elicitione actus eliciti: scilicet vel
442 391 1226 439 le vel nolle sed quia penosum est pati tristia: et abstinere
438 429 1231 472 a delectabilibus vt patet. ii. ethicorum. cap. ii. et in fine t.
448 467 1223 515 ethicorum nullus est cruciatus ita magnus vt necessiter
445 508 1226 553 voluntatem. homo enim non necessitatur mentiri: vel negare
445 543 1226 590 deum: vel aliter perperam agere. Et hoc coloratur per au
438 580 1232 626 gustinum de libero arbitrio cap. v. dicentem quod metus
435 620 1228 665 mortis qui cadere potest in constantem virum non pot necessi
439 655 1226 704 tare hominem ad mentiendum: et si in illo casu mentiretur
453 692 1235 742 puniendus esset pro mendacio. ⁋ Sed contra illud ar¬
451 731 1226 776 gumentor. ex isto sequitur quod nulla assuefactio ad ma
447 766 1238 820 lum difficultaret voluntatem ad volendum bonum: consequens est
444 807 1225 852 contra aristotelem. ii. ethicorum. i. in fine corollarie concludit
442 846 1232 891 non igitur parum: sed plerumque quim potius totum refert sic
448 890 1233 931 aut non sic homines ab adolescentia consuescant. Super
454 919 1229 968 quo passu linconienser dicit: quod passiones inueterate
450 960 1228 1009 vix moderamem suscipiunt et ii. ethicorum. iii. Db vo¬
454 995 1223 1045 luptate res improbas: ob dolorem vo res posthemus
451 1035 1231 1074 honestas. Trenorum. iii. bonum est viro cum portauerit
441 1070 1229 1110 iugum domini ab adolescetia suam. Et no ob aliud nisi quia
448 1109 1223 1153 bene habituatus potest citius exire in actus bonos quam
445 1145 1219 1186 male habituatus. Nam quae bene potest velle exire in actus
453 1183 1229 1226 bonos tam bene et facile in eos exit. opposito modo di
447 1222 1232 1265 cit hieremias. xiii. capite sui libri. Si mutare potest
447 1264 1226 1304 ethiops pellem suam: aut pardus varietates suas: et
459 1298 1226 1338 vos poteritis benefacere cu didiceriti malum. ⁋ Pre
450 1336 1228 1387 terea anselmus de conceptu verginali cap. i. dicit quod ni
451 1373 1231 1418 hil est pena alicui nisi quod est contra eius voluntatem. ergo non est
450 1410 1222 1453 in ptante voluntatis non odire penam dum affligitur. ergo quo
447 1447 1232 1490 ad hoc non est voluntas domina. ⁋ Sed dices (et apparen¬
447 1485 1229 1534 ter) quod pena est contra naturalem inclinationem voluntatis: vel
438 1522 1230 1570 contra voluntatem quo ad affectionem commodi: non tamen quo ad
450 1563 1228 1602 affectionem iusti. quia vt sit voluntas praehabita delibera
448 1602 1223 1639 tione semper est plena domina: nec respectu huius acce
450 1637 1224 1684 ptationis habende difficultatur: nisi vnum actum libere ha¬
444 1676 1229 1719 beat qui necessitat ad alium vt patet de illo qui efficacit velt
436 1718 1229 1756 finem etc. vel de illo qui multum diligit se et iudicat se ma
441 1746 1225 1796 gnis dignum qui fugit sibi nociva. Contra. vel est ita fa
442 1790 1226 1832 cile voluntati hatre actum elicitum respectu alicuius obio
450 1831 1233 1872 cti respectu cuius est affectio commodi vel in sultus passio
451 1866 1238 1902 nis in oppositum: vel non. si secundum difficultari potest volun
451 1900 1230 1950 tas. primum videtur contra experientiam: et auctoritates pa¬
454 1941 1217 1986 trum et aplti ad galathas. v. caro concupiscit aduers
451 1975 1232 2019 spositum et iii de anima. appetitus sunt contrarii. sed vbi est contrarie
451 2016 1232 2056 tas et resistentia vnum tantum potest augeri quod alid vincet.
460 2054 1228 2098 Preterea. vii. ethicorum deit philosophus continens vin¬
450 2091 1220 2136 citur a passionibus. ⁋ Sed ista non concludunt. et dicetur quo
448 2129 1229 2170 quantucumque crescit passio ab obiecto delectabili vel
460 2168 1229 2212 tristabili secundum sensum dum modo plene stet iudicium rationis
466 2206 1236 2251 idhuc equae facile poterit voluntas non velle at nolle
460 2239 1223 2288 consentire illi motioni passionis siue sit magna siue pe
454 2287 1224 2329 ua: potest tamen passio tristicie vel delectationis tantum procedo
447 2320 1237 2362 re quod ratio absorberetur: et tunc voluntas non potest libere exi
452 2362 1232 2403 re in actus suos rationales. vt patet in plene ebriis / dor
448 2394 1241 2433 mientibus / pueris / et amentibus. propterea quam pri
453 2430 1229 2481 mum passiones refrenare oportebit. ne nimis proce¬
450 2474 1233 2516 dant et absorbeant iudicium rationis. multi eim per timorem
463 2511 1235 2550 mortis vel vehementiam pene pardiderunt vsum rationis.
459 2547 1242 2593 sed stante pleno iudicio rationis in magno insultum volun¬
454 2583 1228 2627 tas potest contraniti sicut in paruo. secus est si rtio quae est au
453 2623 1235 2666 riga voluntatis absorbeatur. nam intellectus potest excecari
442 2665 1238 2721 cum vtitur ministerio virium sensitiuarum: quibus destructis:
1308 242 2077 294 vel simpliciter impeditis in suis operationibus intellectus
1294 283 2081 337 deficit in operationibus: suis interdum ad tempus donec
1302 325 2081 374 cessant impedimenta. quando quae irrecupabiliter: vt in perpe¬
1293 363 2089 405 tua demetia propter cerebrum percussum: quandoque etiam intel¬
1293 393 2086 446 lectus excecatur vel cecutit ex auersione a vo bono: vel
1294 438 2081 484 ex conuersione in bono apparenti delectabili quod non habet
1300 477 2082 526 rectum iudicium quod hoc est fugiendum: et illud prosequem
1299 507 2089 562 dum. quando quaem ex nimia pena tantum figitur in obiecto trista¬
1299 548 2089 593 bili quod male iudicat: vt damnatis. si enim proponas que
1300 584 2081 641 stionem facilem vehementur aliunde distracto non respondebit
1303 625 2083 669 ad quaesitum. ⁋ Ad formam primi argumenti quo dicitur quod as
1294 665 2089 716 suefactio ad malum impedit voluntatem ad bonum: hoc est
1287 704 2074 752 verum. quia facit malum apparere minus malum: et facit quod
1300 741 2077 783 mali habitus et passiones grauius insurgant inclinantes
1299 774 2078 823 ad silia mala secundum illud aug. Enchiridii. ca. lvii
1303 817 2080 857 peccata quaeuis magna  horrenda cum in consuetudinen
1293 854 2081 895 venerint: aut parua aut nulla creduntur. vsqueadeo vt
1302 892 2081 941 non solum non occultanda verum etiam pradicanda ac famam
1293 928 2085 982 da videantur. et psal. lxxxix. dFt omne peccatum consue
1294 965 2080 1015 tudine vilescit: et nescit ho quatu sit. Et gregorius
1303 995 2078 1049 im registro. Si praue rei aequae vusecat aditus non clau
1293 1037 2081 1089 datur: fit latior: et erit consuetudie licitum quod constat ratione
1293 1073 2078 1123 esse prohibitum. Et hoc patet. vii. ethicorum de intempera
1299 1113 2080 1161 to: quae secundum philosophum est peior incontinente. quia ia
1299 1152 2080 1198 ocuium mentis obtenebratum habet. sed si iudicet illud es
1294 1188 2078 1243 malum: libere potest velle non prosequi: et libere operatur
1294 1226 2081 1282 non obstante consuetudine: vt de intemperato dicit in
1300 1269 2089 1310 eodem. vii et iii ethicorum cap. i. de mixto vt de proiicien
1299 1305 2081 1355 te merces in mare. Voluntas autem quae est principium agendi
1293 1347 2087 1395 est in sua facultate secundum illud philosophi. at quorum
1293 1380 2071 1424 principium est in ipso ea agere vel no agere in ipso est s
1303 1422 2072 1461 tum. et dicitur quod stante iudicio rationis habet pleni
1296 1452 2084 1503 dominium actus voluntatis ad nolle tale obiectum. sed
1294 1489 2085 1545 habitum inclinantem ad malum remouere non potest ad nu
1303 1535 2084 1583 tum vt experientia docet. et hoc pul. hre tradit ari
1299 1565 2080 1613 stoteles tertii ethicorum. v. postquam in principio oespendit
1300 1609 2080 1653 actus esse sitos in nostra facultate: oppositum oespendit
1293 1642 2083 1685 de habitu inquens. non tamen si vult cum est iniustus desi¬
1299 1685 2075 1731 net esse talis ac iustus erit, nec enim qui egrotat si vult
1294 1720 2078 1766 erit sanus. et sorte sua sponte egrotat. si incontinen
1292 1760 2089 1811 ter viuebat: et praecepta medicorum negligebat. male
1292 1792 2075 1847 igitur habituatus non potest sine magna difficultate ab¬
1293 1832 2074 1875 stinere ab actu ad quem inclinat eius habitus. propte¬
1294 1871 2080 1921 rea consuetudo vocatur alta natura. Que vo fiunt ab
1300 1905 2096 1962 habitu non requirunt deliberationem. et propterea
1306 1941 2087 1998 praue habituatus non potest facile resurgere cum non po¬
1300 1987 2081 2036 test excutere habitus malos cum voluerit consuetudo
1293 2028 2076 2075 est altera natura: et parit necessitate non simpliciter: sed
1293 2064 2087 2111 qui est difficile resistere: vocatur altera natura et ne¬
1296 2093 2078 2139 cessitas. in modo enim loquandi homis de re difficili factu
1294 2133 2084 2191 dicimus non possum hoc ipsum efficere. ⁋ Sed pondus ar¬
1302 2168 2087 2229 gumentorum in hoc iacet quod stante iudicio rationis et qua¬
1296 2213 2081 2253 cumque passione ad oppositum voluntas potest nolle libere.
1308 2253 2086 2295 non modo in actu: sed in gradu actus. quia si vnus habitus vel
1302 2289 2093 2337 passio potest impedire partem gradus: dabitur habitus
1300 2328 2078 2374 ita magnus quod ille actum voluntatis impediet. et sic iterum
1312 2365 2081 2414 voluntas difficultabitur. ⁋ Summati doeiter quod voluntas
1309 2399 2079 2450 patitur difficultatem in resistendo tentationi et in refre
1302 2441 2078 2489 natione passionis et patiendo tristia. non autem in volen¬
1299 2474 2089 2520 do ea pati. ⁋ Ex his potes respondere ad formas rationum:
1308 2519 2080 2554 et auctoritatum prius inductarum quidam putant quod habi¬
1300 2551 2085 2602 tus in appetitu sensitiuo potest se solo producere actum
1309 2590 2089 2639 ad quem inclinat: et ille actus non est peccatum: quia
1300 2629 2089 2676 non est a voluntate. Vel forte dicit quod voluntas ipsa
1298 2666 2084 2725 actiue concurrit cum habitu vicioso voluntatis: et ille
