2356 3304
429 240 1217 288 ctiue perfecte cogniti in mente habentis vtentis
442 285 1219 323 ratione. quod enim naturaliter assensus premissarum cau
439 320 1221 368 sat assensum conclusionis: tam naturaliter notiti
436 361 1220 402 terminorum siue intuitiue siue abstractiue causant
441 397 1217 442 assensum ipsius propositionis: supposito quod deus con
439 437 1223 478 currat cum influentia generali ad productionem
423 476 1220 520 assensus: quia ad notitiam terminorum concurreret.
436 513 1221 554 et non ad assensum: iam in intellectum essent notitie ter
433 549 1222 590 minorum absque iudicio propositionis. Et istud potit
435 586 1208 631 simum si notitia terminorum habeatur in eodem loc
436 624 1210 670 quia si idem esset in variis locis: et notitia apprehi
424 662 1223 705 siua vnius termini solum haberetur in vno loco: da¬
426 699 1214 745 to quod deus concurreret concursu generali quantum
432 738 1223 781 est de se non causabitur assensus illius propositio
423 775 1216 817 nis: quia vel in vno loco tantum causabitur: et hoc
429 814 1222 855 non. quia equa est ratio de terminis in aliis locis:
434 850 1220 894 vel in quolibet illorum locorum: Sed patet quod non: si
424 889 1213 935 enim ignis esset in quattuor locis: et in quolibet ha
423 927 1214 971 beret precise vnum gradum caloris: nullibi cale¬
434 965 1213 1009 faceret passum calefactum vt tria: quia tunc ageret
423 1001 1207 1044 vltra gradum sue perfectionis in illo loco: non assi¬
432 1044 1208 1088 milaret passum: sed dissimilaret. Sed hic aliquio
429 1081 1212 1125 discriminis est de passo extrinseco & intrinseco. Ite
427 1117 1217 1164 in nullo illorum locorum est causa sufficiens produ-
427 1153 1219 1199 ctiua iudicii: ergo in nullo illorum locorum est illud
423 1192 1220 1233 iudicium: consequentia est lucida. et antecedens
433 1233 1213 1275 patet ex hypothesi ⁋ Sed hic dicet aduersarius
432 1267 1205 1314 antecedens esse falsum: sufficit enim quod notitia illo
432 1306 1205 1347 rum terminorum fuerit in hac anima a notitia di
427 1343 1220 1387 stans ad mille leucas concurret ad productionem
429 1382 1220 1419 assensus in hoc loco: nec hoc inconuenit quando in¬
431 1419 1213 1465 heret eidem passo: cui inheret notitia existens in
433 1460 1215 1505 hoc loco. Sed illud dependet ex dictis in decima
432 1492 1213 1541 distinctione quarti questione secunda. ⁋ Dicitur
424 1535 1213 1580 propositio per se nota: quia per terminos suimet
423 1575 1211 1620 assensus suus causatur: nec probari potest a prio¬
431 1606 1211 1651 ri vel a posteriori: quia nisi sic propositio indemon
426 1648 1211 1694 strabilis a priori notificabilis a posteriori essed per
422 1687 1219 1732 se nota quod est falsum. Per se autem nota dicit
436 1725 1207 1766 aptitudinem: quia dato quod a nullo cognoscatur non
433 1765 1213 1808 est minus per se nota. intelligo a nulla creatura:
431 1802 1205 1846 deo enim actualiter est illius iudium: et semper
441 1837 1220 1884 ⁋ Ex ista diffinitione sequuntur corollaris. ⁋ Pri
426 1874 1209 1920 mum est. idem est propositionem esse per se notam
432 1914 1219 1957 et eseper se noscibilem vt noscibile ampliet solum de for
433 1950 1210 1990 mali. ⁋ Secundum corollarium. non omnis pro¬
428 1987 1214 2031 positio immediata est per se nota. bene tamen econ
436 2030 1207 2069 uerso. hec ei propositio: calor est calefactiuus est
426 2066 1216 2110 immediata: non tamen per se nota. quia ad cognitio
434 2101 1223 2148 nem eius requiritur experientia. ⁋ Tertium. non om¬
433 2140 1205 2187 nis propositio cuius praedicatum includitur in subi
433 2179 1219 2221 iecto est per se nota: quia tunc hec esset per se nota:
423 2217 1219 2258 albedo est color. et eodem modo hec: elephas est ani
427 2256 1207 2296 mal. quod est falsum. ⁋ Quartum. nulla proposi¬
429 2293 1211 2335 tio contingens est per se nota: quelibet enim talis
423 2333 1211 2376 ab aliquo dubitari potest. ⁋ Quintum. hec / omne
429 2368 1214 2409 totum est maius sua parte non est per se nota. patet
430 2407 1217 2453 quia aliquis potest assetire huic: aliter est quam illa signi
429 2444 1210 2492 ficat: vel dubitare de illa aliquod totum est: et ticm
425 2479 1210 2526 homine existente totum est: tamen anima separa¬
436 2523 1214 2568 ta vel angelus potest illud dubitare. et positus ex
384 2550 1208 2602 etm tra vniuersum ad magnam intercapedinem. eodem
441 2598 1210 2638 modo de hac: quecumque sunt equalia / vni tertio sunt
432 2634 1220 2683 equalia inter se. tamen conditionaliter tales vocam
404 2651 1205 2728 tur per se note: si aliquod totum est ipsum est maiu
1290 242 2075 307 sua parte integrali. hic igitur non est demonstra
1292 287 2077 339 tio: omne continens tantundem et amplius est il¬
1288 325 2078 374 lo maius: omne totum est huiusmodi. igitur. pre¬
1293 370 2076 425 misse enim non sunt notiores conclusione. ⁋ Serx
1288 405 2087 460 tum. omnis disiunctiua composita er partibus con
1290 437 2084 495 tradicentibus est per se nota: quacumque enim tali obla
1297 474 2086 537 ta intellectus cognitis terminis assentit illi puta
1286 513 2077 565 quod ita est sicut per illam significatur. Eodem mo¬
1282 560 2078 604 do dicitur de categorica de disiuncta copula. ⁋ Se
1292 592 2077 645 ptimum corollarium. aliquod est per se notum gra¬
1290 634 2075 685 tia forme. patet de disiunctiua composita ex contra¬
1286 671 2075 719 dictoriis. et categorica de disiuncta copula. Ali¬
1293 708 2075 759 quod etiam est per se notum gratia materie vt patet de mul
1287 748 2078 798 tis conibus aim conceptionibus Euclidis. ⁋ Qctauum co
1284 778 2075 831 rollarium. alqua propositio falsa est per se nota. pro
1290 816 2078 874 batur: quia omnis propositio disiunctiua composita
1284 861 2079 908 ex contradictoriis est per se nota: aliquod falsum
1287 894 2078 944 est huiusmodi. ergo aliquod falsum est propositio
1284 936 2082 989 per se nota. consequentia tenet in darii: huiusmo¬
1285 976 2075 1028 di in minore includit subiectum maioris. maior pa¬
1280 1011 2075 1065 tet ex dictis: pobatur minor demonstrata hac: hoc
1281 1047 2069 1099 est falsum vel hoc non est falsum vtrobique demonstram
1291 1083 2072 1136 do affirmatiuam: affirmatiua est falsa: quia se fal
1293 1119 2077 1171 sificat: et non est ita a parte rei sicut negatiua signi
1282 1158 2069 1215 ficat. ergo ipsa est falsa, consequentia tenet per mo¬
1282 1203 2066 1239 dum quem rationabiliorem puto in insolubilibus
1291 1233 2079 1291 hoc dicitur quia potest quispiam dicere: illa negati
1290 1276 2072 1330 ua est: vera quia ad veritatem eius sufficit quod affirma¬
1285 1311 2066 1365 tiua se falsificet. Sed contra hoc sunt instantie dif
1284 1352 2072 1405 ficiles de quibus alias locuti sumus. ⁋ Sed con¬
1287 1390 2069 1443 tra hoc arguitur: ex illo sequitur quamlibet copula
1291 1427 2078 1477 tiuam ex contradictoriis compositam esse per se no
1284 1467 2069 1518 tam. pobatur: quia illa oblata protinus intellectus
1282 1502 2069 1556 illi dissentit quacunque terminorum cognitione prae¬
1287 1544 2074 1591 uia: et falsitas non repugnat per se note per corol
1281 1575 2072 1628 larium igitur: ⁋ Respondetur concedendo assum¬
1278 1620 2075 1669 ptum vet quod quelibet propositio cui quilibet intelle¬
1284 1661 2078 1710 ctus per quamcumque terminorum cognitionem preuia
1281 1690 2072 1742 dissentit / est per se nota: quia eius falsitas est nota. et
1282 1728 2062 1784 eius dissensus ita cito producitur sicut assensus opi
1287 1771 2062 1817 posite. Et tunc diffinitur per se notum sic. per se no
1281 1810 2059 1852 tum est propositio cuius assensum vel dissensum cat
1281 1842 2075 1897 sat quecumque noticia terminorum suorum. ⁋ Et ex
1274 1876 2071 1929 isto sequitur quod cuiustibet propositionis per se no¬
1281 1918 2072 1972 te contradictoria est per se nota. ⁋ Alio modo di¬
1284 1957 2068 2006 citur negando consequentiam: quia per se notum
1280 1997 2068 2040 apud loquentes diffinitur per productionem assen¬
1282 2033 2069 2083 sus: et non per esse verum. et sic ista hoc est falsum
1281 2076 2062 2119 vel hoc non est falsum est per se nota. et etiam inte
1282 2108 2067 2162 ligatur de assensu qui non est dissensus. ⁋ Sed di
1283 2148 2066 2194 ces: notitia terminorum est productiua iudicii illi
1281 2192 2068 2234 us propositionis. ergo noticia teminorum precedit
1278 2226 2072 2274 illum assensum. ⁋ Insuper habeat intellectus ca
1277 2263 2063 2310 tegoricam de disiuncta copula et suum oppositum
1275 2301 2066 2352 de copulata copula simul: queritur an citius habe¬
1272 2342 2069 2388 bit assensum quam dissensum. si sic: illa sola est per se no
1279 2378 2070 2428 ta. si ita cito: vtraque est per se nota. ⁋ Responde¬
1275 2415 2063 2466 tur noticia terminorum precedit natura illum assen
1275 2452 2062 2502 sum: non tamen instanti vel tempore. Si noticia
1281 2491 2059 2535 terminorum producatur in hoc instanti assensus
1284 2528 2069 2575 illius propositionis in eodem producitur: sic suc¬
1284 2570 2062 2611 cessiue termini formentur: vltimum instans non esse
1281 2607 2071 2651 vltimi termini illius propositionis per se note est vlti
1276 2639 2059 2687 mum instans non esse assensus eiusdem: postquam natu
1275 2683 2069 2731 ralinecessitate se mutuo consequuntur. et sicut eiusdem
