2340 3348
215 215 999 283 atus: licet non cause respectu illius assensus. Sed con
213 265 997 317 tra hoc arguitur. ex isto sequitur quod idem argumentum topicum
216 302 1005 356 in vno producit assensum fidei intensiorem quam in alio. probatur
213 343 1009 396 maior: quia ratione actus voluntatis: licet volutas sit libera
214 376 1003 429 respectu sui actus eliciti: tamen naturaliter concausat assen¬
216 424 1007 468 sum fidei: ergo vbi volitio erit intensior / actus assentien¬
225 451 1009 504 di erit maior. Si illud concedas sicut est concedendum conse¬
219 499 1009 543 quenter: tunc voluntas potest remittere suum actum ad non gra¬
222 525 1006 576 dum vsque. et ponetur iste casus: habeat voluntas nunc actum
216 571 1004 614 fidei intensum: vt. iiii. productum a motiuo et ab actu vo¬
225 600 1006 650 luntatis vt. iii. in tota hora sequente remittat voluntas
224 637 1007 693 suum actum ad non gradum vsque: sic scilicet quod in instanti terminan¬
225 675 1015 728 te horam futuram primo sit non gradus actus voluntatis: ad
235 713 1018 759 huc intellectus in illo instanti assentiet: et illum assensum
226 750 1009 798 conseruat: ergo talem assensum poterat primo producere
222 791 1015 838 sine actu voluntatis. Ad argumentum sufficienter inter ar¬
216 822 1009 880 guendum responsum est ad vltimam replicationem vsque: cuius
225 860 1015 915 difficultas non oppugnat nostram conclusionem: sed solum quaerit
210 902 1009 946 an assensus fidei possit esse sine casa quae eam produxit: et dicitur quod sic.
228 935 1013 990 ⁋ Secundo arguitur. si pia affectio aliquid faciat ad produ-
226 969 1021 1024 ctionem fidei: sequitur quod quis potest habere maiorem assensum quam
231 1011 1019 1063 ratio probat: sed hoc est falsum: igitur. falsitas minoris patet du
228 1054 1025 1105 plicitur. Tum primo. si quis potest assentire plus vni propositioni neu
228 1084 1025 1138 tre quam ratio probat per imperium voluntatis: potest assentire vni
230 1124 1024 1178 propositione sine ratione. vt si intellectus potest assentire huic / deus est
225 1162 1027 1214 trinus et vnus firmius quam ratio probat: ergo sine motiuo potest
225 1199 1018 1253 assentire huic / deus est trinus et vnus. Tum secundo. pia affe
232 1232 1027 1289 ctio est potior causa assensus fidei quam ratio topica: et ratio topi¬
228 1275 1024 1325 ca producit assensum formidolosum sine iuuamine volunta¬
223 1314 1018 1361 tis: ergo pia affectio qua est actus voluntatis potest aliquem assen
223 1345 1024 1404 sum producere sine concursu rationis topice. ⁋ Respondetur conceden
234 1383 1024 1434 do antecedens: sed consequentia est nulla saltem respectu cuiuslibet credi
233 1419 1018 1471 bilis. Ad aliud. esto pia affectio sit potior causa in productio
228 1458 1019 1506 ne assensus fidei: non sequitur illatum: quia neutra illarum potest cau
233 1491 1021 1547 sare assensum fidei se solo. Sed dices. vnum motiuum potest
243 1530 1030 1584 aliquid facere ad generationem fidei: et aliud motiuum tantundem
239 1566 1018 1625 potest facere: ergo potest supplere causalitatem voluntatis: et si duo
236 1611 1021 1656 motiua hoc facere nequeant: quatuor vel decem hoc sup
244 1650 1024 1698 plere possunt. Respondetur. cum iste sint causalitates alterius rationis nul
237 1679 1028 1735 la causa potest aliam supplere: sicut obiectum non potest causalitatem
241 1719 1030 1767 anime intellectiue in productione notitie intuitiue / nec econuer
243 1751 1031 1811 so supplere. Ex isto patet quod quis plus assentit consequenti alicuius
249 1795 1037 1841 rationis quam antecedenti / dummo ille assensus aliunde proueniat
250 1835 1030 1886 quam ab assensu praemissarum. quod patet si sit pia affectio circa
248 1872 1030 1924 conclusionem et non circa praemissas. Sed contra hoc arguitur. si ar
245 1903 1029 1961 gumentum topicum non possit producere fidem / hoc ideo est
254 1936 1037 1997 quia producit assensum formidolosum: sed hoc consequens est falsum:
246 1978 1027 2036 ergo argumentum topicum potest producere fidem: cum tota formi¬
247 2014 1042 2071 do sit finita: vel si infinita multiplicatio infinitorum argu¬
247 2051 1042 2104 mentorum topicorum potest omnem formidinem excludere. ergo non
252 2093 1036 2140 requiritur pia affectio ad generationem fidei. hec replicatio
256 2133 1039 2182 est impertinens huic materie. nam argumentum equaliter probaraet quod
261 2168 1045 2213 argumenta topica possent producere assensum euidentem.
271 2201 1042 2249 sed nego quod infinita argumenta topica possunt producere
263 2241 1021 2286 fidem vel notitiam euidentem: sed de hoc inferius.
261 2281 1040 2326 ⁋ Tertio arguit / probando quod voluntas potest vtrobique produ
265 2311 1051 2360 cere assensum fidei. et hoc sic. Tota certitudo in assen
258 2350 1043 2404 su fidei producitur a pia affectione solum: et certitudo fidei
261 2394 1042 2443 est assensus fidei: ergo assensus fidei producitur a pia affe¬
257 2427 1055 2477 ctione solum. Respondetur. maior est falsa. certitudo enim nihil
273 2463 1046 2509 aliud est quam assensus: per quam certitudinalitur assentio. modo
264 2501 1055 2550 ille vt patet ex dictis / producitur a pia affectione et motiuo.
263 2537 1060 2585 ⁋ Quarto arguit / probando quod ratio topica nullo modo concurrit
277 2582 1046 2623 ad productionem fidei. et hoc sic. Quando est aliqua causa particula¬
277 2613 1055 2661 ris nata producere aliquem effectum ex sua natura: per nul¬
259 2653 1070 2704 lum additum potest ad alium effectum concurrere: quin semper con
1078 210 1859 270 currat ad suum effectum naturalem vt si calor addatur cum
1078 259 1871 309 corpore humido vel sicco: semper producit calorem. Unde vt dicitur id est¬
1075 294 1859 340 de generatione. Idem inquantum idem semper natum est facere idem.
1072 337 1849 390 sed soli rationi topice repugnat producere fidem: ergo nec potest
1068 368 1868 421 producere cum alio. Et gratia argumenti teneatur (quod non est inopi
1071 407 1859 455 nabile penitus) quod opinio et fides in actu se compatiuntur in eo¬
1074 447 1861 489 dem subiecto respectu eiusdem obiecti. tunc sic. ratio topica.
1080 482 1855 531 quandoncumque adducitur cum pia affectione semper producit snum
1075 523 1862 569 effectu: cum sit agens naturale et passum non impeditum: ergo
1071 557 1865 600 tunc vel duos effectus producit scilicet fidem et opinionem: quod in
1081 598 1859 639 conueniens videtur: vel solum opinionem / quod in argumento
1079 635 1865 681 praetenditur. ⁋ Respondetur negando maiorem. sol enim se solo produ
1080 669 1863 711 cit lumen: et cum boue producit bouem. Nam sol et homo producunt
1077 709 1864 751 hominem: secundo physicorum. similliter notitia abstractiua vel
1074 747 1864 789 intuitiua concurrit ad actum voluntatis / nunc ad dilectionem /
1074 789 1871 829 nunc ad odium. non enim inconuenit causam naturalem nunc con¬
1075 817 1864 861 currere ad vnum effectum nunc ad alium impertinentem / nunc
1082 856 1874 898 ad oppinonem / potissimum quando alia causa concausans est libera:
1086 893 1871 940 vt contigit in proposito: et patet de concursu fidei infuse et cha
1083 935 1862 977 ritatis infuse. Et vbi inter arguedum replicas. egre ibi re
1086 968 1865 1016 plicatio dabitur: sed ea admissa non concluditur quod argumentum to¬
1080 1002 1874 1056 picum non producat fidem sicut sol producit lumen et asinum:
1089 1045 1864 1089 vel sicut notitia producit habitum et actum voluntatis: nihil
1086 1080 1872 1122 ad b. ⁋ Quinto arguit demones credunt et contremiscunt.
1089 1119 1871 1168 Iaco. ii. et tamen non habent piam affectionem assentiendi: ergo
1092 1151 1879 1198 non requiritur pia affectio ad generationem fidei. Respondetur quod ibi
1092 1194 1871 1242 credunt) tantum valet quantum intense opinantur. nam quando christus
1086 1224 1873 1277 erat viator secundum corpus: demonstratio dubitabat an christus esset
1089 1265 1877 1311 deus. propterea eum tentauit: vt scribit Matth. iiii. Tunc
1082 1302 1869 1346 iesus ductus est in desertum a spiritum vt tentaretur a diabolo. sed
1092 1342 1873 1387 tempore quo beatus Iacobus scripsit illam epistolam canonicam: certi
1092 1381 1867 1422 tudinalitur nouit aduentum christi. ⁋ Sexto arguit. Si intellectus
1091 1413 1873 1460 habeat rationes opositas equilibres quattuor ad probandum a
1093 1453 1877 1495 esse b. et totidem in oppositum ad probandum contradictorium: iam
1091 1487 1886 1528 voluntas potest assentire vni perti / vel alteri: et sola pia af¬
1096 1527 1880 1571 fectio hoc facit. probatur maior. Primo alioquin homo mentire
1086 1565 1880 1611 tur tenendo quod a eet b / cum non assentiat illi in mente / a est b
1096 1602 1892 1648 et dicit in voce a. est b. Secundo. quattuor rationes et pia affe¬
1105 1634 1883 1683 ctio exuperant virtutem quattuor rationum solum. probatur minor. ratio¬
1094 1672 1882 1719 nes hincinde sunt equaliter fortes ex hypothesi: ergo quatuor
1099 1718 1883 1759 tantum impediunt quantum quatuor mouent ad assensum: sicut de
1106 1746 1886 1795 duobus ponderibus equalibus in statera patet. non valet dicere
1101 1789 1885 1833 quod intellectus magis inclinatur ad partem veram: quia ponamus quod
1105 1824 1892 1875 quantum intellectus inclinatur ad verum / tantum ponatur rationis in
1106 1860 1890 1906 oppositum. Item intellectus assentit falso sicut vero quando habet
1103 1901 1886 1942 motiuum. ⁋ Respondetur: quamlibet partem tenendo / non est absur
1107 1943 1889 1981 dum. experietia namque docet quod stat rationes esse equales in vi¬
1113 1980 1895 2023 gore in materia topica apud prudentem: et tamen ob affectio¬
1104 2008 1892 2056 nem plus vnam ponderari quam aliam: sed nos ponimus quod equalitur
1110 2043 1887 2098 poderentur: et dicitur probabiliter quod agregatum ex pia affe¬
1107 2088 1895 2129 ctione et quattuor rationibus producit assenssum quemadmo¬
1114 2122 1889 2168 dum quantuncumque parum additum grauitatis vni parti sta¬
1104 2156 1892 2205 tere: reliquam partem ad se trahit: nec est propterea consequens
1107 2196 1891 2248 quod totus ille assensus producitur a pia affectione: sed ab
1113 2232 1901 2281 aggregato motiuorum et pia affectione. Sed contra hoc di¬
1114 2272 1895 2317 cis. quatuor rationes impediunt actiuitatem quatuor rationum
1107 2307 1901 2357 oppositarum sic vt nihil agant: et assensus ibi aliquis produ¬
1108 2348 1900 2392 citur: ergo a sola pia affectione: quemadmodum si quattuor
1113 2379 1894 2434 gradus frigoris equaliter agerent et resisterent cum quatuor
1116 2427 1903 2473 gradibus caloris: si fuerint. vi. gradus caloris actio a
1111 2457 1886 2509 duobus gradibus proueniet. Respondetur. vna pars rationum
1116 2506 1901 2542 non impeditur a suo effectu totaliter: bene tamen ne tam inten
1109 2532 1899 2577 sum effectum producat: assensus enim in illo casu erit mul
1111 2567 1903 2617 to remissior quam si non essent rationes opposite. eodem modo
1124 2606 1904 2654 totus calor vt. vi. producit calorem remissiorem quam vt. vi.
1119 2645 1899 2696 videlicet vt duo: stante frigore vt. iiii. et secundum magni¬
