2377 3312
417 265 1211 328 conuenit ipsa. licet cani non sit melius esse sapien¬
407 313 1207 365 tem quam latrabilem esse: tamen prestantius est enti esse
411 357 1207 409 sapiens cui conuenit quam cani esse latrabilem. ⁋ Se¬
422 389 1208 436 cundo arguitur. esse creatiuum: primum efficiens: in¬
420 420 1213 477 dependens / vltimum finem et donum summum / de¬
414 460 1224 517 bent esse perfectiones simpliciter ex dictis: sed hoc
419 498 1211 556 est falsum. nulla perfectio simpliciter potest remo
414 536 1213 587 ueri a deo. sed iste conditiones per remotionem crea¬
417 571 1222 629 turarum possunt remoueri a deo. si sortes non sit:
417 614 1211 668 deus non est causa efficiens eius: nec eius vltimus
417 650 1216 702 finis: nec domins eius: secundum Augustinum. xii. de ciuita
425 686 1214 741 te dei. cap. xv. et. v. de trinitate. ca. vltimo. Sed di¬
425 727 1213 782 ces (sicut dicendum est) posse esse dominimsummum / et
425 762 1226 817 rerum causam / est conditio perfectionis simplicitur:
420 804 1219 855 et non esse actu. Contra actus est perfectior poten¬
424 835 1216 892 tia: vel saltem non minus perfectus. ix. Metaphy¬
420 881 1213 934 sice. ⁋ Contra secundam conclusionem argumen¬
421 923 1214 966 tor sic. deum esse trinum et vnum est perfectio sim¬
432 965 1220 1014 pliciter deo conueniens que non potest probari ratio¬
420 986 1216 1048 ne naturali deo conuenire per te. Cotra. probatut
425 1035 1220 1082 naturali ratione deum esse ens summum / vniuersa
432 1066 1223 1123 liter omnem perfectionem includens / et imperfectio¬
433 1104 1228 1157 nem excludens: sed per te esse vnum in essentia et tri
427 1147 1225 1197 num in personis est perfectio simpliciter. ergo natu
434 1179 1230 1235 rali ratione probatur illud deo conuenire. ⁋ Rur¬
440 1216 1235 1273 sus in lumine naturali potest cognosci nullum im
435 1261 1228 1316 possibile sequi ad deum vnum esse in essentia et tri¬
441 1292 1229 1347 num in prsonis: vt in distinctione quarta post hac
438 1330 1238 1391 elucescet. et ita de aliis perfectionibus que deo con
433 1370 1237 1420 ueniunt ex sola fide cognitis. ergo in lumine natu
438 1408 1231 1461 rali talia sunt deo attribuenda. ⁋ Ad secundum suf
438 1448 1235 1501 ficienter responsum est inter arguendum ad calcem
438 1483 1241 1533 vsque. et dicitur quod multe cause ita perfecte sic se habent
448 1521 1232 1581 actualiter facientes sicut potentes facere: et perfe
439 1569 1241 1614 ctiori modo potissimum in actibus bonis. sed non vtro
444 1595 1241 1655 bique creatio actiua dei non distinguitur a creatione
456 1637 1232 1693 possibili dei quando creat: sed est essentia dei. simi¬
449 1675 1234 1729 ter de dominio dicatur. ⁋ Ad aliud contra secundam
441 1710 1236 1768 conclusionem: concedo illam maiorem: omnem perfe¬
449 1753 1234 1804 ctionem simpliciter Philosophi deo conuenire
446 1792 1241 1841 sciuerunt. et quando addis minorem: esse trinum in perso
454 1836 1237 1885 nis / et vnum in essentia: est perfectio simpliciter. hoc
452 1864 1250 1916 est verum: sed consequentia est nulla: capiendo illam in sensu
457 1912 1253 1960 composito de scio. non sequitur omnem hominem in
450 1950 1247 1991 capro esse in capvro est scita a me. Solidanus syrie
462 1984 1244 2030 est homo in capro. ergo scitur a me quod solidanus est in
460 2015 1244 2067 cavro. quia si sit minor vera totum antecedens est verum: et consequens
450 2054 1241 2114 falsum et patet ex argumento platonis in memnone pri¬
468 2091 1244 2145 modo posteriorum allegato a philosopho. tuscis omnen
462 2140 1252 2185 dualitatem esse parem. dualitas in bursa platonis
467 2167 1253 2220 est dualitas. ergo illam scis esse parem. si capiatur maior
457 2207 1246 2259 in sensu diuiso: consequentia est bona: et maior est fal
468 2243 1252 2296 sa: sicut conclusio. Non enim omnem perfectionem sim¬
474 2281 1244 2341 plicitur philosophi sciuerunt deo conuenire: sicut nunc
468 2321 1249 2381 omne ens esse ens est necesse: sortes est ens. ergo sortem
464 2360 1250 2414 esse ens est necesse. totum antecedens est verum posita existen¬
474 2398 1251 2447 tia sortis: et conclusio falsa. ⁋ Ad tertium argumentum
466 2440 1265 2487 si intelligatur quod de omni vero ex quo non sequitur im¬
472 2473 1256 2530 possibile notum est in lumine naturali illud esse possi
472 2514 1256 2569 bile. hoc est falsum. ex nullo enim credito (vt palam
475 2561 1268 2604 est) sequitur impossibile: et tamen non de omni credi¬
468 2594 1258 2645 to est sufficienter notum in lumine naturali illud esse
470 2628 1265 2683 possibile. requiritur quod nec ex eo sequatur impossibile:
478 2667 1265 2716 et quod in lumine naturali certum sit ex eo nullum sequi
483 2701 1264 2765 impossibile: sed capiendo malorem de virtute sermo¬
1285 265 2087 311 nis vt iacet ipsa est vera. hec est certa mihi vel mi¬
1285 307 2081 360 hi scita: omnis illa propositio est possibilis ex qua non
1281 343 2078 387 sequitur impossibile: vel potius omnis illa propositio
1279 380 2086 425 ex qua nullum sequitur impossibile est possibilis etiam
1281 417 2087 461 minor est vera. sed consequentia est nulla. ⁋ Ceterum de aliqui¬
1290 455 2080 502 bus conditionibus notum est eas in lumine natura
1278 492 2083 539 li dicere perfectionem: vt esse viuentem / intelligen
1285 534 2087 573 tem / tales philosophi et prudentes omnes deo attri¬
1277 569 2089 613 buunt. alias liquet imperfectionem includere: tales
1288 608 2084 648 ab omnibus sapientibus a deo negantur. de aliqui¬
1285 645 2095 690 bus conditionibus dubium est: an imperfectionem aut
1278 688 2080 733 perfectionem dicant: de talibus dubium est: an deo con¬
1297 724 2095 770 petant. qui diceret eas dicere perfectionem: et nullam
1290 767 2075 806 imperfectionem diceret eas deo posse competere.
1294 793 2081 837 Alii qui putant illas conditiones includere impe¬
1293 833 2084 884 fectionem negarent illas conditiones posse deo con
1290 880 2096 922 petere. Iohannes de ripa concederet deum posse
1297 918 2086 957 actuare materiam et ex consequenti negat informa
1291 954 2093 994 re dicere imperfectionem: cuius oppositum Magister
1292 991 2090 1033 sententiarum et alii sapientes tenent. Aliqua sunt per
1296 1026 2086 1073 se nota in lumine naturali: aliqua euidentia / aliqua
1297 1069 2087 1109 magis probabilia quam sua opposita / aliqua problema
1290 1106 2071 1148 ta neutra / aliqua inopinabilia in lumine naturali
1296 1139 2091 1185 vt quod vna essentia est tres parsone: quarum nulla est
1290 1177 2093 1215 alia: quam tamen sunt certa in alio genere cognoscen¬
1295 1210 2093 1259 di vt puta per fidem. Dato quod solueres omnes syllogis¬
1308 1252 2109 1302 nos inferibiles contra hoc in lumine naturali: phi¬
1306 1289 2102 1338 osophus loquens diceret funda mentum esse impossi¬
1300 1326 2104 1369 bile: cum simile non reperiatur in creaturis. Et dice
1308 1366 2086 1413 ret vniuersalitatem citra de omni ad maiorem in dari¬
1302 1408 2092 1452 vel in barbara sufficere. ⁋ Tertio arguitur. illud
1302 1443 2105 1489 quo maius cogitari non potest est infinitum: immensum:
1306 1479 2099 1526 trinum: et vnum / omnipotens / oinsciens / et ita de aliis qui¬
1297 1514 2105 1563 buscumque abditissimis in lumine naturali praedicatis.
1306 1561 2105 1600 aliquid est quo maius cogitari non potest. patet per argu
1309 1598 2108 1639 mentum Anselmi pro solo. capitulo. secundo cum di¬
1296 1637 2110 1678 co illud quo maius cogitari non potest: audiens intel
1296 1668 2092 1714 ligit quid dicitur et quid significatur. ergo illud quo maius
1303 1714 2102 1752 cogitari non potest: est in intellectu: aut ergo est in re.
1312 1743 2111 1789 et habetur propositum aut in solo intellectu. sed quod est
1314 1784 2105 1827 in solo intellectu potest cogitari esse in re: et in intelle
1317 1826 2107 1872 ctu: ergo potest cogitari maius eo quod est in solo in
1305 1861 2115 1904 tellectu. ergo illud quo maius cogitari non po¬
1320 1905 2105 1943 test est ipsum quo maius cogitari potest. et sequitur quod po¬
1304 1934 2112 1981 test maius cogitari eo quo non potest maius cogi¬
1318 1980 2111 2018 tari quod includit contradictionem. ⁋ hoc argumen
1309 2014 2102 2055 tum est tanti momenti apud Anselmum: vt in finequar
1313 2049 2111 2094 ti capituli dicat. gratias tibi domne ago: quia quod pri¬
1317 2093 2098 2137 mo credidi te dante iam sic intelligo te illuminate
1323 2130 2102 2178 et si te esse nolim non possum non intelligere. hec
1317 2161 2101 2214 ratio boni patris vere est sophistica. Unde dicunt quia
1314 2197 2111 2253 dam quod iste bonus doctor fuit deceptus valde in
1324 2240 2135 2292 multis pertinentibus ad logicam vt in prpolito) et
1326 2282 2114 2322 nominatim holcot in suo primo. argumentum eo¬
1330 2313 2117 2364 dem modo probaret posse dari vel esse asinum: quo
1327 2359 2110 2404 maior cogitari non potest. ⁋ Ad formam argumen
1317 2396 2113 2439 ti ego audio quid importatur per illam orationem: et
1335 2435 2108 2480 uid significat: sed non video: nec intelligo pro quo
1320 2463 2114 2515 accipitur subiectum illius propositionis. hoc comple¬
1338 2504 2124 2547 tum quo maius cogitari non potest est in intellectu.
1327 2547 2123 2588 sed aliquid quo maius cogitari non potest nec est in intel¬
1323 2579 2117 2631 lectu: nec in re. subiectum secunde accipitur significa.
1330 2615 2123 2666 tiue: et non supponit. et cum est affirmatiua illa est fal¬
1335 2661 2114 2704 sa: cum sit extra instantias communes. Sed hec habr
1333 2696 2122 2759 duos sensus: aliquid quo maius cogitari no potest est
