2520 3323
403 282 1190 332 in intellectu. Unus sensus est: aliquid est in re exi
402 320 1193 372 stens et nullum obiectum cogitabile est vel esse potest
401 358 1181 408 maius. et sic propositio est vera: vt patet de deo. Alius
389 397 1196 450 sensus est iste. aliquid existit: at nullus intellectus potest
402 441 1195 485 cogitare aliquod obiectum esse maius illo. et ille sen
403 476 1196 524 sus est falsus. potest homo imaginari aliquid maius deo
402 516 1190 557 et hoc infinito. et hic est prorius sensus quando ter¬
402 546 1184 600 minus maius sequitur cogitare: prior sensus cum prae¬
408 592 1187 637 cedit. ⁋ hic iterum inuoluitur difficultas logica¬
395 623 1187 679 lis: an sit videlicet ampliatio vltra quattuor diffe
401 660 1193 713 rentias temporis. et iterum incidit aliud quod copula
409 699 1190 752 principalis ampliat ad quinque: et ratione eius vel
403 737 1187 788 sui participii venit ampliatio: et non ratione copule
405 779 1187 829 minus principalis. propterea concederetur hec con
402 815 1190 868 pulatiua: chimera vel impossibile imaginatur et chi
405 852 1190 899 mera non potest imaginari aliquid. Sed hec quae sunt
408 894 1198 935 inutilia nostro negocio pertranseundo dicimus quod
409 921 1205 978 argumentum beati Anselmi nihil conclud it in quo¬
409 969 1199 1015 cunque sensu capiatur: et quecunque ampliatio admit
402 1006 842 1059 tatur: vt patet aduertenti.
402 1040 1196 1103 ⁋ Apostolus nanque ait: quod inuisibilia dei
411 1096 1108 1145 a creatura mundi per caque facta suut.
625 1135 1192 1188 nc circa hanc distinctionem tertiam
616 1178 1196 1225 queritur primo. An deus potest crea
618 1211 1192 1262 re notitiam intuitiuam sine praesentia
600 1248 1198 1307 set existentia obiecti. ⁋ Respondetur
603 1286 1192 1337 sad questionem per duas conclusiones
537 1324 1204 1368 A ⁋ Prima est: deus notitiam intuiti¬
421 1365 1138 1410 uam potest producere sine praesentia obiecti.
421 1399 1190 1450 ⁋ Probatur sic / quicquid potest deus facere cum
418 1440 1205 1486 causa secunda potest se solo: notitiam intuitiuam
420 1473 1196 1522 deus potest facere mediante obiecto cognito: er¬
411 1519 1204 1567 go illam potest facere se solo. discursus est euidens
417 1551 1201 1598 cum minore: oppositum maioris est error Parisit
420 1590 1192 1637 damnatus. ⁋ Et confirmatur: deus potest se solo
419 1625 1204 1677 causare immediate notitiam intuitiuam obiecti
427 1669 1199 1715 existentis: et presentis ipso obiecto non causante
426 1699 1196 1747 effectiue: ergo potest notitiam intuitiuam rei ab
419 1733 1209 1788 sentis: vel non existentis causare,. consequens est
420 1776 1201 1825 certum: et consequentia videtur satis lucida: cum
423 1817 1181 1863 existentia obiecti nihil faciat ad illam notitiam
426 1852 1204 1902 ⁋ Insuper deus potest creare notitiam intuiti¬
430 1886 1211 1938 uam mei in beato Petro me existente in terra: er¬
432 1933 1202 1980 go etiam potest de me non existente: cum existen¬
432 1968 1214 2012 tia vel non existentia mei nihil faciat ad efficien¬
429 2006 1208 2050 tiam illius notitie. ⁋ Rursus: deus potest conser
435 2043 1208 2088 uare notitiam intuitiuam obiecti existentis obie¬
432 2083 1207 2126 cto corrupto: ergo ipsam producere poterat sine
433 2124 1211 2164 concursu obiecti. ⁋ Item: deus potest conserua¬
432 2149 1214 2201 re species representatiuas a obiecti: in medio: et in
436 2202 1217 2240 organo: quibus conseruatis habebitur notitia in¬
436 2234 1222 2279 tuitiua a obiecti. igitur. ⁋ Preterea si non potest
432 2264 1208 2314 causare notitiam intuitiuam rei absentis hoc idec
447 2307 1220 2352 sset: quia bene sequitur: notitia intuitiua huius
435 2343 1214 2392 obiecti est. ergo istud obiectum est: sed illa conse¬
442 2379 1220 2429 quentia est nulla. patet: deus intuitiue videt An¬
444 2422 1217 2464 tichristum qui non est: non existens potest termi¬
445 2454 1226 2501 nare notitiam. Nulla est hic euasio nisi dicendo in¬
441 2494 1229 2544 tuitiuam: deus potest producere se solo: sed non
450 2532 1229 2579 est possibile producere intuitiuam se solo: quia de
450 2571 1229 2613 ratione notitie intuitiue est quod obiectum eius sit pri¬
450 2611 1217 2655 sens. hoc est solum stare in termino. sufficit quod erit
445 2647 1228 2695 entitas eiusdem speciei cum notitia intuitiua: non
462 2685 1220 2732 ponendo respectus in rebus ad extra non potest
450 2727 1202 2785 occurrere ad attingentiam notitiae ad obiectum.
1266 276 2051 326 ⁋ Contra istam conclusionem arguitur: bene se¬
1260 323 2044 365 quitur. ego video hanc albedinem: igitur albedo
1260 356 2047 403 est. Antecedens est vna affirmatiua propositio ad
1267 394 2044 434 cuius veritatem requiritur quod praedicatum suppo¬
1258 429 2063 477 nat. ⁋ hic respondet quidam doctor quod antecedens
1260 468 2064 514 est falsum propter falsam implicationem eius a
1266 503 2064 555 parte praedicati. nam in eo implicatur quod ego vide-
1261 548 2060 587 am hoc: et hoc sit albedo: quod est falsum. sicut di¬
1254 589 2047 630 cendo video hominem album: implicatur quod ego
1267 621 2059 665 videam hominem: et ille sit albus. Si obiectum vi¬
1273 659 2056 699 imonis precise significetur per pronomen demon¬
1263 693 2062 737 stratiuum vt dicendo: video hoc. esto quod nihil sit:
1255 737 2057 779 aut per nomen proprium: vt dicendo video a: vt
1266 770 2063 811 nunc dicimus: deus videt antichristum conceden
1267 805 2057 850 da est propositio: quaeuis vt dictum est significando
1260 847 2062 888 ipsum per terminum communem et per pronomen
1270 882 2060 928 demonstratiuum neganda sit. Et ratio est: quia il¬
1273 920 2059 965 ud obiectum non est aliqua entitas. per consequens
1258 963 2057 1001 non est aliqua albedo. igitur nec est albedo. Si ar¬
1270 995 2063 1042 guas vltra hoc demonstrando illud obiectum vi¬
1266 1038 2062 1078 sum vel alsit a nomen eius proprium) non est albe
1273 1074 2057 1113 do. igitur hoc non est hoc: et a non est a. ⁋ Respon
1261 1111 2057 1155 detur primo concedendo consequens. a enim non
1270 1146 2059 1191 est a: sed potest esse a. eodem modo dicendum est
1266 1186 2056 1233 quod antichristus non est antichristus: sed potest esse
1263 1221 2066 1269 antichristus. ⁋ Secundo negando consequentiam
1279 1264 2053 1308 uia nec hoc nec a est inferius ad albedinem: quam¬
1273 1302 2063 1340 uis posset esse inferius ad ipsam. ⁋ Similiter di¬
1272 1334 2054 1377 co quod hec in illo casu: video albedinem non est dan¬
1269 1373 2057 1419 da: nam tunc hec esset: vera nulla albedo videtur a me:
1270 1410 2057 1454 tum quia quaelibet singularis est vera: tum quia hec est ve¬
1272 1451 2060 1492 ra nullum visum est a me est albedo: supposito quod
1278 1484 2056 1531 tunc non videatur aliquid quod sit in rerum natura. Sequitur
1276 1529 2062 1567 autem. nulla albedo videtur a me. igitur nullam albedinem
1281 1561 2057 1604 video. et vltra: non video albedinem. nam econuerso se
1282 1604 2063 1645 quitur: video albedinem. igister albedo videtur a me. Ecce
1276 1635 2063 1681 modum huius viri in respondendo. ⁋ Sed hec solutio non
1273 1672 2066 1713 valet: quia vel isti termini video / cognosco / ampliant
1276 1710 2063 1755 vel non. Si primum debes concedere omnes tales: video
1282 1751 2059 1797 hanc albedinem: et video hoc: et hec albedo videtur a me
1278 1790 2069 1833 et ita de omnibus propositionibus ibi positis. Si non am
1279 1825 2063 1872 pliant ille sunt negande. Et doitur quod tales termini sunt
1279 1866 2057 1908 ampliatiui: vt cognosco: intelligo. video in proposito
1280 1897 2059 1941 est habere notitiam intuitivam. Et iterum in illo quod dicit
1284 1937 2062 1985 quod non arguitur ab inferioriad superius video a vel hoc
1278 1974 2060 2021 ergo video albedinem: eo quod hoc vel a non est inferius
1275 2011 2066 2055 ad ly albedo: eo quod vnus terminus non vificatur de al
1285 2050 2071 2096 tero mediante copula de praesenti: quemadmodum logici
1283 2087 2062 2131 dicunt de isto termino Ada: qui non est inferius ad istum
1281 2127 2066 2174 terminum homo in supponendo: sed solum in significando.
1291 2162 2063 2208 hoc nihil valet: comna enim est ita bona arguendo a ta
1284 2200 2071 2246 li inferioritate sicut ab alia. alioquin existentia vel non
1284 2239 2075 2280 existentia sortis inficeret consequentiam et eam validaret: quod
1285 2280 2069 2324 liquido constat esse falsum apud vnum quemlibet logicam in¬
1288 2316 2065 2356 telligentem. ⁋ Sed contra: tunc dices ista est concedenda vi¬
1293 2352 2068 2396 deo antichristum proter ampliationem termini. ⁋ Ad
1287 2388 2065 2437 hoc dicitur hoc negando consequentiam: quia ad vitatem illius nequiritur
1299 2427 2065 2475 quod habeam visionem intuitiuam ad anticpristum terminatam
1284 2464 2075 2513 quam non possum hatre naturaliter. Eodem modo non sequitur.
1294 2501 2078 2545 tango calidum. ergo calidum est: quia tactionem cali
1294 2539 2062 2587 di in sensu tactus potest deus causare in nobis sine
1297 2578 2065 2622 calefactiuo. eodemmodo gusto cibum qui non est. ad veri¬
1287 2616 2071 2659 tatem enim illius sufficit haere gustationem cibi in sensu gu
1288 2654 2072 2699 stus: nec sequitur quod homo comedit a nihil comedit
1296 2691 2080 2748 comedere enim dicit fractionem cibi vel attra¬
