2367 3306
444 247 1229 316 ctionem eius in stomacho. ⁋ Secundo arguitur. habe¬
438 308 1234 350 at sortes notitiam intuitiuam de hoc pilari corruptor
441 340 1232 384 vel virtute illius visionis intuitiue sortes iudica¬
453 381 1229 425 bit pilare existere: et esse figuratum sicut ante erat
454 420 1228 461 vel non. sed neutrum est dicendum. igitur. Forte dices
448 459 1220 504 sicut quidam doctor) virtute illius visionis iudica.
436 491 1232 544 bit pilare non esse: illa notitia intuitiua producet
432 528 1225 580 iudicium huius. hoc pilare est ipso existente cum ipso
435 567 1232 622 pilari. ipso corrupto producet iudicium oppositum.
445 611 1223 651 Contra hoc arguitur. idem inquantum idem semper na
430 644 1228 689 tum est facere idem: primo de generatione. ergo si ante
435 679 1228 730 produxit iudicium huius: pilare est: postea producet
438 717 1229 761 idem. Et hoc quando non concurrit causa libera cum ea¬
441 756 1229 806 hoc dixerim propter cognitionem quae nunc concurrit
436 793 1235 837 ad dilectionem platonis: nunc ad eius odium: pro¬
436 833 1228 879 pter concausalitatem voluntatis que est causa libe¬
433 867 1228 919 ra: quicquid illa notitia producit mere naturaliter
434 904 1232 965 producit nec eget concursu cause libere secunde secum
450 948 1226 990 concausantis. ⁋ Et confirmatur: quia pilare distans a
446 981 1231 1035 sorte per centum mille leucas cum notitia intuitiua
444 1021 1228 1071 producunt iudicium istud quod pilare est. Ergo sola no¬
447 1053 1235 1103 titia idem producit pilari non existenti. quia pilari in illo
453 1094 1205 1142 interuallo non magis facit ad hoc quam si non esset.
461 1130 1222 1184 ⁋ Aliter respondet quidam alius doctor: quod nullum
456 1162 1226 1215 iudicium causabit. et ratio est secundum eum: qui vel ad iud
451 1207 1234 1253 cium de existentia rei: vel de non existentia eius: non
444 1251 1232 1296 primum: quia tunc iudicium causatum mediante notitia
450 1289 1231 1332 intuitiua esset falsum. Et per consequens nulla posset habe
442 1320 1223 1366 ri certitudo de existentia rei. qualiter enim essem certus
441 1356 1226 1406 quod nunc albedo existit: si etiam quando non existere:
445 1398 1229 1442 iudicarem eum existere sicut nuc iudico: nec potest da¬
447 1433 1229 1480 ri secundum: quia impossibile est quod aliqua causa naturalite
454 1470 1225 1518 actiua nunc sit ca vnius effectus: et postea contrarii
444 1512 1225 1555 ⁋ Sed istud non valet: tum quia sicut albedo concurri
448 1549 1229 1596 ad iudicium ita concurrit ad visiouem: sed secundum deus
439 1583 1225 1640 potest supplere: ergo et primum. ⁋ Preterea obiectum pos
442 1629 1226 1672 parietem vel distans per immoderatam distantiam / secundum
454 1660 1228 1711 te / cum notitia causabit iudicium de existentia reiu
454 1700 1234 1744 ergo a notitia sine existentia obiecti. tenet consequentia quia
444 1735 1238 1783 albedo post parietem: vel in india non magis facit ad
460 1776 1223 1823 udicium Parisii naturalitr quam si non existeret. Tun
454 1814 1232 1859 qui si non habeatur apparentia iudicatiua siue praesen¬
453 1849 1226 1897 tia obiecti: sequitur quod nullus potest decipi in apparem
442 1888 1225 1930 tiis. De conditionibus sensibilium licet non sit certi¬
450 1926 1232 1968 tudo scientifica est tamen sufficiens secundum exigentiam
456 1963 1235 2008 rei. Propterea dicitur quod illa notitia intuitiua causa
450 2003 1229 2046 bit iudicium de existentia obiecti: et omnino tale qua¬
447 2040 1238 2085 le causaretur obiecto praesente. obiectum enim non habet
448 2080 1226 2122 causalitatem immediatam respectu illius iudicii: sed
456 2116 1237 2163 solum mediatam. hoc est: quia naturaliter causat talem
447 2154 1237 2199 notitiam intuitiuam in conilege. quae si alia via habeatur
453 2195 1232 2237 simile iudicium producit. ⁋ Sed contra istud argu¬
460 2231 1222 2270 mentor: sequeretur quod deus potest fallere: sed hoc est in
459 2265 1242 2313 conueniens: igitur. Et quod sequatur patet: quia talis putabit
460 2306 1229 2353 obiectum existere: et esse coloratum: et tali figura fi
456 2343 1238 2391 guratum. ⁋ Respondetur: consequentia est nulla. notitia enim in¬
457 2383 1230 2428 tuitiua est simplex in essendo e in equalendo: et hom
454 2417 1235 2461 decipit seipsum per iudicium: sicut in multis aliis ex¬
464 2458 1232 2505 perientiis falsis putando plures colores in collo
459 2495 1228 2541 colunbe: vel in iride quam sunt. Constat enim quod ad dec
459 2532 1244 2581 ptionem deus concurrit concursu generali: quia deus
462 2577 1247 2619 potest fallere indirecte: et ad deceptionem partialiter
457 2611 1244 2658 concurrere. Etiam intellectus ad illud iudicium par¬
462 2650 1244 2692 tialiter concurrit. nihil potest esse iudicium intellectui
454 2684 1246 2743 sine concursu intellectus. Non intendebamus a princi
1300 258 2096 316 pio quod deus se solo producat notitiam intuitiuam: et quod
1293 307 2092 353 suppleat omnem causalitatem effectiuam: sed locuti su
1296 340 2090 389 mus de causalitate obiectiua. non tamen nego quin no
1293 382 2089 423 titiam intuitiuam deus potest producere se solo. Nobis
1302 417 2087 465 sufficit quod notitia intuitiua de se causaret iudicium
1299 455 2080 507 de existentia obiecti: si deus vellet concurrere. ad pro
1302 493 2098 542 ductionem iudicii: et vbi deueniretur ad hoc quod deus
1293 529 2086 575 immediate falleret negandum foret deum concurre¬
1296 569 2099 618 re ad illud iudicium. deus fecit aliqua quae erant causa
1296 610 2090 656 iudicii falsi in multis. patet quando apparuit in spe¬
1296 643 2090 689 cie peregrini discipulis euntibus in Emaus post re
1293 683 2089 724 surrectionem. et idem argumentum probaret quod deus de¬
1293 720 2089 761 ciperet gentilem per sacramentum eucharistie: quie cre¬
1296 760 2089 806 deret eucharistiam esse panem. quod liquet esse falsum.
1303 794 2093 838 nulla est ergo apparentia pro hoc argumento dicere
1299 835 2086 875 quod deus potest fallere. ⁋ Tertio argumentor. Ex ista
1302 874 2090 914 sequetur quod quis potest habere notitiam reflexam sine
1305 910 2086 951 directa. consequens est inconueniens cum non vocetur refle¬
1306 948 2093 996 ca nisi respectu directe. Cxet tamen sequatur: patet sic: cuius¬
1296 987 2093 1033 libet obiecti creati notitiam intuitiuvam deus potest pro¬
1293 1019 2096 1068 ducere obiecto non existente. ⁋ Respondetur concedendo
1303 1057 2087 1109 sequelam: quia hoc non est inconueniens: sufficit enim ips
1299 1099 2092 1141 sam terminari ad notitiam directam: licet illa directa
1306 1136 2095 1177 non sit. ⁋ Secunda conclusio. Notitia intuitiua non po¬
1299 1172 2083 1213 test haberi naturaliter obiecti non existentis: probatur
1312 1213 2099 1253 quia dilectio non potest causari sine cognitione. ergo noti¬
1293 1249 2092 1288 tia intuitiua non potest causari sine obiecto. consequentia pro¬
1299 1284 2099 1334 batur. quia intuitiua non minus causatur: et conseruatur
1294 1324 2105 1377 naturaliter et dependet continue in facto esse a pre¬
1300 1361 2077 1401 sentia obiecti: quam dilectio a praesentia cognitionis.
1306 1395 2101 1439 ⁋ Preterea secundum perspectiuos visio causatur secundum
1306 1436 2100 1477 formam pyramidalem cuius basis est in re visa et conus
1305 1471 2087 1527 in oculo: sed non existens non terminat basim. ⁋ Pre
1297 1512 2086 1551 terea nisi conclusio esset vera: cecus naturaliter posset
1302 1549 2099 1590 habere notitiam propriam intuitiuvam vel abstractiuam:
1296 1585 2090 1629 huius albedinis in sensu composito: contra Aristotelem pri
1300 1626 2089 1671 mo posteriorum. ⁋ Amplius: non minus dependet visio
1308 1664 2095 1706 ab obiecto cuius est visio. quam imago corpis circa spe
1297 1702 2093 1747 culum dependeat a corpore cuius est imago: vel lu
1303 1740 2089 1780 men a corpore luminoso: sed nec lumem potest stare
1293 1777 2094 1830 sine corpore luminoso: nec imago sine illo cuius est
1296 1815 2054 1857 imago. ergo nec notitia intuitiua sine obiecto.
1312 1850 2095 1899 ⁋ Rursus petitur a quo causatur visio sensitiua ob¬
1302 1891 2090 1936 iecti absentis vel non existentis: non enim causatur
1305 1928 2083 1975 ex iis praecise que sunt in nobis: quia talem visionem ha¬
1303 1965 2086 2013 beremus quandocumque vellemus. ⁋ Si dicatur quod cau
1296 1997 2083 2045 setur a re extra nos. Contra. illa solum causat no
1299 2040 2086 2089 titiam suimet: et non notitiam aliarum rerum. Alioquin
1306 2081 2099 2132 vna res visa causaret notitiam distinctam omnim alia¬
1297 2116 2087 2159 rum rerum: quod est falsum. ⁋ Sed contra istam conclu¬
1309 2153 2098 2203 sionem arguitur sic. Notitia intuitiua remanet obie
1305 2193 2095 2235 cto corrupto: vel remota ratione obiectali. ergo
1305 2231 2096 2276 potest produci de nouo naturaliter. antecedens patet per experien¬
1302 2266 2092 2320 tiam: quando videmus solem: vel aliud excellens lucidum
1303 2306 2092 2346 clausis oculis / iudicamus nos adhuc videre tale vi
1308 2343 2090 2391 sibile. patet de illo qui venit in tenebras exteriores quo
1299 2380 2090 2429 prius erat prope corpora multum luminosa. ⁋ Re¬
1311 2419 2099 2464 spondetur negando antecedens. et ipsum negat beatus Au¬
1305 2465 2098 2508 gustinus. libro. xi. de trinitate. cap. ii. Sunt quaedam
1305 2497 2098 2539 qualitates impresse oculo: visibile enim agit in sen¬
1311 2531 2087 2576 sum duplici actione: vna intentionali quae est salus
1306 2573 2087 2617 et perfectio organi. et terminus huius actionis est vi
1309 2611 2093 2656 sio. Alia est actio physica et materialis: cuius termi
1314 2647 2095 2689 nus est quaedam qualitas disconueniens sensui: et lesiua
1305 2681 2096 2741 organi. Et quanto est excellentius sensibile. tanto for
