2339 3294
471 248 1253 303 Quicquid conuenit vni indiuiduo alicuius speciei con¬
462 295 1238 341 uenit cuilibet indiuiduo eiusdem: sic intelligitur in quem
466 331 1255 373 cunque effectum potest vnum indiuiduum: in similem effectum
462 369 1256 411 naturalem intense vel remisse potest aliud indiuiduum.
459 403 1249 455 Si enim notitia sortis representat sortem notitia pla¬
459 442 1246 492 tonis platonem repuntat. non quia producitur a sorte vt ali¬
469 484 1244 528 qui existimant. quia si deus suppleret causalitatem obiect
469 516 1253 559 illa representaret sortem. Similiter in compossibili¬
462 554 1243 599 tate: aliqua enim dilectio sortis et odium eius non se compa¬
459 591 1241 635 tiuntur: que dilectio compatitur odium platonis. Et pro
468 627 1240 675 pterea non quicquid repugnat vni indiuiduo alicuius spi
459 669 1255 712 ciei repugnat cuilibet indiuiduo eiusdem: sicut non quic
465 710 1253 748 quid stat cum vno indiuiduo alicuius speciei stat cum
465 746 1247 789 quolibet eiusdem. sed quando est repugnantia specifica
475 783 1252 826 hoc verum habet. ⁋ Sed contra istud arguitur. habi¬
459 814 1241 854 tus genitus a notitia intuitiua inclinat in notitiam in¬
469 854 1253 897 tuitiuam: et tamen illa non producit iudicium euidens de
465 890 1241 934 praedicatis accidentalibus obiecti plusquam notitia ab
466 926 1240 967 stractiua. ergo per hoc non differunt notitia intuitiua et
462 965 1244 1002 abstractiua. ⁋ Et confirmatur. quia si distinguantur essent
474 1001 1243 1043 inequaliter perfecte. Et non est dicendum quod abstracti¬
474 1037 1250 1079 ua sit perfectior intuitiua: ergo omnis intuitiua est per¬
465 1072 1250 1113 fectior abstractiua: per regulam topicam: si optimus ho¬
462 1112 1250 1156 mo est melior optimo equo: quilibet homo quolibet
475 1150 1251 1193 equo est melior. Et tunc notitia abstractiua angeli vel
475 1191 1243 1232 dei esset imperfectior notitia intuitiua vnius musce.
477 1225 1237 1269 vel rane. ⁋ Ad primum negatur antecedens. Notitia eni
477 1259 1240 1301 intuitiua producit vnum habitum: quiquidem habi¬
484 1301 1244 1340 us facilitat nos ad eundum in notitias abstractiuas
465 1336 1247 1380 obiecti prius intuitiue cogniti. vt experientia docet. sed
462 1374 1244 1417 non producit notitiam intuitiuam: cum non possimus iud
474 1411 1243 1451 care de obiecto sicut dum erat in praesentia. Et sic non
474 1446 1250 1489 vtrobique habet verum illud vulgare dictum: quilibet
472 1484 1247 1529 habitus genitus ex actu vel actibus inclinat in actus
472 1528 1251 1566 eiudem speciei specialissime cum actu a quo emana¬
469 1560 1252 1605 uit. nec vltra propositum occurrit instantia. licet qui¬
475 1595 1247 1642 dam doctor hoc haberet concedere in materia virg
477 1635 1255 1676 nitatis: vbi dicit habitum virginitatis in corrupta vio¬
481 1675 1254 1716 enter vel ignoranter non inclinare in actus eiusdem
475 1707 1241 1747 speciei specialissime entitatiue cum actibus a quibs
472 1746 1253 1788 ille emanauit. sed iam in. xxx. d. quarti hoc reprobaui¬
470 1785 1256 1826 mus. Vel dices quod notitia intuitiua in praesentia obie
474 1825 1256 1866 cti producit notitiam abstractiuam: sed iam negabi¬
469 1858 1250 1903 tur aliud principium scilicet quod omnis actus producit ha
472 1895 1252 1940 bitum. vt patet de notitia intuitiva. ⁋ Ad confirmatio
475 1931 1256 1978 nem: conceditur sequela. Et quod intuitiua est perfectior
472 1968 1247 2009 entitatiue quam abstractiua eiusdem obiecti: sed non pro
481 2010 1250 2050 pterea est consequens quod quelibet notitia intuitiua qualibet
483 2042 1253 2085 notitia abstractiua sit perfectior entitatiue respectu
481 2083 1253 2124 aliorum obiectorum. Regula topica habet verum in re
475 2114 1246 2159 bus eiusdem speciei. sicut sunt homines et equi. sed intuit
475 2156 1253 2193 ua a toto genere est perfectior in genere notitie quam ab¬
478 2190 1255 2233 stractiua. non enim sequitur: sunt eiusdem obiecti. ergo sunt
472 2229 1253 2272 eque perfecte: sicut non sequitur sunt eiusdem obiecti. ergo sunt
472 2271 1245 2314 eiusdem speciei. Et contra arguentem potest dirig
486 2307 1251 2348 argumentum simile querendo an opinio que habetur de¬
482 2339 1256 2387 hac / deus est deus sit perfectior quam scientia qui habe
470 2379 1243 2426 tur de ista: super lineam datam etc. quia maiorest appa¬
477 2418 1243 2462 rentia dicere quod eadem notitia que est intuitiua in pri
471 2450 1250 2496 sentia obiecti postea est abstractiua quam ponere duas
471 2492 1253 2539 eiusdem speciei: sed nec vnum nec aliud dicimus. ⁋ No¬
472 2521 1252 2565 titia intuitiua est illa que est causatiua iudicii de prae¬
484 2560 1250 2607 dicatis accidentalibus rei de qua est seclusa amplia
472 2595 1243 2641 tione: ponitur hec descriptio naturaliter visio intuit
475 2639 1255 2679 ua sortis naturaliter causat iudicium huius sortes est
467 2677 1250 2731 magnus taliter coloratus. Et vocatur visio facialis
1317 240 2098 301 ⁋ Alia est abstractiua et enigmatica. hanc distin¬
1317 300 2099 344 ctionem tangit Apostolus prime ad Corinthios. xiii.
1312 330 2089 374 videmus nunc per speciem in enigmate: tunc autem fa¬
1312 372 2090 414 cie ad faciem. nunc cognosco er parte tantum: tunc auter
1312 405 2101 452 sicut cognitus sum. Virtute notitie abstractiue non ha¬
1320 442 2102 488 beo iudicium de praedicatis accidentalibus mediante co¬
1323 481 2090 525 pula de praesenti bene iudico sortes a me visus fuit al
1312 516 2093 561 bus. ⁋ Sed petes. an istud iudicium effectiue cau¬
1323 553 2093 596 setur a notitia sensitiua intuitiua an intellectiua in¬
1317 594 2093 636 tuitiva. ⁋ Respondetur: quando iudicium est intellectiuum cau
1317 629 2095 674 satur a notitia intuitiua intellectiua. vt patet de iudicio
1311 670 2104 706 quod habemus de actibus intellectus vel voluntatis
1321 706 2107 750 vbi nulla est notitia intuitiua sensitiua: et ita erit in ani
1314 743 2092 784 ma separata: sed notitia intuitiua sensitiua nunc non
1315 778 2099 826 superfluit: quia est dispositio prauia: vel causa notitie in¬
1312 814 2090 857 tellectiue. ⁋ Sed quidam doctor tenet intuitiuam imme¬
1318 854 2093 898 diate terminari ad obiectum: et abstractiuam ad specien.
1321 888 2095 936 de quo questione sequenti videbimus. ⁋ Sed hic du
1320 924 2093 969 bitatur an notitia intuitiua et abstractiua sint synony¬
1323 967 2090 1008 me. ⁋ Secundo dubitatur an possimus habere notitia
1317 999 2086 1044 intuitivam de anima et eius actibus: ⁋ Respondetur affi¬
1323 1038 2093 1084 matiue: tenendo illa que ponere intendimus in questio
1324 1078 2087 1118 ne sequenti: significat idem et eodem modo. hoc est singi
1323 1114 2095 1154 lariter. sicut onis notitia intuitiua est singularis. et re
1318 1154 2102 1193 cuius est notitia precise representat. sic abstractiua
1323 1187 2093 1228 singularis de quo loquor. et sicut vna significat abso
1313 1225 2096 1271 lute vel connotatiue: ita et alia: diuersitas specifica ni¬
1318 1262 2096 1305 hil impedimenti prestat synonymitati: patet de voce
1312 1304 2093 1341 scriptura et conceptibus que numero specie et genere/
1314 1336 2092 1380 differunt. Secundum modum Grego. aliter dicendum
1317 1372 2095 1417 foret. ⁋ Pro secundo dubio ponuntur positiones. ⁋ Pri
1308 1413 2098 1451 ma est: intellectus viatoris potest intuitiue cognosce¬
1318 1450 2100 1495 re suam intellectionem. probatur: quia anima euidenter iudicat
1314 1491 2095 1528 quod cogitat / dubitat vel assentit. sed ista praesupponunt
1311 1524 2099 1566 notitiam intuitiuam: igitur. ⁋ Confirmatur anima habet
1326 1562 2089 1604 notitias abstractiuas simplices de actibus suis non
1323 1595 2098 1645 presentibus: ergo habuit intuitiuas de praesentibus.
1320 1638 2096 1684 antecedens patet. quia recordatur illos actus fuisse. Et hoc
1316 1674 2096 1721 patet auctoritate beati Augustini. xiii. de trinitate ca¬
1329 1709 2095 1752 pitulo. i. et cap. ii. eiusdem sic dicit de fide cordis est res
1329 1748 2105 1791 sta: non corporis: nec eam quisquam hominium vidit in alio: sed
1324 1782 2099 1825 vnusquisque in seipso. ⁋ Secunda propositio. anima na¬
1311 1820 2102 1863 turaliter pro statu vie potest cognoscere intuitiue seip
1320 1857 2093 1900 sam: probatur quia euidenter ante discursum noui
1317 1896 2090 1936 anima etiam experimentaliter se esse / et viuere. Nec ip
1326 1933 2089 1979 hoc potest falli secundum Aug. xv. de trinitate capite. xi
1326 1971 2092 2012 Et anima iudicat euidenter ante discursum de existi
1321 2009 2093 2052 tia sua sicut de existentia suorum actuum: immo quan
1317 2046 2092 2089 do fertur experimentaliter: et intuitiue super actus
1324 2078 2096 2123 suos videtur ferri in habitudine ad seipsam. In con¬
1327 2117 2092 2163 uertendo se super seipsam: dicendo ego cognosco vo
1315 2154 2093 2200 lo: Sed hec habent intelligi de immediate receptiuo
1311 2191 2089 2230 cum demonstrato: quia demonstrando totum compositum per
1320 2230 2101 2274 ly ego non est euidens anime: ego viuo vel cognosco. ait
1324 2272 2086 2313 enim Apostolus secunde ad Corinthios. xii. scio homine
1326 2310 2089 2351 in Christo ante annos. xiiii. siue in corpore siue extra
1318 2345 2101 2386 corpus nescio deus scit. et illa est sententia Augu. x. de
1320 2378 2086 2419 trinitate cap. viii. et ca. xiiii. de trinitate capitulo. vi
1323 2414 2086 2459 ⁋ Tertia propositio. anima intellectiua naturaliter pro
1327 2454 2096 2493 statu vie non potest cognoscere intuitiue habitus: vel
1326 2492 2093 2537 species. patet quia non est euidens anime ante discursum habe
1327 2527 2087 2578 re species vel habitus. solum enim ex promptitudine pos
1311 2564 2093 2610 actus concludimus habitus naturaliter cquisitos vt in quarta
1323 2604 2089 2643 distinctione quarti dictum est. ⁋ Sed facile quispiam dicere
1323 2638 2102 2686 potest aliquis habet notitiam intuitiuam de habitibus: li¬
1311 2671 2099 2737 cet illa notitia non causet iudicium: hoc est habitus vel
