2437 3319
331 268 1109 318 talis nature. noticia intuitiua quam habeo de animt
320 305 1109 362 non sufficit causare iudicium quaelis res est anima: cor¬
327 355 1115 398 porea an incorporea. ⁋ Ex isto sequitur. quod ego pos
330 391 1109 435 sum habere notitiam intuitiuvam de aliquo cuius nul
330 428 1123 472 lus alius viator naturaliter potest habere notitiam
323 466 1121 509 intuitiuam. sed ipse similem notitiam potest habere
322 504 1117 548 de actibus suis qualem ego habeo de meis. Illud
325 543 1111 593 tertii de anima: necesse est intelligentem phantasma
325 584 1111 625 ta speculari. et illud de sensu et sensato. nihil est in
328 618 1115 663 intellectum quin paius fuerit in sensu: intelliguntur
325 657 1115 702 de his que sunt extra. ⁋ Sed contra primam proposi
325 701 1115 741 tionem arguitur sic. sequeretur quod possimus cognosce
324 732 1118 779 re an intellectio nostra esset indiuisibilis: sed hoc non
318 770 1109 819 possumus de actibus syncategorematicis. consequentia patet.
325 815 1109 855 notitia intuitiua est productiua iudicii: saltem cogno
319 844 1112 893 scimus notitiam esse non extensam: sicut notitia in
326 884 1109 933 tuitiua producit iudicium de extensione obiecti ad
325 927 1109 966 extra. ⁋ Et confirmatur. hoc esset quia anima experitur se
320 960 1118 1006 intelligere sed hoc non valet. quia animam expiri actum
324 1000 1108 1045 suum non est animam intuitiue obiectiue cognoscere illum:
327 1037 1108 1082 sed est subiectum vitale recipere operationem vitalem
324 1078 1122 1121 Quod patet. cum voluntas experitur se diligere:
318 1112 1115 1154 et odire: et tristari. et tamen voluntas non cognoscit.
325 1151 1123 1202 ⁋ Ad primum negatur sequela. notitia intuitiua ali
330 1190 1109 1240 qua iudicia causat: sed non omnia vera. notitia intui¬
321 1226 1121 1279 tiua albedinis non causat iudicium de intensione
320 1264 1121 1317 graduali eius. Sanctus Thomas a multi alii negant
326 1305 1113 1350 intensionem fieri per additionem gradus ad gra¬
319 1344 1115 1387 dum: nec possumus cognoscere an actus sit impar¬
324 1380 1108 1426 tibilis an non. quia habeo notitiam intuitiuam de ob
327 1424 1114 1466 iecto a tergo per lineam reflexam: et tamen non ha¬
324 1457 1114 1502 beo tot iudicia sicut si per notitiam intuitiuam directam vi
331 1498 1124 1542 derem. ⁋ Ad confirmationem conceditur sequela. illa
329 1533 1122 1578 est vna ratio. et nego minorem. Et concedo quod res que
333 1572 1123 1617 est voluntas intelligit se velle: quia intellectus est vo
330 1611 1123 1654 luntas. ⁋ Secundo arguitur. difficilius videmus ob
333 1649 1120 1696 lectum paruum quam magnum: ergo intueri obiectum
330 1689 1111 1731 impartibile est infinite difficultatis. ⁋ Respondetur
330 1722 1117 1775 quod anima in hac valle miserie non potest intueri indiuisi
329 1760 1124 1811 bile ad extra: et tanta potest esse paruitas obiecti
325 1802 1112 1852 quod in eo sit status: puta dando minimum visibile quod
328 1835 1120 1888 non potest videri. secus est inactibus intellectus:
330 1876 1127 1926 vel in anima separata: vel quando corpus erit beatum.
329 1913 1122 1963 ⁋ Contra secundam propositionem arguitur sic. ex
324 1953 1118 2001 ea sequitur quod anima intuitiue potest videre deum
330 1988 1121 2045 in hac vita: cum sit substantia spualis ita praesens
330 2029 1123 2082 anime sicut ipsa anima. Et sic potest argui quod vide
338 2065 1127 2117 at angelum. ⁋ Preterea sequitur quod anima semper se¬
335 2106 1120 2154 ipsam cognoscit intuitiue: per argumentum quod
339 2147 1121 2192 racit Aristoteles. ii. de anima. si enim sensus esset sen¬
330 2179 1119 2232 sibilis semper sentiret se: sicut ignis semper se con¬
346 2219 1123 2270 ureret si esset combustibilis. ⁋ Ad primum istorum
348 2254 1126 2307 dicitur quod non sequitur pro statu isto. deus non est ita
340 2295 1127 2351 praesens obiectiue sicut ipsa anima: sicut nec angelus. licet
336 2333 1123 2387 bene localiter. De anima separata requiritur lumen
352 2370 1120 2426 lorie ad auxiliandam animam: vt notitiam dei ha¬
349 2410 1127 2463 bere posset: sicut requiritur dispositio qualitatiua
345 2449 1117 2497 rum dispositionum adhoc quod forma actuet poten¬
341 2489 1125 2537 tiam. vt patet in Clementina ad nostrum de hereti¬
347 2524 1131 2573 cis. et vbi non esset necessarium ponere lumem gelie pri¬
357 2566 1121 2614 ma causa non agit nisi libere. Etiam tertio (et illud
357 2606 1120 2652 est rationabile requiritur specialior concursus ad
354 2653 1136 2693 visionem beatificam quam ad visionem angeli vel alia¬
352 2682 1136 2729 rum creaturarum. ⁋ Ad aliud dicitur quod non est sem¬
358 2724 1129 2774 per ei praesens obiectiue propinque. nec semper tendit
1180 276 1990 328 in cognitionem suimet. ⁋ Contra tertiam propo¬
1191 316 1990 356 sitionem arguitur sic. secundum Aristotelem. ii. po¬
1194 354 1995 402 teriorum. inconueniens est quod habeamus nobilissi
1194 395 1991 434 mos habitus: et lateant nos. ⁋ Preterea anima co¬
1188 431 1991 475 gnoscit experimentaliter seipsam immutari ad aliquas
1195 473 1992 513 operationes: ergo experimentaliter a intuitiue co
1193 511 1987 551 gnoscit habitus. probatio consequene. quia cognoscens intui¬
1183 546 1985 590 tiue aliquid esse album: intuitiue cognoscit albedi
1182 584 1985 625 nem qua est album. ⁋ Ad primum dicitur: quod habi¬
1194 622 1975 660 tus solum cognoscitur discursiue. vult enim Aristo¬
1183 658 1985 697 teles habere contra Platonem quod ab habitibus possimus
1182 696 1988 744 exire in actus. et sic cognoscere habitus. ⁋ Ad
1188 735 1979 778 aliud dicitur quod inclinatio habitus non cognoscitur
1185 774 1994 812 experimentaliter. quia inclinatio habitus non di¬
1188 812 1994 850 stinguitur ab habitu: sed ex promptitudine exeun
1188 847 1976 889 di in actus probabiliter concluditur habitus. sec
1188 887 1538 930 est de exemplo posito.
1179 928 1990 994 ⁋ Nam sicut ait Ambrosius: Ut deus qui
1179 992 1981 1048 natura inuisibilis est: etiam a vilibilibus etc.
1296 1040 1936 1085 ⁋ Distinctionis tertie questio secunda.
1368 1079 1991 1122 Ecundo quero circa hanc distinctionem
1372 1119 1994 1161 An notitia abstractiua terminatur ad
1368 1157 1978 1197 idem obiectum ad quod terminabatur
1366 1194 1999 1245 intuitiva. ⁋ Circa hanc questionem due
1358 1226 1999 1282 sunt opiniones. vna negatiue respon¬
1189 1273 1975 1313 dens: tenes quod notitia intuitiua immediate termi¬
1192 1308 1985 1351 natur ad obiectum: abstractiua autem habet duo
1177 1348 1976 1386 obiecta. vnum est species respectu cuius est noti¬
1188 1385 1984 1426 tia intuitiua. alterum est obiectum prius intuitiue
1194 1424 1976 1462 cognitum ad quod secundario terminatur: respe¬
1183 1462 1989 1512 ctu cuius dicitur notitia abstractiua. Et licet spe
1182 1500 1990 1541 cies illa per illam cogitationem cognoscatur: non
1189 1536 1994 1581 tamen experimur: nec euidenter cognoscimus
1188 1575 1987 1619 virtute illius cognitionis quod illa sit species talis rei
1197 1614 1985 1660 doc est rem que est species experimur: non tamen
1185 1649 1994 1695 experimur illam esse speciem. sed hoc solum discur
1195 1688 1996 1729 siue et pobabiliter concludimus. sicut in simili: ima
1191 1727 1984 1771 ginem in speculo intuitiue videmus: et tamen vir
1194 1765 1981 1806 tute huius visionis non experimur: nec euidenter
1192 1801 1991 1843 cognoscimus que res sit: et vbi sit. sicut enim cattus
1188 1841 1990 1880 in simulaero catti ibi decipitur: sic nos fallimur:
1195 1880 1984 1927 licet altius iudicemus. ⁋ Contra istam opinionem
1197 1920 1984 1962 arguitur sic. per cognitionem abstractiuam natu¬
1188 1955 1993 1995 raliter consequentem intuitiuam cognoscitur dire¬
1200 1992 1987 2036 cte: et primo illud quod primo fuit cognitum intui¬
1188 2031 1987 2071 tiue. Sed illud non fuit species manens in anima.
1197 2067 1997 2110 ergo. maior probatur. quia nullius rei naturaliter
1188 2108 1991 2149 habemus propriam simplicem abstractiuam: nisi peri¬
1194 2149 1984 2190 us fuerit cognitum intuitiue. quia experientia docet:
1189 2192 1988 2230 quod cogitatio mea fertur indifferenter super ea que
1198 2228 1982 2265 vidi: vel audiui: quia cogito directe de re tali et tanta.
1206 2260 1998 2308 ⁋ Et confirmatur per concurrentem grego. sic ar¬
1197 2295 1981 2346 guentem. delectio / odium / vel desiderium fertur
1201 2338 1969 2379 ad rem ad extra: et non ad speciem rei diligibilis. e
1194 2374 1975 2421 go notitia fertur ad rem ad extra. tenet consequem
1191 2415 1975 2460 tia. a conueniente similitudine. Licet grego. in se
1209 2448 1991 2492 tima distinctione secundi consequentiam neget.
1206 2487 1982 2532 bissimile non dat. nec dare potest nisi voluntarium.
1201 2524 1979 2572 ⁋ Preterea frustra ponitur quod per eandem noti¬
1189 2560 1979 2609 tiam cognoscamus duo obiecta: vnum intuitiue:
1205 2601 1991 2643 t aliud abstractiue cum omnia possint saluari co¬
1197 2642 1976 2688 gnoscendo solum per illam notitiam obiectum ad
1198 2678 1981 2724 extra. ⁋ Rursus vel species terminatur ad rem ad
1197 2719 1987 2772 extra immediate vel non. secundum non est dicen
