2340 3286
391 213 1183 277 rum. dabis maximum tempus per quod iste sor¬
400 267 1186 310 tes vixit. ⁋ Preterea ponatur a visibile in spatio
394 307 1183 354 in quo potest videri accedendo ad oculum semper
391 349 1187 391 erit intensior visio: ergo quando parum distat a ma¬
394 388 1180 430 xima distantia per quam non potest videri erit in¬
396 422 1181 465 tensior visio quam vnquam ante hoc erat. et si desinat vide
394 459 1196 499 ri tunc parum accedendo in breui tempore inten¬
400 496 1193 537 sa visio corrumpetur. immo quando primo visibi¬
397 534 1187 579 le est super punctum terminatiuum spatii in quo
397 572 1196 616 non potest videri: a spatio in quo non potest vide-
403 609 1183 658 ri erit subito corrupta intensa visio: quia iam non
403 650 1193 692 erit aliqua visio huius visibilis in hoc puncto. et in¬
403 686 1192 730 mediate ante hoc erat visio huius visibilis. agens
403 729 1187 775 enim naturale fortius agit in propinquum quam in
396 761 1193 800 distans. ⁋ Sed forte dicis. datur certa portio spa
403 801 1190 843 tii in quo visibile optime causat sui visionem. vt
411 844 1197 885 verbi causa. quando incipit appopinquare a re¬
408 879 1193 923 motis intendetur visio ad certum punctum vsque:
414 914 1196 962 postea accedendo non semper intendetur: sed vel
397 955 1196 992 remanebit in eadem intensione graduali per par¬
408 990 1189 1036 tem spatii. et tandem incipiet illa visio remitti: et
411 1027 1181 1070 successiue desinit illa visio: ad non gradum vsque: pu
400 1066 1192 1109 ta quando est primo super illud punctum quod con
399 1105 1199 1143 tinuat spatium: in quo non potest videri propter
417 1140 1193 1186 propinquitatem spatio in quo potest videri. Nec
411 1184 1201 1223 vtrobique habet verum illa Maxima: agens natura
400 1214 1199 1256 le fortius agit in propinquum quam in distans. Pa¬
408 1255 1192 1298 tet de sagitta que minus ledit existentem prope
403 1292 1205 1335 ipsam quam a remotis. Similiter mula minus ledit
405 1333 1196 1378 recalcitrando propinquum quam existentem in extre
408 1368 1205 1416 mitate pedum extensorum. ⁋ Respondetur, con¬
406 1408 1195 1450 cedendo quod datur maxima distantia per quam vi¬
402 1445 1196 1485 sibile potest videri a remotis. Ex quo non sequi¬
412 1480 1193 1527 tur quod datur vltimum instans esse visionis: non enim
402 1525 1205 1568 dabitur vltimum punctum intrinsecum illius spa
408 1559 1199 1598 tii. sed demonstrando totum illud spatium et pun¬
407 1594 1196 1643 ctum terminatiuum illius / illud aggregatum est
418 1635 1196 1681 ninimum spatium per quod non potest videri: quam
414 1671 1205 1716 do superficies visibilis proxima potentie visiue
417 1710 1195 1754 ponitur super illud punctum: tunc non potest vide
417 1748 1210 1789 ri illud visibile. sed accedendo immediate post hoc
417 1786 1196 1830 producetur visio: quia intendetur ad certum spa¬
408 1826 1196 1866 tium vsque in moderata distantia a visu. postea ac⁋
414 1861 1205 1909 cedendo ad oculum non intendetur illa visio: sed
414 1903 1202 1949 remittetur vt inter arguendum dictum est. agens
408 1939 1201 1984 enim naturale fortius agit in propinquum quam in di
418 1974 1202 2021 stans ceteris paribus: modo peius applicatur po¬
417 2014 1209 2061 tentie visiue in magna popinquitate quam in medio
417 2056 1199 2099 cri distantia. sicut sagitta in primo egressu ab ar
418 2090 1208 2132 cu non habet totum suum impetum quem postea
424 2128 1202 2169 recipit (si impetus ponatur qualitas distincta a re
421 2167 1204 2209 que impetuose mouetur) sed successiue acquiritur
422 2209 1215 2252 qui intense acquisitus fortius penetrat. aggrega
429 2245 1218 2288 tum enim ex puncto a quanto non est maius pro¬
429 2280 1205 2325 prie ipso quanto. non enim ponimus puncta impar¬
433 2315 1217 2367 libilia. et si imaginemur ipsum punctum visibile
429 2353 1213 2401 positum supra ipsum: nec cis ipsum videretur: ci¬
414 2398 1220 2440 tra tamen videretur. ⁋ Sed contra istud argui¬
426 2431 1211 2473 tur. non datur minimum visibile quod potest vide
430 2470 1211 2516 ri. nec maximum non visibile: ergo neque datur ma¬
426 2508 1207 2552 xima distantia per quam visibile non potest vide¬
426 2548 1210 2591 ri: neque minima per quam non potest videri. conse
433 2585 1209 2628 quentia est nota: probatur antecedens: intellectus
421 2626 1217 2682 potest videre angelum si sue nature relinquatur:
1266 222 2060 275 batet: intuitiue cognoscit ipsummet. ergo a ange
1251 268 2059 306 lum. ⁋ Preterea: si maximum non sensibile pona¬
1255 307 2050 345 tur in duobus locis popinquis: ita quod vna medie¬
1251 342 2050 382 tas coniungatur alteri: iam illud totum potest vi¬
1264 379 2056 419 deri. igitur ⁋ Respondetur: negando antecedens
1262 423 2051 464 pro hac valle miserie. Videtur enim quod anima se¬
1273 460 2059 501 arata potest quodlibet sensibile quantunmcunque par¬
1254 495 2056 536 uum videre intuitiue. probatur: quia potest intui¬
1261 532 2051 575 tiue cognosceee angelum qui nihil diuisibilitatis
1263 572 2058 618 habet. ergo nulla est repugnantia quin quodlibet
1264 610 2048 651 corpus quantumcunque pusillum sit poterit intuitiue
1260 647 2063 688 cognoscere: et puncta in continuo si ponantur pu¬
1264 685 2051 729 re impartibilia: eodem modo relationes intrinse¬
1257 725 2063 764 cus et extrinsecus aduenientes. pao isto statu ta¬
1255 763 2059 807 men potest se a nullum aliud indiuisibile extrinse¬
1260 798 2057 842 cum videre. frequenter capimus videre pao intui
1267 838 2054 882 tiue cognoscere. ⁋ Ad aliud conceditur: quod maxi¬
1266 874 2058 925 mum non sensibile in duobus locis popinquis mi
1263 911 2060 948 raculose potest videri: sicut dicum est in. x. distin¬
1261 949 2063 992 ctione quarti q. ii. licet detur minimum pondus quod
1273 988 2059 1029 ortes cum ista potentia non potest portare: non
1254 1025 2060 1064 tamen minimum quod non simpliciter si sortes po¬
1267 1064 2054 1108 neretur in pluribus locis. Sic licet detur maximum
1272 1102 2056 1148 visibile quod sortes non potest videre naturaliter
1260 1138 2062 1180 tamen non daretur maximum non sensibile si po¬
1260 1180 2057 1222 neretur in duobus locis: quia illud maximum non
1261 1218 2058 1260 sensibile positum in duobus locis propinquis tan
1264 1252 2072 1290 tum faciet ad visionem / quantum duo maxima non
1260 1291 1916 1340 sensibilia propinqua posita in simili situm.
1278 1356 2063 1425 ⁋ hic queritur quaestio satis necessaria. Con¬
1260 1414 2056 1485 stat enime irrefragabiliter verum est: quod deus.
1270 1479 2056 1532 ⁋ Distinctionum quarte a quinte questio vnica.
1618 1527 2062 1570 Irca quartam et quintam di
1607 1560 2066 1604 stinctiones: in quibus Magi¬
1608 1603 2066 1650 ster tangit vnitatem essentie
1609 1640 2063 1683 diuine et personarum: et quo¬
1614 1673 2062 1720 modo vna persona non est alia:
1614 1715 2057 1763 quapropter solent doctores
1620 1754 2063 1799 dic insistere circa modum syl
1611 1793 2056 1839 logisandi in diuinis: ideoque
1602 1824 2061 1880 QQueritur: an regule logica¬
1556 1849 2063 1921 al les teneat in diuinis. ⁋ Cir¬
1264 1902 2069 1953 ca hanc questionem sic procedam / in primis pre¬
1282 1939 2069 1987 nittendo aliquas distinctiones circa materiam.
1269 1982 2063 2027 secundo succincte respondendo ad questionem se
1275 2021 2057 2066 cundum quod capio. ⁋ In primis supponam: quod sub
1272 2061 2063 2106 Innocentio tertio declaratum est in sacrosancto
1284 2098 2066 2139 Concilio. vt patet de summa Trinitate et fide ca¬
1285 2133 2060 2178 tholica. cap. Damnamus. quod est vna summa res: in¬
1275 2169 2063 2216 comprehensibilis quidem et ineffabilis: que vera¬
1276 2206 2063 2254 citer est pater filius et spiritus sanctus: tres simul
1287 2246 2072 2292 persone ac sigillatimquelibet earundem: et ideo in
1279 2291 2078 2331 deo solummodo Trinitas est: non quaternitas: quia
1272 2327 2063 2364 quelibet trium personarum est illa res. videlicet
1284 2359 2072 2409 substantia essentia seu natura diuina: que sola est
1291 2396 2072 2437 vniuersorum principium: preter quod aliud eue¬
1281 2438 2066 2484 nire non potest: et illa res non est generans: neque
1272 2471 2076 2523 genita: neque procedens: sed est pater qui generat:
1285 2521 2081 2560 et filius qui gignitur:et spiritus sanctus qui pro¬
1291 2555 2072 2594 cedit: vt distinctiones sint in personis: et vnitas
1279 2591 2066 2632 in natura. licet igitur alius sit pater / alius fili¬
1282 2622 2074 2684 us / alius spiritus sanctus / non tamen aliud. sed
