2344 3348
218 233 1018 297 pauper: ac volo sic assentire: et illa volitio est bona et
219 276 1003 340 meritoria. Si dicas non esse simile: nec inconueniens ei
233 312 1018 377 aliquem actum voluntatis quo quis falso assentire vult / esse
234 350 1011 420 pium quando est conformis ille actus errori inuincibili. secus est
224 394 1015 448 in casu infidelis vel heretici. Contra hoc argumentor.
237 430 1006 485 saltem hereticus habebit assensum non formidolosum: quod
225 463 1010 521 actus voluntatis eius cum ratione probabili tantum facit ad firm
234 500 1009 562 ter assentiendum quantum facit actus voluntatis cum arge
231 537 1016 594 mento probabili in christiano. Insuper per hunc modum pos¬
233 573 1021 636 sum cuilibet propositioni respectu cuius habeo motiua / sta¬
237 610 1018 671 tim assentire illi sine formidine per actum voluntatis.
240 648 1018 710 ⁋ Ad nonum inter arguendum sufficienter responsum est ad
231 691 1009 746 calcem vsque. transeat quod firmiter assentiat infidelis suo e
236 723 1009 783 rori: eius tamen error non erit fides: quia est de falso. fides eni
225 759 1018 819 infusa non inclinat in actum eius. Tu quod nullam habeat. Tu
239 800 1025 856 secundo: si haberet ipsam / de potentia dei absolunta non in¬
234 835 1025 894 clinaret in assensum falsum. credens autem vere catholi
231 873 1018 936 cus habet motiuum sufficiens: habet fidem infusam et actum
235 910 1022 968 voluntatis: hereticus vo vel infidelis non habet omnia ista.
236 947 1019 1004 ⁋ Decimo arguitur. sequeretur quod aliquod agens con¬
247 985 1021 1044 curreret ad corruptionem sui effectus. hoc est incon
246 1027 1027 1080 ueniens: cum quodlibet agens naturale intendat secundum
230 1063 1027 1121 extremum sue potentie suum effectum producere et
231 1097 1028 1148 conseruare / et remouere omnc prohibens. Sequela
246 1135 1026 1193 probatur. producat argumentum topicum opinionem qua
243 1170 1030 1228 stante in intellectum readducatur illud argumentum
243 1207 1032 1261 topicum vel simile cum pia affectione ad idem credi
243 1243 1026 1300 bile: quia idem est credibile et opinabile: sicut idem est scibi¬
244 1279 1027 1337 le et opinabile / licet fides non sit opinio nec scientia opi¬
251 1321 1023 1374 nio: iam producetur fides. et supponamus incompossi¬
255 1357 1027 1412 bilitatem illorum actuum inter se de quibus postea lo¬
242 1391 1027 1448 quemur: iam sequitur illatum. ⁋ Respodetur. illatum non est
249 1431 1040 1488 inconueniens quando est incompossibilitas effectuum. hoc enim
245 1467 1040 1528 facit natura que facit de possibilibus id quod melius est.
256 1503 1037 1562 et quia perfectior effectus est fides quam opinio / iam corrun¬
243 1543 1027 1607 pit vnum effectum vt producat alium perfectiorem
270 1580 1039 1641 ⁋ Undecimo arguitur. Sequeretur quod primus actus
255 1612 1036 1674 fidei esset meritorius: hoc autem est fallum: quia fides est
254 1651 1034 1718 prima virtutum theologalium / et eius actus ostendit obie
258 1692 1042 1747 ctum diligendum secundum Magistrum. xx. iii. di. iii. Et glosa in
254 1728 1039 1785 illud Matth. i. Abraham genuit Isaac. dicit. i. fides
260 1761 1034 1823 speci. et Ambrosius super id Luce. xvii. Si habueriti fidi
257 1808 1045 1857 sicut granum sinapis etc. inquit. ex fide est charitas / et ex
261 1836 1037 1893 charitate spres. Et quod sequatur patet: quia imperatur ab vno
269 1875 1045 1931 actu voluntatis: ergo fides est actus meritorius taquae imperatus.
269 1908 1047 1974 Dicis. non est dictamen prudentiale in intellectum: et hoc requi¬
261 1949 1043 2005 ritur ad hoc vt actus intellectus sit meritorius. Contra hoc ar
270 1986 1038 2052 gumentor. quis praet habere iudicium opinatiuum quod sufficit
275 2027 1044 2087 igitur dicitur non inconuenire primum actum fidei esse merito¬
273 2065 1042 2118 rium: nec prius requiritur fides propse dicta: sed sufficit quod inte
272 2098 1055 2159 lectus oespendat per alid iudicium voluntati quod est conforme rationi
281 2134 1054 2196 quod voluntas vult. sed de hoc in. iii. vbi locum suum habet.
278 2176 1042 2229 ⁋ Duodecimo arguitur. Ex isto sequitur quod omnes articui
273 2209 1055 2265 fidei nostre praesent credi ab aliquo ex puris naturalibus.
281 2245 1051 2306 Distinguitur. vel quod aliquis nunc ex puris naturalibus in¬
282 2285 1047 2340 uestigatiue possit deuenire ad certam cognitionem cred
283 2321 1037 2383 bilium: vel per rationes sumptas ex propriis illarum rerum de quaib
278 2360 1047 2418 est fides: et sic negatur. nam ad hebreos. xi. dicit Aplu¬
281 2397 1052 2456 Est autem fides sperandarum substantia rerum argumentum non ap¬
272 2435 1048 2492 parentium. illa enim quaum est fides non praeset conuinci euidenti
279 2475 1063 2528 rationis. Vel quod aliquis existens in puris naturalibsus praecise
276 2505 1063 2566 innitens lumini et rationi naturali quantum in se est / per alios
284 2542 1064 2602 fideles induci possit sufficient congruis apparentiis et mo¬
280 2583 1061 2636 tiuis ad assentiendum sine formidie / sicut ecclia credit: et
279 2615 1055 2675 consequenter ad credendos omnes articulos: et sic conceditur
280 2654 1069 2734 ⁋ Decimotertio arguitur. Sequeretur quod quicunque poneret se
1073 212 1857 274 ad legendum in biblia habens rationem solum topicam vel opinio¬
1071 258 1853 311 nem sine pia affectione / esset hereticus: quia habebit solum opi
1080 294 1849 350 nionem sine pia affectione. modo extra de haereticis. c. Di
1071 332 1889 394 bius. dicitur quod dubius in fide infidelis est. debet autem firmiter
1080 371 1855 421 credere: de summa trinitate et fide catholi. c i. alioquin
1082 406 1856 461 saluus esse non potest. psalmo Quicumque vult saluus esse. et
1086 444 1861 503 hoc patet. xxiiii. q. i. c. Aperte. Negatur sequela: quia ille dubi
1080 477 1865 539 tat qua circa aliquid actu considerat: et nec assentit nec dissen¬
1083 514 1861 579 tit. qui o opinatur assentit. et stat virum habere opinionem
1085 561 1855 610 circa propositionem fidei sine peccato: quia sufficit pia affectio at
1082 593 1865 653 posita pro loco e tempore. Vel sic. pia affectio in vniuersali
1088 628 1870 690 cum motiuo in speciali sufficit ad productionem fidei. absit
1083 666 1870 725 enim quod quilibet cui rationes sophistice surrepunt contramate
1095 706 1875 757 riam fidei / paratus credere a illas muscas abigere / esset
1086 740 1870 794 hereticus. Docti autem circa multa quae legunt in biblia habent ha¬
1096 777 1870 831 pitum fidei cquisitum: qui se solo producit fidem actum sine moti
1092 813 1866 868 uo. ⁋ Decimoquarto arguitur. ponatur quod Titius ha¬
1083 850 1870 903 buerit habitum assentiendi huic: Thare habuit tres fi¬
1083 886 1864 947 lios: ille habitus inclinat ad actum credendi sine pia affe
1091 927 1874 982 ctione: igitur. Respondetur. primo hoc non inconuenit de actu
1101 965 1867 1023 producto ab habitu cquisito. secundo mediate producitur a
1088 1001 1879 1063 pia affectione quae concurrebat ad productionem actuum:
1101 1047 1579 1093 qui illum habitum produxerunt.
1246 1071 1868 1125 Ubitatur. an fides infusa inclinat in primum
1246 1122 1877 1160 actum credendi. Secundo dubitatur: an fides in¬
1236 1148 1879 1193 fusa se sola concurrat ad productionem fidei.
1241 1192 1879 1239 Tertio. an articuli fideisint contra rationem
1102 1222 1906 1283 naturalem. Quarto dubitatur: quare plures docti sint
1095 1268 1868 1316 heretici quam simplices. ⁋ Ad primum dicut aliqui quod non
1097 1291 1907 1356 ⁋ Contra quos arguitur sic. Charitas inclinat in primum actum si
1095 1342 1885 1390 meritorium: quia ad omnem inclinat: ergo fides inclinat in
1098 1373 1886 1429 omnem actum credendi: consequentia tenet conuenienti similitudine.
1095 1410 1874 1467 Secundo arguitur ad idem / motiuum et pia affectio producunt
1104 1445 1874 1508 primum actum fidei: immo ven te sola voluntas: et fides infu¬
1100 1473 1882 1542 sa est praesens: et est agens naturale nihil impedimenti habens: quo
1105 1519 1885 1582 concurrit: non enim est maior ratio quod post hoc concurrat quam nunc.
1109 1560 1874 1612 ⁋ Ad secundum dubium dicitur quod fides infusa sine motiuo non
1108 1597 1880 1649 sufficit ad productionem fidei. non etiam secludimus deum / in¬
1111 1631 1892 1690 tellectum et apprehensionem terminorum. Contra hoc argui¬
1110 1670 1888 1723 tur. habitus fidei cquisite producit actum credendi: quia et
1117 1705 1883 1760 tali vel talibus emanauit: ergo fides infusa habitus. con
1110 1742 1895 1804 sequentia tenet: quia secunda est priore perfectior: ergo acti¬
1115 1779 1885 1834 uior. Non valet dicere quod infunditur a deo: quia si deus in¬
1116 1816 1895 1872 funderet habitum eiusdem speciei cum fide cquisita: ille hali¬
1110 1852 1897 1910 tus cum potentia produceret actum: et nunc fides infusa est
1116 1889 1885 1948 perfectior: igitur. Ad has rationes responsum in. iiii d. iiii q. i.
1108 1929 1894 1981 Ad tertiam dubitationem dicit quidam doctor quod sic. Sed contr
1125 1965 1904 2028 hoc arguitur. omnis roio vere naturalis procedit ex praencipiis
1122 2005 1894 2058 veris notis in lumine naturali ad coclusiones veras.
1122 2042 1894 2097 sed nulla ratio vel suasio contraria alicui articulo fidei
1119 2074 1885 2131 vel pluribus est huiusmodi vt palam est: igitur. maior probatur: quod
1122 2117 1892 2169 ad hoc vt aliqua ratio sit naturalic non sufficit quod innital
1121 2154 1892 2210 existimato vero in lumine naturali: sed vero certo in
1126 2190 1892 2245 eodem lumine. nulla enim ratio sophistica per quam erronec
1128 2227 1895 2286 mouetur homo ad assentiendum falso / dici debet vere ratio na¬
1128 2271 1925 2320 turalis: vt non est rationaturalis ad probandum baculum igni
1118 2302 1897 2354 tum circulariter motum facere circulum ignitum. Item ratio na
1127 2342 1906 2394 turalis conuincit intellectum ad assentiendum concluso per rationem:
1133 2373 1903 2436 quod non contingit de oppositi articulorum fidei. igitur. Sed di
1128 2412 1915 2471 ces. dicere vnam rem esse tres res a nullam illarum esse aliam
1124 2456 1909 2503 est contra sensum omnium sapientum in philosophia. hoc est faelum:
1133 2482 1914 2543 siqui autem existimauerunt illam falsam / erronee iudicarunt:
1125 2521 1906 2579 et non in hoc recte philosophati sunt. multi autem articuli
1125 2556 1907 2616 fidei primo obtuitum videntur philosopho contra rationem
1121 2602 1912 2652 naturale: sed non sunt. verum ipse sollicitius inquirens et fa¬
1130 2627 1916 2703 ciens quod in se est iueniet veritatem. et quia multi phuospho
