2332 3337
465 177 1239 246 rum id non fecerunt: in talibus excecatum est insipiens
460 220 1233 285 cor eorum. ad Romanos primo et secundo. ⁋ Ad quartan
466 256 1247 317 dubitationem negatur prsuppositum. plures enim heretici
468 290 1241 359 sunt indocti quam docti: quod patet de omnibus his de quibus audiui¬
463 333 1247 395 mus in diebus nostris in quocunque regno: non plu¬
463 366 1233 427 res simpliciter: sed plures comparando multitudine in¬
469 399 1241 467 doctorum ad doctos. Sed quia vnius docti viri heresis plu
466 440 1234 496 res inficit: et vestigia maiora post se relinquit: alterius
466 472 1243 542 infamia cum eo pessum it: et sic putantur plures docti
451 508 1232 576 heretici. Secundo dicitur esto quod ita foret sicut imaginatur
453 550 1227 609 dubitatio: hoc est proptere a quia qui nihil scit nihil de
456 585 1232 651 bitat. alter autem multa legit: et per consequens plura dubitabi
452 624 1226 683 lia ei occurrunt. Sed si se religiose regat in materia fi
448 664 1224 728 dei: et se contineat in pelle sua: nihil inueniet in lege quod
445 703 1231 757 eum a fide diuertere possit. Sed quicquid sit / opus est
448 735 1227 801 exercitatione in studio: vt ignaros illustrent docti: alio
460 774 1230 838 quin sine norma viuendi omnia confunderentur. ⁋ Sed du
451 811 1226 871 bitas quanto: an quis possit habere primum actu fidei sine
442 857 1227 913 concursu fidei infuse. Ad hoc dicitur quod de lege non est
453 890 1225 944 verisimile quod quis habeat primum actum credendi sine con¬
441 924 1211 991 cursu fidei ifuse. si enim vult assentire et facere quod in s
445 962 1215 1024 est ad credendum: iam deus infundit fidem infusam: qua
442 994 1222 1058 suum concursum habet respectu primi actus creden¬
454 1031 1215 1096 di. ⁋ Sexto dubitatur circa hanc materiam: quod sit obis
447 1071 1211 1139 ctum fidei. Respondetur. licet multi soleant facere
445 1107 1208 1168 difficultatem an res ad extra sit obiectu fidei an con
454 1145 1209 1203 plexum significabile: tamen dicitur quod res ad extra est obie
450 1187 1217 1239 ctum: que quidem res significat per extrema propositio¬
442 1216 1211 1277 nis credibilis: vt hoc complexum / deus est trinus et vnus
444 1258 1223 1318 et eius extrema sunt obiectum fidei: quae de illa proposi¬
430 1297 1209 1353 tione habetur. probatur sic: obiectum fidei nihil aliud est
433 1333 1205 1396 nisi illud ad quod terminatur assensus fidei. vocatur enim
427 1371 1206 1435 obiectum fidei: qui circa ipsum fides obiicitur. modo actus
418 1407 1212 1468 credendi fertur in complexum et in partes eius / et in
427 1442 1203 1506 rem significantam per partes. Eedem autem difficultates
427 1478 1199 1542 possunt hic fieri que solent tractari de obiecio scientie
424 1522 1195 1582 et consimiliter solui: vt inferius in hoc prologo patebit
430 1553 1200 1616 ⁋ Sed contra ista arguitur. Ex isto sequitur quod fides
421 1589 1196 1653 pot esse de falso: cum propositio contingens enuncians
420 1632 1200 1689 aliquod de futuro possit falsificari. et patet de istis / christs
415 1662 1194 1727 incarnabitur: christs morietur: sed hoc est inconueniens
418 1699 1190 1762 igitur. Preterea fides inclinaret ad falsum: puta ad
429 1743 1196 1804 assentiendum huic / corpus christi continetur sub istis spe¬
418 1778 1186 1843 ciebus: quia stat quod sacerdos sit malus et non fecerit quioa
406 1808 1194 1881 in se est: vel quod panis non sit triticeus: et per conseques
421 1847 1187 1910 ille assensus erit de falso. ⁋ Ad primum respondeo per
412 1889 1187 1951 propositiones. Prima est. Fides potest esse de falso. Se
421 1927 1191 1985 cunda propositio. Non est possibile fidem esse de falso.
412 1961 1196 2029 Tertia propositio. Non potest aliquis assensus esse fi
420 1998 1193 2064 dei de falso. patet per suam de inesse. Ad secundum nego quod
424 2032 1182 2102 teneor assentire huic assensu fidei / corpus christi con¬
409 2072 1184 2139 tinetur sub hac hostia: quia assentio certitudine mo¬
406 2116 1181 2174 rali illi que frequenter copatitur errorem. assentio autem
415 2144 1190 2208 huic assensu fidei: si iste fuerit praesbyter: et fecerit quod in
398 2185 1190 2250 se est cum conditionibus requisitis ad consecrationem: illic est
408 2225 1178 2285 corpus christi. ⁋ Secundo arguitur. eccsia potest iudicare diuo:
399 2256 1175 2324 tium inter aliquas prsonas in matrimonio: et in hoc de¬
408 2299 1203 2365 cipi: et ego teneor assentire quod ecclia recte iudicat. Idem.
406 2334 1176 2402 patet de canonizatione sanctorum. Respondetur. ecclia potes
412 2374 1173 2442 errare in via facti: et bene iudicat: sed vniuersalis ec¬
402 2403 1168 2481 clesia non potest errare in via morum. non capio ecciesiam pro
402 2441 1168 2515 vno particulari plato: quia ille vtroque modo errare prat. non
406 2487 1170 2544 ei teneor assentire huic assensu fidei / hec est vxor eius ve
393 2522 1172 2589 suo opposito / magis post diuortium quam ante. Quod tangitu
387 2562 1173 2618 de canonizatione sanctorum / non ita facile admittitur. Teneo
400 2600 1164 2680 partem illam probabilem quod potifex in hoc errare nequit: dumen
1307 200 2097 270 legitime procedat: hoc est faciat illa quae decent potestificem.
1306 240 2093 309 hoc est quarat super miraculis per canoni: adum factis et sui
1306 277 2091 348 bonitate vite. Primum enim non sufficit: vt liquet de reli¬
1306 325 2097 383 quiis et veneratione sanctorum. ca. i. na miracula quandoquam fiunt
1315 359 2096 423 per malos: vt patet. i. q. i. cap. Teneamus. Secundum est quod fiat
1302 394 2087 459 magna indago de bonitate vite quod est potissimum) ex¬
1312 427 2082 498 aminando testes seorsum more Danielis de senibns
1312 464 2075 532 accusantibus Susanma. Danielis. xiii. et issud patet extra
1311 500 2083 561 de testi. et attesta. ca. VUenerabilis. et hoc quadrat iu¬
1304 542 2084 608 ri cesareo. de testi. E. l. nullum. Istis suppositis deus non
1294 575 2090 648 permittit potestificem iudicantem potestificaliter aberrare.
1294 612 2079 685 hinc Cayphas dicebat verum inscius. dicens JIo. xi.
1306 646 2075 718 Vos nescitis quicquam nec cogitatis / quia expedit vobis
1299 688 2076 752 vt vnus moriatur homo pro populo: vt non tota gens
1287 719 2074 787 pereat. Et subdit euagelista. hoc autem a semetipo non
1299 766 2064 831 dixit: sed cum esset potestifex anni illius / prophetauit quod Ies
1300 802 2070 872 moriturus erat pro gente. Alique autem canonisare nihil
1291 838 2070 909 alid est quam eum adscribere catalogo sanctorum / ordinando ei
1286 867 2076 941 festum solenne ab ecclesia secundum coditionem sancti: vt pu
1282 916 2063 983 ta si fuerit martyr fiet seruitium de martyre: sacerdos
1293 942 2070 1013 poestifex vel non potestifex / nat proportio abiliter. ⁋ Sed
1291 990 2058 1052 contra istud arguitur. sola miracula non sufficiunt: vt pate¬
1293 1018 2069 1088 de reliquiis et vene. sanctorum capitulo primo: nec solum testimo
1277 1061 2066 1125 nium: quia testes possunt corrumpi: ergo illa duo non suffi¬
1281 1092 2070 1166 ciunt: non enim est maior certitudo in tota copulatiua quam in
1280 1137 2055 1199 qualibet parte eius. Et confirmatur. non repugnat vitat
1276 1163 2057 1238 fidei habere iudicium quod aliquis est sanctus qui non est ta¬
1282 1205 2058 1275 lis. Probat quia sine peccato iudico hypocritam bonum: et
1281 1251 2063 1314 corpus christi esse sub spebus panis quod non est. et tamen non pecco
1284 1279 2060 1348 sic assentiendo qualitercumque illa gerundia exponantur
1287 1318 2057 1382 per dum / si / vel quia: ergo stat hominem salua integritate
1270 1359 2054 1420 fidei iudicare aliquem sanctum qui non est. ⁋ Ad primum
1276 1398 2061 1466 respondetur concedendo antecedens: quia nulla illarum causarum est
1279 1437 2073 1505 causa sufficiens: sed ille due simul iuncte. sicut maior
1278 1468 2068 1529 non infert conclusione neque mior: sed primisse simul sumpte.
1267 1503 2057 1566 si enim non singula concludat: oia taen simul sumpta iuuant.
1267 1544 2060 1612 Ad confirmationem conceditur quod illo dato quod iudicem aliquem
1266 1583 2039 1646 esse sanctum qui non est: per illud iudicium ego non deme¬
1272 1621 2047 1687 rerer: nec per volitionem qua vellensic iudicare. sed pie
1270 1655 2049 1725 credendum est quod deus non permittit errorem post sen¬
1263 1691 2048 1753 tentiam potificalem. Non est idem de corre christi cotento
1264 1727 2048 1795 sub spectebus pauis vel vini: cum in vno ft solus sacer¬
1265 1767 2037 1828 dos qui potest multifariam illudi et illudere: in alio
1258 1804 2039 1869 autem est solers indsitio testium a miraculorum de conformita¬
1257 1841 2056 1901 te vite: et preces ad hoc domino effuse: ne in hoc rmittat
1260 1879 2043 1939 cclesiam illudi: secundum illud Joannis. xiiii. Paracletus autem
1258 1913 2036 1976 spiritus sctus quem mittet pater in omnie meo ille vos
1261 1952 2032 2011 docebit omnia: et suggeret vobis omnia quaecuque dixero vo¬
1251 1984 2032 2052 bis. Innumere enim absurditates sequerentur ad opposi¬
1257 2026 2032 2090 tum voc quod nos haberemus dubitare de magnis et mul¬
1254 2062 2036 2129 tis sanctis quos colimus an essent scti: et sic diminuere
1245 2100 2029 2167 tur deuotio erga tales sanctons: et in ruinam templorum et in
1253 2139 2035 2196 destructionem cultus diuini. De multorum autem sanctorum mem¬
1250 2170 2025 2237 bris vel ossibus non habemus tantum certitudinis: sed in his
1241 2212 2025 2277 sufficit credere multitudini loquentium vel iis qui norut.
1249 2250 2028 2320 ⁋ Secundo arguitur contra idem per illud vulgare. Multorum
1249 2292 2022 2354 corpa venerantur in terris quorum anime sepeliuntur in iferno.
1255 2331 2028 2389 rgo non incouenit alique coli prosancto: et eum esse damnatum
1254 2364 2013 2426 ss espondetur. me querente illam auctoritatem quam
1249 2397 2019 2465 aliqui beato Augustino tribuunt: aliqui bato Oregorio:
1243 2434 2018 2501 nondum eius radix apparuit: sed quato lollicitius explora¬
1248 2476 2018 2543 uerim tanto remotius aufugit. veruntum si in aliquae inueniatur in¬
1234 2515 2022 2569 telligatur de non canonizatis: in talibus enim interdum dece¬
1237 2552 2021 2615 ptiouem fieri contingit: vt patet in vita sancti Martini. ⁋ Sed
1242 2591 2019 2651 dubitatur septimo. an liceat aliquem publice venerari vt
1233 2624 2013 2703 sanctantum: quie non est canonizatus ab ecclia. et rotio dobitationis
