<?xml version="1.0" encoding="UTF-8" standalone="yes"?>
<PcGts xmlns="http://schema.primaresearch.org/PAGE/gts/pagecontent/2013-07-15" xmlns:xsi="http://www.w3.org/2001/XMLSchema-instance" xsi:schemaLocation="http://schema.primaresearch.org/PAGE/gts/pagecontent/2013-07-15 http://schema.primaresearch.org/PAGE/gts/pagecontent/2013-07-15/pagecontent.xsd">
    <Metadata>
        <Creator>prov=University of Rostock/Institute of Mathematics/CITlab|PLANET AI GmbH/Gundram Leifert/gundram.leifert@planet-ai.de:name=cod-jmUUUK-m1(htr_id=25366)::::v=2.6.6
prov=University of Rostock/Institute of Mathematics/CITlab|PLANET AI GmbH/Tobias Gruening/tobias.gruening@planet-ai.de:name=de.uros.citlab.module.baseline2polygon.B2PSeamMultiOriented:v=2.6.6
prov=University of Rostock/Institute of Mathematics/CITlab|PLANET AI GmbH/Tobias Gruening/tobias.gruening@planet-ai.de:name=/net_tf/LA73_249_0mod360.pb:de.uros.citlab.segmentation.CITlab_LA_ML:v=2.6.6
Transkribus</Creator>
        <Created>2020-06-18T16:55:40.774+02:00</Created>
        <LastChange>2020-07-24T21:21:04.718+02:00</LastChange>
        <TranskribusMetadata docId="415252" pageId="16480880" pageNr="100" tsid="35267201" status="DONE" userId="25065" imgUrl="https://files.transkribus.eu/Get?id=YXEKWKYHEWXYXCMTEKJZPWBF&amp;fileType=view" xmlUrl="https://files.transkribus.eu/Get?id=LSXXXUPLPRZPJIKWSRWNUVNV" imageId="12274690"/>
    </Metadata>
    <Page imageFilename="99.jpg" imageWidth="2361" imageHeight="3309">
        <ReadingOrder>
            <OrderedGroup id="ro_1595939708520" caption="Regions reading order">
                <RegionRefIndexed index="0" regionRef="TextRegion_1595377373548_1559"/>
                <RegionRefIndexed index="1" regionRef="TextRegion_1595377383480_1564"/>
            </OrderedGroup>
        </ReadingOrder>
        <TextRegion orientation="0.0" id="TextRegion_1595377373548_1559" custom="readingOrder {index:0;}">
            <Coords points="459,192 1276,192 1276,2698 459,2698"/>
            <TextLine id="r2l2" custom="readingOrder {index:0;}">
                <Coords points="693,286 999,289 1038,271 1061,288 1243,283 1243,239 758,240 693,218"/>
                <Baseline points="698,272 725,272 752,270 779,270 806,270 833,270 860,269 887,269 914,269 941,269 968,269 995,269 1022,269 1049,269 1076,270 1103,270 1130,270 1157,270 1184,271 1211,272 1238,272"/>
                <TextEquiv>
                    <Unicode>Irca hanc distinctionem octauam secun</Unicode>
                </TextEquiv>
            </TextLine>
            <TextLine id="r2l4" custom="readingOrder {index:1;}">
                <Coords points="699,316 1244,318 1244,283 1156,276 1118,289 1034,274 1017,288 699,285"/>
                <Baseline points="704,309 730,308 757,308 784,308 811,308 837,308 864,308 891,308 918,308 944,308 971,306 998,306 1025,308 1051,308 1078,308 1105,308 1132,308 1158,308 1185,309 1212,309 1239,311"/>
                <TextEquiv>
                    <Unicode>do quaero: vtrum deus sit immutabilis;</Unicode>
                </TextEquiv>
            </TextLine>
            <TextLine id="r2l6" custom="readingOrder {index:2;}">
                <Coords points="702,362 1237,353 1237,324 1211,316 702,318"/>
                <Baseline points="707,345 733,345 759,345 785,345 812,345 838,345 864,345 890,345 917,344 943,344 969,344 995,344 1022,344 1048,344 1074,344 1100,344 1127,345 1153,345 1179,345 1205,347 1232,348"/>
                <TextEquiv>
                    <Unicode>⁋ Dicitur quod nec potest mutari secundum</Unicode>
                </TextEquiv>
            </TextLine>
            <TextLine id="r2l8" custom="readingOrder {index:3;}">
                <Coords points="690,389 1235,397 1235,353 728,364 690,351"/>
                <Baseline points="695,383 721,383 748,383 775,382 802,381 828,381 855,381 882,381 909,381 935,380 962,380 989,380 1016,380 1042,380 1069,380 1096,380 1123,381 1149,381 1176,381 1203,382 1230,383"/>
                <TextEquiv>
                    <Unicode>locum / nec secundum tempus / nec aliquid in se sus¬</Unicode>
                </TextEquiv>
            </TextLine>
            <TextLine id="r2l10" custom="readingOrder {index:4;}">
                <Coords points="693,436 1243,431 1243,394 1182,386 861,403 693,390"/>
                <Baseline points="698,420 725,420 752,419 779,419 806,419 833,418 860,417 887,417 914,417 941,417 968,417 995,417 1022,417 1049,417 1076,419 1103,419 1130,419 1157,419 1184,419 1211,419 1238,420"/>
                <TextEquiv>
                    <Unicode>cipere / nec aliquid actuare. Et licet</Unicode>
                </TextEquiv>
            </TextLine>
            <TextLine id="r2l13" custom="readingOrder {index:5;}">
                <Coords points="681,464 1237,467 1226,433 723,435 681,419"/>
                <Baseline points="686,455 713,455 740,455 767,455 795,455 822,455 849,454 877,453 904,453 931,453 959,453 986,455 1013,455 1040,455 1068,455 1095,455 1122,456 1150,456 1177,456 1204,458 1232,459"/>
                <TextEquiv>
                    <Unicode>vnum predicatum nunc verificatur de pro</Unicode>
                </TextEquiv>
            </TextLine>
            <TextLine id="r2l15" custom="readingOrder {index:6;}">
                <Coords points="454,517 1248,502 1247,469 1170,462 453,470"/>
                <Baseline points="459,498 498,497 537,495 576,494 615,494 654,492 693,492 733,492 772,492 811,492 850,492 889,492 928,492 967,494 1007,494 1046,494 1085,494 1124,494 1163,492 1202,492 1242,491"/>
                <TextEquiv>
                    <Unicode>nomine demonstrante deum: et postea eius contradicto¬</Unicode>
                </TextEquiv>
            </TextLine>
            <TextLine id="r2l17" custom="readingOrder {index:7;}">
                <Coords points="462,547 1243,542 1243,504 462,511"/>
                <Baseline points="467,533 505,533 544,531 582,530 621,530 659,530 698,530 736,530 775,530 813,530 852,530 891,530 929,530 968,530 1006,530 1045,530 1083,530 1122,530 1160,530 1199,530 1238,530"/>
                <TextEquiv>
                    <Unicode>rium: vt creans: non creans: tamen hoc non sufficit ad mu</Unicode>
                </TextEquiv>
            </TextLine>
            <TextLine id="r2l19" custom="readingOrder {index:8;}">
                <Coords points="466,578 1244,573 1244,544 1190,536 466,542"/>
                <Baseline points="471,570 509,569 547,569 586,567 624,567 663,567 701,567 739,567 778,567 816,567 855,567 893,567 931,567 970,567 1008,567 1047,567 1085,567 1123,567 1162,567 1200,567 1239,567"/>
                <TextEquiv>
                    <Unicode>tationem: idem enim album nunc est smile per positionem alte¬</Unicode>
                </TextEquiv>
            </TextLine>
            <TextLine id="r2l21" custom="readingOrder {index:9;}">
                <Coords points="465,622 1209,621 1235,614 1235,584 465,585"/>
                <Baseline points="470,608 508,606 546,605 584,605 622,604 660,603 698,603 736,603 774,603 812,603 850,603 888,603 926,603 964,603 1002,604 1040,605 1078,605 1116,605 1154,605 1192,605 1230,605"/>
                <TextEquiv>
                    <Unicode>rius albi: postea per illius destructionem non simile: ideo</Unicode>
                </TextEquiv>
            </TextLine>
            <TextLine id="r2l23" custom="readingOrder {index:10;}">
                <Coords points="469,653 1183,659 1246,650 1246,619 469,621"/>
                <Baseline points="474,645 512,644 550,643 589,642 627,642 665,641 704,641 742,641 780,641 819,641 857,641 895,641 934,641 972,642 1010,642 1049,642 1087,642 1125,642 1164,642 1202,641 1241,641"/>
                <TextEquiv>
                    <Unicode>ad relationem non est motus: nisi per accidens. v. physi¬</Unicode>
                </TextEquiv>
            </TextLine>
            <TextLine id="r2l25" custom="readingOrder {index:11;}">
                <Coords points="466,690 1178,695 1246,686 1246,650 466,653"/>
                <Baseline points="471,681 509,680 548,680 586,679 625,678 663,678 702,678 740,678 779,678 817,677 856,677 894,677 933,677 971,678 1010,678 1048,678 1087,678 1125,678 1164,679 1202,680 1241,680"/>
                <TextEquiv>
                    <Unicode>corum. et secundum Augustinum. v. de trinitate capitulo vltimo. &amp;</Unicode>
                </TextEquiv>
            </TextLine>
            <TextLine id="r2l27" custom="readingOrder {index:12;}">
                <Coords points="465,730 1244,732 1244,686 465,690"/>
                <Baseline points="470,717 508,716 546,716 585,715 623,714 662,714 700,714 739,714 777,714 816,714 854,714 892,714 931,716 969,716 1008,716 1046,716 1085,716 1123,716 1162,716 1200,716 1239,716"/>
                <TextEquiv>
                    <Unicode>secundum Ansel mono. xxiiii. Probatio. Iacobi primo. apud</Unicode>
                </TextEquiv>
            </TextLine>
            <TextLine id="r2l29" custom="readingOrder {index:13;}">
                <Coords points="459,767 1221,769 1247,766 1247,732 459,734"/>
                <Baseline points="464,755 502,753 541,753 580,752 619,752 658,752 697,752 736,752 775,752 814,752 853,752 891,752 930,752 969,752 1008,752 1047,752 1086,752 1125,752 1164,753 1203,753 1242,753"/>
                <TextEquiv>
                    <Unicode>quem non est tramsmutatio: nec vicissitudinis obumbratio.</Unicode>
                </TextEquiv>
            </TextLine>
            <TextLine id="r2l31" custom="readingOrder {index:14;}">
                <Coords points="459,806 1243,801 1243,770 1130,761 459,769"/>
                <Baseline points="464,794 502,792 541,791 580,791 618,789 657,789 696,789 734,788 773,788 812,788 851,788 889,788 928,788 967,788 1005,788 1044,788 1083,789 1121,789 1160,789 1199,790 1238,791"/>
                <TextEquiv>
                    <Unicode>psalmo centesimo primo. mutabis ea: a mutabuntur:</Unicode>
                </TextEquiv>
            </TextLine>
            <TextLine id="r2l33" custom="readingOrder {index:15;}">
                <Coords points="465,834 1243,837 1243,804 1175,796 465,805"/>
                <Baseline points="470,828 508,827 546,827 585,827 623,825 662,825 700,825 738,825 777,824 815,824 854,824 892,824 930,824 969,824 1007,824 1046,825 1084,825 1122,825 1161,826 1199,827 1238,828"/>
                <TextEquiv>
                    <Unicode>tu autem idem ipse es: et anni tui non deficient. et Mala</Unicode>
                </TextEquiv>
            </TextLine>
            <TextLine id="r2l35" custom="readingOrder {index:16;}">
                <Coords points="466,872 1250,878 1250,838 1223,833 466,834"/>
                <Baseline points="471,864 509,863 548,863 587,863 625,861 664,861 703,861 741,861 780,861 819,861 858,861 896,861 935,861 974,861 1012,861 1051,861 1090,863 1128,863 1167,863 1206,863 1245,864"/>
                <TextEquiv>
                    <Unicode>chie tertio. Ego deus non mutor. ⁋ Ad hoc Magister</Unicode>
                </TextEquiv>
            </TextLine>
            <TextLine id="r2l37" custom="readingOrder {index:17;}">
                <Coords points="469,912 1238,909 1238,876 1141,868 469,872"/>
                <Baseline points="474,902 513,902 553,900 593,899 633,899 673,899 713,899 753,899 793,899 833,899 873,899 913,899 953,899 993,899 1033,900 1073,900 1113,900 1153,900 1193,900 1233,900"/>
                <TextEquiv>
                    <Unicode>iii. cap. huius distin. introducit beatum Augustinum super</Unicode>
                </TextEquiv>
            </TextLine>
            <TextLine id="r2l39" custom="readingOrder {index:18;}">
                <Coords points="465,948 1250,946 1250,917 1153,906 465,911"/>
                <Baseline points="470,938 508,938 547,938 586,936 625,936 663,936 702,936 741,936 780,936 818,936 857,936 896,936 935,936 973,936 1012,936 1051,936 1090,936 1128,936 1167,936 1206,938 1245,938"/>
                <TextEquiv>
                    <Unicode>Genesim dicentem. quod deus nec per loca nec per tem</Unicode>
                </TextEquiv>
            </TextLine>
            <TextLine id="r2l41" custom="readingOrder {index:19;}">
                <Coords points="468,988 1246,987 1246,945 468,945"/>
                <Baseline points="473,975 511,975 549,974 588,974 626,974 665,972 703,972 741,972 780,972 818,972 857,972 895,972 933,972 972,974 1010,974 1049,974 1087,974 1125,974 1164,974 1202,975 1241,975"/>
                <TextEquiv>
                    <Unicode>pora mouetur. creatura vero per loca et tempora. hoc ad </Unicode>
                </TextEquiv>
            </TextLine>
            <TextLine id="r2l43" custom="readingOrder {index:20;}">
                <Coords points="462,1020 1250,1026 1250,990 1197,979 462,984"/>
                <Baseline points="467,1013 505,1011 544,1011 583,1011 622,1010 661,1010 700,1010 739,1010 778,1010 817,1010 856,1010 894,1010 933,1010 972,1010 1011,1010 1050,1011 1089,1011 1128,1011 1167,1011 1206,1011 1245,1011"/>
                <TextEquiv>
                    <Unicode>longum prosequitur Magister in litera. Etiam aliud in</Unicode>
                </TextEquiv>
            </TextLine>
            <TextLine id="r2l45" custom="readingOrder {index:21;}">
                <Coords points="466,1060 1238,1064 1227,1019 465,1020"/>
                <Baseline points="470,1049 508,1049 546,1048 584,1047 622,1047 660,1047 698,1047 736,1047 774,1047 812,1047 851,1047 889,1047 927,1047 965,1047 1003,1047 1041,1047 1079,1047 1117,1047 1155,1047 1193,1047 1232,1047"/>
                <TextEquiv>
                    <Unicode>se suscipere dicit imperfectiones: propterea in lumine</Unicode>
                </TextEquiv>
            </TextLine>
            <TextLine id="r2l47" custom="readingOrder {index:22;}">
                <Coords points="462,1096 1235,1099 1235,1064 1176,1053 462,1066"/>
                <Baseline points="467,1086 505,1086 543,1086 581,1085 619,1085 657,1085 695,1083 734,1083 772,1083 810,1083 848,1083 886,1083 924,1083 962,1083 1001,1083 1039,1083 1077,1083 1115,1083 1153,1085 1191,1085 1230,1085"/>
                <TextEquiv>
                    <Unicode>naturali. xii. Metaphysice dicitur: intellectio diuina¬</Unicode>
                </TextEquiv>
            </TextLine>
            <TextLine id="r2l49" custom="readingOrder {index:23;}">
                <Coords points="465,1132 1241,1136 1241,1097 1144,1084 465,1097"/>
                <Baseline points="470,1122 508,1122 546,1122 584,1122 623,1122 661,1121 699,1121 738,1121 776,1121 814,1121 853,1121 891,1121 929,1121 967,1121 1006,1121 1044,1121 1082,1121 1121,1122 1159,1122 1197,1122 1236,1124"/>
                <TextEquiv>
                    <Unicode>est deus: et informare iterum dicit imperfectionem. semper</Unicode>
                </TextEquiv>
            </TextLine>
            <TextLine id="r2l51" custom="readingOrder {index:24;}">
                <Coords points="471,1170 1244,1170 1244,1136 1189,1128 471,1136"/>
                <Baseline points="476,1161 514,1160 552,1160 590,1158 628,1158 666,1158 704,1158 743,1157 781,1157 819,1157 857,1157 895,1157 933,1157 971,1158 1010,1158 1048,1158 1086,1158 1124,1158 1162,1160 1200,1160 1239,1160"/>
                <TextEquiv>
                    <Unicode>compositum diuersarum rationum est ens perfectius sua</Unicode>
                </TextEquiv>
            </TextLine>
            <TextLine id="r2l53" custom="readingOrder {index:25;}">
                <Coords points="477,1210 1243,1212 1243,1174 1104,1164 477,1171"/>
                <Baseline points="482,1199 519,1197 557,1196 595,1196 633,1196 671,1194 708,1194 746,1194 784,1194 822,1194 860,1194 897,1194 935,1194 973,1194 1011,1194 1049,1196 1086,1196 1124,1196 1162,1196 1200,1196 1238,1197"/>
                <TextEquiv>
                    <Unicode>parte: totum et perfectum idem sunt. iii. physicorum. &amp;</Unicode>
                </TextEquiv>
            </TextLine>
            <TextLine id="r2l55" custom="readingOrder {index:26;}">
                <Coords points="472,1243 1241,1247 1241,1213 1186,1206 472,1216"/>
                <Baseline points="477,1236 516,1235 556,1233 596,1233 636,1232 676,1232 716,1232 756,1232 796,1232 836,1232 876,1232 916,1232 956,1232 996,1232 1036,1232 1076,1232 1116,1232 1156,1232 1196,1232 1236,1232"/>
                <TextEquiv>
                    <Unicode>inferius in hoc primo. distinctione decima nona. pro¬</Unicode>
                </TextEquiv>
            </TextLine>
            <TextLine id="r2l57" custom="readingOrder {index:27;}">
                <Coords points="465,1287 1249,1282 1249,1247 1078,1237 465,1245"/>
                <Baseline points="470,1272 508,1271 547,1271 586,1269 624,1269 663,1269 702,1268 740,1268 779,1268 818,1268 857,1268 895,1268 934,1268 973,1268 1011,1269 1050,1269 1089,1269 1127,1269 1166,1271 1205,1271 1244,1271"/>
                <TextEquiv>
                    <Unicode>pter equalitatem magnitudinis et perfectionis persona</Unicode>
                </TextEquiv>
            </TextLine>
            <TextLine id="r2l59" custom="readingOrder {index:28;}">
                <Coords points="471,1317 1232,1323 1244,1281 471,1288"/>
                <Baseline points="476,1308 514,1307 552,1307 590,1305 628,1305 666,1304 704,1304 743,1304 781,1304 819,1304 857,1304 895,1304 933,1305 971,1305 1010,1305 1048,1305 1086,1305 1124,1307 1162,1307 1200,1307 1239,1308"/>
                <TextEquiv>
                    <Unicode>rum Magister negat in trinitate esse partem et totum.</Unicode>
                </TextEquiv>
            </TextLine>
            <TextLine id="r2l61" custom="readingOrder {index:29;}">
                <Coords points="465,1360 1237,1358 1237,1323 1183,1312 465,1319"/>
                <Baseline points="470,1346 508,1346 546,1344 584,1343 622,1343 660,1341 698,1341 736,1341 774,1341 812,1341 851,1341 889,1341 927,1341 965,1341 1003,1341 1041,1341 1079,1341 1117,1343 1155,1343 1193,1343 1232,1343"/>
                <TextEquiv>
                    <Unicode>⁋ Sed contra hanc conclusionem arguitur sic. ⁋ Christus</Unicode>
                </TextEquiv>
            </TextLine>
            <TextLine id="r2l63" custom="readingOrder {index:30;}">
                <Coords points="471,1398 1243,1397 1243,1354 471,1360"/>
                <Baseline points="476,1382 514,1380 552,1380 590,1380 628,1379 666,1379 704,1379 742,1379 780,1379 818,1379 857,1379 895,1379 933,1379 971,1380 1009,1380 1047,1380 1085,1380 1123,1380 1161,1379 1199,1379 1238,1379"/>
                <TextEquiv>
                    <Unicode>profectus est a Iudea ad egyptum. ⁋ Insuper deus</Unicode>
                </TextEquiv>
            </TextLine>
            <TextLine id="r2l65" custom="readingOrder {index:31;}">
                <Coords points="465,1431 1216,1433 1244,1399 667,1381 465,1401"/>
                <Baseline points="470,1421 508,1419 546,1418 585,1417 623,1416 662,1416 700,1415 739,1415 777,1415 816,1415 854,1415 892,1415 931,1415 969,1415 1008,1416 1046,1416 1085,1416 1123,1416 1162,1416 1200,1416 1239,1416"/>
                <TextEquiv>
                    <Unicode>creans potest non esse: ergo deus potest non esse. Ante¬</Unicode>
                </TextEquiv>
            </TextLine>
            <TextLine id="r2l67" custom="readingOrder {index:32;}">
                <Coords points="472,1464 1187,1473 1244,1461 1244,1424 472,1433"/>
                <Baseline points="477,1457 515,1455 553,1454 591,1454 629,1454 667,1452 705,1452 743,1452 781,1452 819,1452 858,1452 896,1452 934,1452 972,1452 1010,1454 1048,1454 1086,1454 1124,1454 1162,1454 1200,1452 1239,1452"/>
                <TextEquiv>
                    <Unicode>cedens patet: vel deus creans potest non esse vel deus</Unicode>
                </TextEquiv>
            </TextLine>
            <TextLine id="r2l69" custom="readingOrder {index:33;}">
                <Coords points="471,1502 1232,1507 1241,1462 471,1473"/>
                <Baseline points="476,1493 514,1491 552,1491 590,1491 628,1490 666,1490 704,1490 742,1490 780,1488 818,1488 856,1488 894,1488 932,1488 970,1488 1008,1489 1046,1490 1084,1490 1122,1490 1160,1491 1198,1491 1236,1493"/>
                <TextEquiv>
                    <Unicode>creans non potest non esse. si secundum. ergo deus cre¬</Unicode>
                </TextEquiv>
            </TextLine>
            <TextLine id="r2l71" custom="readingOrder {index:34;}">
                <Coords points="473,1538 1213,1546 1253,1537 1253,1499 473,1507"/>
                <Baseline points="483,1530 521,1529 559,1528 597,1527 636,1527 674,1526 712,1526 750,1526 789,1526 827,1526 865,1526 903,1526 942,1526 980,1526 1018,1526 1056,1527 1095,1527 1133,1527 1171,1529 1209,1529 1248,1530"/>
                <TextEquiv>
                    <Unicode>ans necessario est. si primum: habetur propositum. ⁋ Ad pri</Unicode>
                </TextEquiv>
            </TextLine>
            <TextLine id="r2l73" custom="readingOrder {index:35;}">
                <Coords points="459,1585 781,1565 1180,1582 1243,1575 1243,1537 459,1548"/>
                <Baseline points="464,1568 502,1566 541,1565 580,1563 618,1563 657,1562 696,1562 734,1562 773,1562 812,1562 851,1562 889,1563 928,1563 967,1563 1005,1565 1044,1565 1083,1565 1121,1566 1160,1566 1199,1566 1238,1566"/>
                <TextEquiv>
                    <Unicode>mum dicitur quod hic non habemus oculum adu materiam</Unicode>
                </TextEquiv>
            </TextLine>
            <TextLine id="r2l75" custom="readingOrder {index:36;}">
                <Coords points="468,1613 1227,1620 1243,1574 468,1583"/>
                <Baseline points="473,1605 511,1604 549,1602 587,1601 626,1601 664,1600 702,1599 740,1599 779,1599 817,1599 855,1599 893,1599 932,1601 970,1601 1008,1601 1046,1602 1085,1602 1123,1604 1161,1604 1199,1604 1238,1605"/>
                <TextEquiv>
                    <Unicode>communicationis idiomatum. ⁋ Ad aliud argumen¬</Unicode>
                </TextEquiv>
            </TextLine>
            <TextLine id="r2l77" custom="readingOrder {index:37;}">
                <Coords points="477,1657 1237,1651 1237,1619 1092,1608 477,1618"/>
                <Baseline points="482,1643 519,1641 557,1640 594,1639 632,1638 669,1637 707,1637 744,1637 782,1637 819,1637 857,1637 894,1637 932,1637 969,1637 1007,1638 1044,1638 1082,1640 1119,1640 1157,1640 1194,1641 1232,1641"/>
                <TextEquiv>
                    <Unicode>tum quidam doctor negat hanc consequentiam: deus</Unicode>
                </TextEquiv>
            </TextLine>
            <TextLine id="r2l79" custom="readingOrder {index:38;}">
                <Coords points="477,1690 1215,1694 1241,1692 1242,1653 478,1658"/>
                <Baseline points="482,1680 519,1679 557,1677 595,1676 632,1676 670,1674 708,1674 745,1674 783,1674 821,1674 859,1676 896,1676 934,1677 972,1677 1009,1677 1047,1679 1085,1679 1122,1680 1160,1680 1198,1680 1236,1682"/>
                <TextEquiv>
                    <Unicode>creans non potest non esse: ergo deus creans necessa</Unicode>
                </TextEquiv>
            </TextLine>
            <TextLine id="r2l81" custom="readingOrder {index:39;}">
                <Coords points="469,1731 1241,1726 1241,1696 1182,1688 469,1695"/>
                <Baseline points="474,1719 512,1716 550,1715 588,1713 626,1713 664,1712 702,1712 740,1713 778,1713 816,1713 855,1715 893,1715 931,1716 969,1716 1007,1718 1045,1718 1083,1718 1121,1719 1159,1718 1197,1718 1236,1718"/>
                <TextEquiv>
                    <Unicode>rio est. datur instantia inquit: chymera non potest non esse. eo</Unicode>
                </TextEquiv>
            </TextLine>
            <TextLine id="r2l83" custom="readingOrder {index:40;}">
                <Coords points="478,1769 1224,1770 1247,1766 1247,1725 478,1732"/>
                <Baseline points="483,1754 522,1752 562,1751 602,1751 642,1751 682,1751 722,1751 762,1751 802,1751 842,1752 882,1752 922,1753 962,1754 1002,1754 1042,1755 1082,1755 1122,1755 1162,1755 1202,1755 1242,1754"/>
                <TextEquiv>
                    <Unicode>quod si esset vera: vel ergo chymera que est vel que potest est</Unicode>
                </TextEquiv>
            </TextLine>
            <TextLine id="r2l85" custom="readingOrder {index:41;}">
                <Coords points="472,1807 1187,1811 1253,1801 1254,1770 473,1767"/>
                <Baseline points="477,1793 515,1791 554,1790 592,1790 631,1790 669,1788 708,1788 746,1788 785,1788 823,1788 862,1790 901,1790 939,1790 978,1791 1016,1791 1055,1791 1093,1793 1132,1793 1170,1793 1209,1794 1248,1794"/>
                <TextEquiv>
                    <Unicode>potest non esse: sed vtrumque est falsum: eo quod nec chyme</Unicode>
                </TextEquiv>
            </TextLine>
            <TextLine id="r2l88" custom="readingOrder {index:42;}">
                <Coords points="475,1837 1215,1845 1241,1839 1242,1801 475,1806"/>
                <Baseline points="480,1829 517,1828 555,1827 593,1827 631,1826 669,1826 706,1826 744,1826 782,1826 820,1826 858,1827 895,1827 933,1827 971,1827 1009,1829 1047,1829 1084,1829 1122,1830 1160,1830 1198,1830 1236,1830"/>
                <TextEquiv>
                    <Unicode>ra est: nec potest esse: ergo hec est vera chymera non po</Unicode>
                </TextEquiv>
            </TextLine>
            <TextLine id="r2l90" custom="readingOrder {index:43;}">
                <Coords points="478,1872 1241,1874 1229,1835 478,1839"/>
                <Baseline points="483,1865 520,1863 558,1863 595,1863 633,1863 671,1863 708,1863 746,1863 784,1863 821,1863 859,1864 897,1865 934,1865 972,1865 1010,1866 1047,1866 1085,1866 1123,1866 1160,1866 1198,1868 1236,1868"/>
                <TextEquiv>
                    <Unicode>test non esse: non tamen sequitur quod chymera necessario est.</Unicode>
                </TextEquiv>
            </TextLine>
            <TextLine id="r2l92" custom="readingOrder {index:44;}">
                <Coords points="477,1914 1247,1911 1227,1873 477,1873"/>
                <Baseline points="482,1902 520,1901 558,1901 596,1899 634,1899 672,1899 710,1899 748,1899 786,1900 824,1901 862,1901 900,1901 938,1901 976,1902 1014,1902 1052,1902 1090,1902 1128,1902 1166,1904 1204,1904 1242,1904"/>
                <TextEquiv>
                    <Unicode>Et dicit quod equipollentia de necessario et non possibile non:</Unicode>
                </TextEquiv>
            </TextLine>
            <TextLine id="r2l94" custom="readingOrder {index:45;}">
                <Coords points="474,1950 1246,1954 1235,1909 474,1913"/>
                <Baseline points="479,1938 517,1938 555,1937 593,1937 631,1937 669,1937 707,1937 745,1937 783,1937 821,1937 860,1938 898,1938 936,1938 974,1938 1012,1938 1050,1940 1088,1940 1126,1940 1164,1940 1202,1941 1241,1941"/>
                <TextEquiv>
                    <Unicode>tenet solum cum constantia subiecti. sequitur enim a non potest</Unicode>
                </TextEquiv>
            </TextLine>
            <TextLine id="r2l96" custom="readingOrder {index:46;}">
                <Coords points="481,1984 1247,1984 1247,1953 1183,1945 481,1945"/>
                <Baseline points="486,1977 523,1976 561,1976 599,1974 637,1974 675,1974 712,1974 750,1974 788,1974 826,1974 864,1974 901,1974 939,1976 977,1976 1015,1976 1053,1977 1090,1977 1128,1977 1166,1977 1204,1977 1242,1977"/>
                <TextEquiv>
                    <Unicode>non esse: et a est: ergo a necessario est. ⁋ Istud non va¬</Unicode>
                </TextEquiv>
            </TextLine>
            <TextLine id="r2l98" custom="readingOrder {index:47;}">
                <Coords points="477,2020 1249,2025 1249,1984 477,1983"/>
                <Baseline points="482,2012 520,2012 558,2012 596,2012 634,2012 672,2012 710,2012 748,2012 786,2012 824,2012 863,2012 901,2012 939,2012 977,2013 1015,2013 1053,2013 1091,2013 1129,2014 1167,2015 1205,2015 1244,2015"/>
                <TextEquiv>
                    <Unicode>let: quia concedo quod ille non equiualent: non propter causam quam</Unicode>
                </TextEquiv>
            </TextLine>
            <TextLine id="r2l100" custom="readingOrder {index:48;}">
                <Coords points="475,2056 1240,2064 1233,2021 475,2020"/>
                <Baseline points="480,2048 517,2049 555,2049 593,2049 631,2049 668,2049 706,2048 744,2048 782,2048 819,2048 857,2048 895,2048 933,2049 970,2049 1008,2049 1046,2049 1084,2049 1121,2051 1159,2051 1197,2051 1235,2052"/>
                <TextEquiv>
                    <Unicode>ille dat. vna est negatiua. alia est affirmativa. nec illa</Unicode>
                </TextEquiv>
            </TextLine>
            <TextLine id="r2l102" custom="readingOrder {index:49;}">
                <Coords points="472,2098 1227,2106 1243,2061 472,2063"/>
                <Baseline points="477,2087 515,2086 553,2085 591,2085 629,2084 667,2084 705,2084 743,2084 781,2084 819,2084 857,2084 895,2085 933,2085 971,2087 1009,2087 1047,2087 1085,2088 1123,2088 1161,2090 1199,2090 1238,2091"/>
                <TextEquiv>
                    <Unicode>negatiua est modalis (vt putat) potest est copula. vel</Unicode>
                </TextEquiv>
            </TextLine>
            <TextLine id="r2l104" custom="readingOrder {index:50;}">
                <Coords points="480,2133 1244,2137 1244,2104 1204,2096 480,2101"/>
                <Baseline points="485,2121 522,2121 560,2121 598,2121 635,2121 673,2121 711,2121 748,2121 786,2121 824,2121 862,2123 899,2123 937,2123 975,2124 1012,2124 1050,2124 1088,2126 1125,2126 1163,2126 1201,2126 1239,2126"/>
                <TextEquiv>
                    <Unicode>verbum substantiuum in eo inclusum. et propterea concedo quo</Unicode>
                </TextEquiv>
            </TextLine>
            <TextLine id="r2l106" custom="readingOrder {index:51;}">
                <Coords points="481,2168 1253,2176 1253,2133 481,2133"/>
                <Baseline points="486,2159 524,2157 562,2157 600,2157 638,2157 676,2157 714,2157 752,2158 790,2159 828,2159 867,2159 905,2160 943,2160 981,2160 1019,2162 1057,2162 1095,2162 1133,2163 1171,2163 1209,2163 1248,2165"/>
                <TextEquiv>
                    <Unicode>chymera qua est non potest esse: et chymera que potest</Unicode>
                </TextEquiv>
            </TextLine>
            <TextLine id="r2l108" custom="readingOrder {index:52;}">
                <Coords points="487,2210 1243,2209 1237,2173 487,2166"/>
                <Baseline points="492,2198 529,2196 566,2195 603,2195 641,2195 678,2195 715,2195 753,2195 790,2195 827,2196 865,2196 902,2198 939,2198 976,2199 1014,2199 1051,2200 1088,2201 1126,2201 1163,2201 1200,2200 1238,2199"/>
                <TextEquiv>
                    <Unicode>esse non potest esse: et chymera quam necessario est non po¬</Unicode>
                </TextEquiv>
            </TextLine>
            <TextLine id="r2l110" custom="readingOrder {index:53;}">
                <Coords points="477,2241 1244,2247 1236,2208 477,2211"/>
                <Baseline points="482,2234 519,2232 557,2232 595,2231 633,2231 671,2231 709,2231 746,2231 784,2232 822,2232 860,2233 898,2234 936,2234 974,2235 1011,2235 1049,2237 1087,2237 1125,2237 1163,2237 1201,2237 1239,2237"/>
                <TextEquiv>
                    <Unicode>test esse. nec est aliqua equipollentia: sed capiendo ly potest</Unicode>
                </TextEquiv>
            </TextLine>
            <TextLine id="r2l112" custom="readingOrder {index:54;}">
                <Coords points="481,2278 1253,2286 1253,2248 1212,2243 481,2251"/>
                <Baseline points="495,2270 532,2269 570,2268 607,2268 645,2267 683,2268 720,2268 758,2268 796,2269 833,2270 871,2271 909,2271 946,2272 984,2273 1022,2274 1059,2274 1097,2274 1135,2274 1172,2274 1210,2274 1248,2273"/>
                <TextEquiv>
                    <Unicode>loco de ly possibiliter est (sicut ipse facit) ille equiualent: </Unicode>
                </TextEquiv>
            </TextLine>
            <TextLine id="r2l114" custom="readingOrder {index:55;}">
                <Coords points="471,2324 1190,2327 1244,2324 1245,2288 472,2273"/>
                <Baseline points="476,2307 514,2306 552,2306 590,2304 628,2304 666,2304 704,2305 743,2306 781,2306 819,2307 857,2307 895,2307 933,2309 971,2309 1010,2310 1048,2310 1086,2310 1124,2312 1162,2312 1200,2312 1239,2310"/>
                <TextEquiv>
                    <Unicode>sunt propositiones in purpurea seruatis proprietatibus lo</Unicode>
                </TextEquiv>
            </TextLine>
            <TextLine id="r2l116" custom="readingOrder {index:56;}">
                <Coords points="483,2360 1250,2357 1250,2323 1225,2318 483,2319"/>
                <Baseline points="488,2346 525,2345 563,2343 601,2342 639,2342 677,2342 715,2342 752,2342 790,2343 828,2343 866,2345 904,2345 942,2346 980,2348 1017,2348 1055,2349 1093,2349 1131,2349 1169,2349 1207,2348 1245,2348"/>
                <TextEquiv>
                    <Unicode>gicalibus. ⁋ Ad formam argumenti. nego antecedens ista conseque</Unicode>
                </TextEquiv>
            </TextLine>
            <TextLine id="r2l118" custom="readingOrder {index:57;}">
                <Coords points="476,2398 692,2381 1168,2403 1243,2396 1244,2360 477,2359"/>
                <Baseline points="482,2382 519,2381 557,2379 595,2379 633,2378 671,2378 709,2379 746,2379 784,2379 822,2381 860,2381 898,2382 936,2384 974,2384 1011,2385 1049,2385 1087,2386 1125,2387 1163,2387 1201,2386 1239,2385"/>
                <TextEquiv>
                    <Unicode>nihil valet: deus creans non est: quam deus creans possibiliter</Unicode>
                </TextEquiv>
            </TextLine>
            <TextLine id="r2l120" custom="readingOrder {index:58;}">
                <Coords points="483,2425 1255,2432 1255,2399 1209,2392 483,2397"/>
                <Baseline points="488,2420 525,2418 562,2417 600,2415 637,2415 675,2415 712,2415 749,2415 787,2417 824,2417 862,2418 899,2418 936,2420 974,2420 1011,2421 1049,2422 1086,2423 1123,2423 1161,2423 1198,2423 1236,2423"/>
                <TextEquiv>
                    <Unicode>non est: antecedens est contingens: consequens impossibile: nec a</Unicode>
                </TextEquiv>
            </TextLine>
            <TextLine id="r2l122" custom="readingOrder {index:59;}">
                <Coords points="486,2466 1206,2473 1243,2471 1244,2435 487,2433"/>
                <Baseline points="491,2454 528,2454 565,2453 603,2453 640,2453 677,2453 715,2453 752,2454 789,2454 827,2455 864,2456 901,2456 939,2457 976,2457 1013,2459 1051,2459 1088,2460 1125,2460 1163,2460 1200,2460 1238,2460"/>
                <TextEquiv>
                    <Unicode>non amplo ad amplum negatiue valet consequentia sine constan</Unicode>
                </TextEquiv>
            </TextLine>
            <TextLine id="r2l124" custom="readingOrder {index:60;}">
                <Coords points="483,2509 1251,2503 1251,2471 1199,2468 483,2466"/>
                <Baseline points="488,2493 525,2492 562,2490 599,2490 636,2490 674,2490 711,2490 748,2490 785,2490 822,2492 860,2493 897,2493 934,2495 971,2496 1008,2496 1046,2498 1083,2498 1120,2498 1157,2499 1194,2499 1232,2499"/>
                <TextEquiv>
                    <Unicode>tia. ⁋ Quo fit quod iste simul stant / creans non est: et omne</Unicode>
                </TextEquiv>
            </TextLine>
            <TextLine id="r2l126" custom="readingOrder {index:61;}">
                <Coords points="482,2535 1209,2551 1243,2542 1244,2505 483,2510"/>
                <Baseline points="488,2529 525,2529 563,2528 600,2528 638,2528 675,2528 713,2528 750,2528 788,2529 825,2529 863,2529 900,2531 938,2531 975,2532 1013,2533 1050,2534 1088,2534 1125,2535 1163,2535 1200,2535 1238,2535"/>
                <TextEquiv>
                    <Unicode>creans necessario est: et hoc tenendo quod creatura non potest</Unicode>
                </TextEquiv>
            </TextLine>
            <TextLine id="r2l128" custom="readingOrder {index:62;}">
                <Coords points="480,2573 1241,2575 1241,2552 1177,2540 480,2536"/>
                <Baseline points="485,2567 522,2566 560,2565 597,2565 635,2564 672,2564 710,2564 747,2565 785,2565 822,2566 860,2567 898,2567 935,2568 973,2568 1010,2570 1048,2570 1085,2570 1123,2571 1160,2571 1198,2571 1236,2570"/>
                <TextEquiv>
                    <Unicode>creare. ⁋ Ex isto vlterius patet: quod hec consequentia est nulla. omne</Unicode>
                </TextEquiv>
            </TextLine>
            <TextLine id="r2l130" custom="readingOrder {index:63;}">
                <Coords points="483,2614 1198,2623 1249,2613 1250,2577 484,2574"/>
                <Baseline points="488,2603 525,2601 563,2601 601,2600 639,2600 677,2600 714,2601 752,2601 790,2601 828,2602 866,2603 903,2604 941,2604 979,2606 1017,2606 1055,2607 1092,2607 1130,2607 1168,2607 1206,2609 1244,2607"/>
                <TextEquiv>
                    <Unicode>creans necessario est: ergo aliquod creans est: consequens</Unicode>
                </TextEquiv>
            </TextLine>
            <TextLine id="r2l132" custom="readingOrder {index:64;}">
                <Coords points="483,2648 1197,2660 1249,2655 1250,2613 484,2613"/>
                <Baseline points="488,2640 525,2640 563,2639 601,2639 639,2639 677,2639 714,2639 752,2639 790,2639 828,2640 866,2640 903,2642 941,2642 979,2643 1017,2643 1055,2643 1092,2645 1130,2645 1168,2645 1206,2646 1244,2646"/>
                <TextEquiv>
                    <Unicode>est contingens: et praedicatum antecedentis enunciatur</Unicode>
                </TextEquiv>
            </TextLine>
            <TextLine id="r2l134" custom="readingOrder {index:65;}">
                <Coords points="471,2691 1188,2715 1252,2703 1253,2657 472,2644"/>
                <Baseline points="476,2678 514,2676 553,2676 591,2676 630,2676 668,2678 707,2678 745,2678 784,2678 822,2678 861,2679 900,2679 938,2681 977,2681 1015,2682 1054,2683 1092,2684 1131,2684 1169,2685 1208,2687 1247,2688"/>
                <TextEquiv>
                    <Unicode>de subiecto distributo mediante copula de necessario.</Unicode>
                </TextEquiv>
            </TextLine>
            <TextEquiv>
                <Unicode>Irca hanc distinctionem octauam secun
do quaero: vtrum deus sit immutabilis;
⁋ Dicitur quod nec potest mutari secundum
locum / nec secundum tempus / nec aliquid in se sus¬
cipere / nec aliquid actuare. Et licet
vnum predicatum nunc verificatur de pro
nomine demonstrante deum: et postea eius contradicto¬
rium: vt creans: non creans: tamen hoc non sufficit ad mu
tationem: idem enim album nunc est smile per positionem alte¬
rius albi: postea per illius destructionem non simile: ideo
ad relationem non est motus: nisi per accidens. v. physi¬
corum. et secundum Augustinum. v. de trinitate capitulo vltimo. &amp;
secundum Ansel mono. xxiiii. Probatio. Iacobi primo. apud
quem non est tramsmutatio: nec vicissitudinis obumbratio.
psalmo centesimo primo. mutabis ea: a mutabuntur:
tu autem idem ipse es: et anni tui non deficient. et Mala
chie tertio. Ego deus non mutor. ⁋ Ad hoc Magister
iii. cap. huius distin. introducit beatum Augustinum super
Genesim dicentem. quod deus nec per loca nec per tem
pora mouetur. creatura vero per loca et tempora. hoc ad 
longum prosequitur Magister in litera. Etiam aliud in
se suscipere dicit imperfectiones: propterea in lumine
naturali. xii. Metaphysice dicitur: intellectio diuina¬
est deus: et informare iterum dicit imperfectionem. semper
compositum diuersarum rationum est ens perfectius sua
parte: totum et perfectum idem sunt. iii. physicorum. &amp;
inferius in hoc primo. distinctione decima nona. pro¬
pter equalitatem magnitudinis et perfectionis persona
rum Magister negat in trinitate esse partem et totum.
⁋ Sed contra hanc conclusionem arguitur sic. ⁋ Christus
profectus est a Iudea ad egyptum. ⁋ Insuper deus
creans potest non esse: ergo deus potest non esse. Ante¬
cedens patet: vel deus creans potest non esse vel deus
creans non potest non esse. si secundum. ergo deus cre¬
ans necessario est. si primum: habetur propositum. ⁋ Ad pri
mum dicitur quod hic non habemus oculum adu materiam
communicationis idiomatum. ⁋ Ad aliud argumen¬
tum quidam doctor negat hanc consequentiam: deus
creans non potest non esse: ergo deus creans necessa
rio est. datur instantia inquit: chymera non potest non esse. eo
quod si esset vera: vel ergo chymera que est vel que potest est
potest non esse: sed vtrumque est falsum: eo quod nec chyme
ra est: nec potest esse: ergo hec est vera chymera non po
test non esse: non tamen sequitur quod chymera necessario est.
Et dicit quod equipollentia de necessario et non possibile non:
tenet solum cum constantia subiecti. sequitur enim a non potest
non esse: et a est: ergo a necessario est. ⁋ Istud non va¬
let: quia concedo quod ille non equiualent: non propter causam quam
ille dat. vna est negatiua. alia est affirmativa. nec illa
negatiua est modalis (vt putat) potest est copula. vel
verbum substantiuum in eo inclusum. et propterea concedo quo
chymera qua est non potest esse: et chymera que potest
esse non potest esse: et chymera quam necessario est non po¬
test esse. nec est aliqua equipollentia: sed capiendo ly potest
loco de ly possibiliter est (sicut ipse facit) ille equiualent: 
sunt propositiones in purpurea seruatis proprietatibus lo
gicalibus. ⁋ Ad formam argumenti. nego antecedens ista conseque
nihil valet: deus creans non est: quam deus creans possibiliter
non est: antecedens est contingens: consequens impossibile: nec a
non amplo ad amplum negatiue valet consequentia sine constan
tia. ⁋ Quo fit quod iste simul stant / creans non est: et omne
creans necessario est: et hoc tenendo quod creatura non potest
creare. ⁋ Ex isto vlterius patet: quod hec consequentia est nulla. omne
creans necessario est: ergo aliquod creans est: consequens
est contingens: et praedicatum antecedentis enunciatur
de subiecto distributo mediante copula de necessario.</Unicode>
            </TextEquiv>
        </TextRegion>
        <TextRegion orientation="0.0" id="TextRegion_1595377383480_1564" custom="readingOrder {index:1;}">
            <Coords points="1276,192 2104,192 2104,2698 1276,2698"/>
            <TextLine id="r2l3" custom="readingOrder {index:0;}">
                <Coords points="1320,288 2024,295 2098,287 2098,238 1888,243 1862,222 1750,250 1669,231 1320,243"/>
                <Baseline points="1325,272 1363,272 1401,272 1440,272 1478,272 1517,272 1555,272 1593,272 1632,272 1670,272 1709,272 1747,272 1785,272 1824,273 1862,273 1901,273 1939,275 1977,275 2016,276 2054,278 2093,279"/>
                <TextEquiv>
                    <Unicode>⁋ Sed dices: deus necessario est creans non est impossi-</Unicode>
                </TextEquiv>
            </TextLine>
            <TextLine id="r2l5" custom="readingOrder {index:1;}">
                <Coords points="1309,321 2098,322 2098,290 2062,283 1310,282"/>
                <Baseline points="1314,308 1355,308 1396,309 1437,309 1478,309 1519,309 1560,309 1601,309 1642,309 1683,309 1724,309 1765,309 1806,309 1847,311 1888,311 1929,311 1970,311 2011,312 2052,312 2093,314"/>
                <TextEquiv>
                    <Unicode>bilis: immo vera: quam deus non est creans non est contingens. antecedens</Unicode>
                </TextEquiv>
            </TextLine>
            <TextLine id="r2l7" custom="readingOrder {index:2;}">
                <Coords points="1315,357 2089,357 2089,325 2041,318 1315,322"/>
                <Baseline points="1320,345 1358,346 1396,347 1434,347 1472,347 1511,347 1549,347 1587,347 1625,347 1663,347 1702,347 1740,347 1778,347 1816,347 1854,347 1893,348 1931,348 1969,348 2007,348 2045,350 2084,351"/>
                <TextEquiv>
                    <Unicode>patet: quia extrema supponunt pro eodem. et nulla ponitur di¬</Unicode>
                </TextEquiv>
            </TextLine>
            <TextLine id="r2l9" custom="readingOrder {index:3;}">
                <Coords points="1312,396 2095,399 2095,356 1312,358"/>
                <Baseline points="1317,383 1355,383 1394,383 1432,383 1471,383 1510,383 1548,383 1587,383 1626,383 1664,384 1703,384 1742,384 1780,384 1819,384 1858,384 1896,384 1935,384 1974,386 2012,386 2051,387 2090,387"/>
                <TextEquiv>
                    <Unicode>stributio. ⁋ Insuper deus necessario est creans vel non</Unicode>
                </TextEquiv>
            </TextLine>
            <TextLine id="r2l11" custom="readingOrder {index:4;}">
                <Coords points="1305,431 2090,433 2073,396 1305,396"/>
                <Baseline points="1310,420 1348,420 1387,420 1426,420 1465,420 1503,420 1542,420 1581,420 1620,420 1658,420 1697,422 1736,422 1775,422 1813,422 1852,422 1891,423 1930,423 1968,423 2007,423 2046,423 2085,425"/>
                <TextEquiv>
                    <Unicode>creans: et non necessario est non creans: ergo necessario</Unicode>
                </TextEquiv>
            </TextLine>
            <TextLine id="r2l14" custom="readingOrder {index:5;}">
                <Coords points="1312,467 2023,475 2084,468 2084,432 1312,434"/>
                <Baseline points="1317,458 1355,458 1393,458 1431,458 1469,458 1507,458 1545,458 1583,458 1621,458 1659,458 1698,458 1736,458 1774,458 1812,458 1850,458 1888,458 1926,459 1964,459 2002,459 2040,460 2079,461"/>
                <TextEquiv>
                    <Unicode>est creans. ⁋ Ad primum nego antecedens: quia non suffi</Unicode>
                </TextEquiv>
            </TextLine>
            <TextLine id="r2l16" custom="readingOrder {index:6;}">
                <Coords points="1317,504 2092,505 2079,469 1317,466"/>
                <Baseline points="1322,495 1360,495 1398,494 1436,494 1475,494 1513,494 1551,494 1589,495 1628,495 1666,495 1704,495 1742,495 1781,495 1819,495 1857,496 1895,497 1934,497 1972,497 2010,497 2048,497 2087,498"/>
                <TextEquiv>
                    <Unicode>cit ad veritatem extrema supponere pro eodem et potissi¬</Unicode>
                </TextEquiv>
            </TextLine>
            <TextLine id="r2l18" custom="readingOrder {index:7;}">
                <Coords points="1306,540 2090,547 2090,505 1306,501"/>
                <Baseline points="1311,530 1349,530 1388,530 1427,530 1465,531 1504,531 1543,531 1581,531 1620,531 1659,531 1698,531 1736,531 1775,531 1814,531 1852,532 1891,533 1930,533 1968,533 2007,534 2046,534 2085,536"/>
                <TextEquiv>
                    <Unicode>mum cum modo vniuersali sicut est necesse: ibi enim neces</Unicode>
                </TextEquiv>
            </TextLine>
            <TextLine id="r2l20" custom="readingOrder {index:8;}">
                <Coords points="1311,578 2081,581 2081,541 1311,538"/>
                <Baseline points="1316,567 1354,567 1392,567 1430,567 1468,567 1506,569 1544,569 1582,569 1620,569 1658,569 1696,569 1734,569 1772,569 1810,569 1848,570 1886,570 1924,570 1962,570 2000,570 2038,572 2076,572"/>
                <TextEquiv>
                    <Unicode>sitas denotatur cadere in actum creandi: ita quod de necessi-</Unicode>
                </TextEquiv>
            </TextLine>
            <TextLine id="r2l22" custom="readingOrder {index:9;}">
                <Coords points="1315,618 2099,621 2099,591 2065,579 1315,580"/>
                <Baseline points="1320,605 1358,605 1397,606 1436,606 1474,606 1513,606 1552,606 1590,606 1629,605 1668,605 1707,605 1745,605 1784,605 1823,605 1861,605 1900,606 1939,606 1977,608 2016,608 2055,609 2094,611"/>
                <TextEquiv>
                    <Unicode>tate deus actualiter creet: significatio termini necesse</Unicode>
                </TextEquiv>
            </TextLine>
            <TextLine id="r2l24" custom="readingOrder {index:10;}">
                <Coords points="1308,650 2096,664 2096,620 2050,615 1308,622"/>
                <Baseline points="1313,644 1351,642 1390,642 1429,642 1468,642 1507,642 1546,641 1585,641 1624,641 1663,641 1702,642 1740,642 1779,642 1818,642 1857,642 1896,644 1935,644 1974,645 2013,645 2052,646 2091,647"/>
                <TextEquiv>
                    <Unicode>cadit in connotationem termini creas: sed hanc concedo</Unicode>
                </TextEquiv>
            </TextLine>
            <TextLine id="r2l26" custom="readingOrder {index:11;}">
                <Coords points="1311,692 2081,693 2068,654 1311,653"/>
                <Baseline points="1316,678 1354,678 1392,678 1430,678 1468,678 1506,679 1544,680 1582,680 1620,680 1658,680 1696,680 1734,680 1772,680 1810,680 1848,680 1886,680 1924,681 1962,681 2000,681 2038,681 2076,681"/>
                <TextEquiv>
                    <Unicode>deus necessario est creans possibile: ibi enim significatio</Unicode>
                </TextEquiv>
            </TextLine>
            <TextLine id="r2l28" custom="readingOrder {index:12;}">
                <Coords points="1315,727 2080,727 2058,691 1315,694"/>
                <Baseline points="1320,716 1357,716 1395,716 1433,716 1471,717 1508,717 1546,717 1584,717 1622,717 1659,717 1697,717 1735,717 1773,717 1810,717 1848,717 1886,717 1924,717 1961,717 1999,719 2037,719 2075,720"/>
                <TextEquiv>
                    <Unicode>de ly necessario non cadit in creationem actualem: sed in crea</Unicode>
                </TextEquiv>
            </TextLine>
            <TextLine id="r2l30" custom="readingOrder {index:13;}">
                <Coords points="1305,765 2089,767 2076,727 1305,726"/>
                <Baseline points="1310,750 1348,752 1387,753 1426,753 1464,753 1503,753 1542,753 1580,753 1619,753 1658,753 1697,753 1735,753 1774,753 1813,752 1851,752 1890,752 1929,753 1967,753 2006,755 2045,755 2084,756"/>
                <TextEquiv>
                    <Unicode>tionem possibilem: et licet terminus creans in ista deus neces¬</Unicode>
                </TextEquiv>
            </TextLine>
            <TextLine id="r2l32" custom="readingOrder {index:14;}">
                <Coords points="1306,798 2080,802 2069,765 1306,764"/>
                <Baseline points="1311,788 1349,788 1387,789 1425,789 1463,789 1502,789 1540,789 1578,789 1616,791 1654,791 1693,791 1731,791 1769,791 1807,791 1845,791 1884,792 1922,792 1960,792 1998,794 2036,794 2075,795"/>
                <TextEquiv>
                    <Unicode>sario est creans amplietur: dummodo in explicante serues</Unicode>
                </TextEquiv>
            </TextLine>
            <TextLine id="r2l34" custom="readingOrder {index:15;}">
                <Coords points="1311,838 2081,839 2072,801 1311,797"/>
                <Baseline points="1316,827 1354,827 1392,827 1430,827 1468,827 1506,827 1544,827 1582,827 1620,827 1658,827 1696,827 1734,828 1772,828 1810,828 1848,828 1886,830 1924,830 1962,830 2000,830 2038,830 2076,831"/>
                <TextEquiv>
                    <Unicode>illud quod denotabatur in principali propositione de creatio</Unicode>
                </TextEquiv>
            </TextLine>
            <TextLine id="r2l36" custom="readingOrder {index:16;}">
                <Coords points="1314,875 2093,872 2081,838 1314,835"/>
                <Baseline points="1319,863 1357,863 1395,864 1434,864 1472,864 1511,864 1549,864 1588,866 1626,866 1665,866 1703,866 1741,866 1780,866 1818,866 1857,866 1895,866 1934,866 1972,866 2011,866 2049,866 2088,864"/>
                <TextEquiv>
                    <Unicode>ne actuali nulla erit difficultas. ⁋ Ad secundum concedi¬</Unicode>
                </TextEquiv>
            </TextLine>
            <TextLine id="r2l38" custom="readingOrder {index:17;}">
                <Coords points="1309,909 2084,915 2077,874 1309,877"/>
                <Baseline points="1314,902 1352,900 1390,900 1428,900 1467,900 1505,900 1543,902 1581,902 1620,902 1658,902 1696,902 1734,902 1773,903 1811,903 1849,903 1887,903 1926,903 1964,905 2002,905 2040,905 2079,905"/>
                <TextEquiv>
                    <Unicode>tur antecedens in sensu disiuncto: et tamen discursus vlterior quem</Unicode>
                </TextEquiv>
            </TextLine>
            <TextLine id="r2l40" custom="readingOrder {index:18;}">
                <Coords points="1309,953 2095,954 2095,918 2069,911 1309,910"/>
                <Baseline points="1314,938 1352,938 1391,938 1430,938 1469,938 1508,938 1546,938 1585,938 1624,938 1663,938 1702,938 1740,939 1779,939 1818,939 1857,939 1896,940 1934,941 1973,941 2012,941 2051,941 2090,942"/>
                <TextEquiv>
                    <Unicode>facis nihil valet: arguendo cum destructione vnius partis</Unicode>
                </TextEquiv>
            </TextLine>
            <TextLine id="r2l42" custom="readingOrder {index:19;}">
                <Coords points="1307,990 2063,994 2081,953 1308,953"/>
                <Baseline points="1313,975 1351,974 1389,974 1427,974 1465,975 1503,975 1541,975 1580,975 1618,975 1656,975 1694,975 1732,977 1770,977 1808,977 1847,977 1885,977 1923,978 1961,978 1999,978 2037,978 2076,980"/>
                <TextEquiv>
                    <Unicode>ad positionem alterius: hoc enim solum tenet in sensu di¬</Unicode>
                </TextEquiv>
            </TextLine>
            <TextLine id="r2l44" custom="readingOrder {index:20;}">
                <Coords points="1305,1022 2084,1023 2084,987 1305,987"/>
                <Baseline points="1310,1013 1348,1013 1386,1013 1425,1013 1463,1013 1502,1013 1540,1013 1579,1013 1617,1013 1656,1013 1694,1013 1732,1013 1771,1013 1809,1013 1848,1014 1886,1014 1925,1014 1963,1014 2002,1014 2040,1014 2079,1014"/>
                <TextEquiv>
                    <Unicode>uiso et non composito: causa autem quare ista est conceden¬</Unicode>
                </TextEquiv>
            </TextLine>
            <TextLine id="r2l46" custom="readingOrder {index:21;}">
                <Coords points="1306,1056 2077,1065 2077,1024 1306,1022"/>
                <Baseline points="1311,1049 1349,1049 1387,1050 1425,1050 1463,1050 1501,1050 1539,1050 1577,1050 1615,1050 1653,1050 1691,1050 1729,1050 1767,1050 1805,1050 1843,1050 1881,1050 1919,1052 1957,1052 1995,1052 2033,1052 2072,1053"/>
                <TextEquiv>
                    <Unicode>da: deus necessario est creans vel non creans / est: quia illud</Unicode>
                </TextEquiv>
            </TextLine>
            <TextLine id="r2l48" custom="readingOrder {index:22;}">
                <Coords points="1315,1094 2087,1096 2070,1064 1315,1064"/>
                <Baseline points="1320,1085 1358,1085 1396,1086 1434,1086 1472,1086 1510,1088 1548,1088 1586,1088 1624,1088 1662,1088 1701,1088 1739,1088 1777,1089 1815,1089 1853,1089 1891,1089 1929,1089 1967,1089 2005,1089 2043,1088 2082,1088"/>
                <TextEquiv>
                    <Unicode>disiunctum a parte predicati competit subiecto me¬</Unicode>
                </TextEquiv>
            </TextLine>
            <TextLine id="r2l50" custom="readingOrder {index:23;}">
                <Coords points="1315,1129 2087,1142 2087,1101 1315,1094"/>
                <Baseline points="1320,1122 1358,1122 1396,1124 1434,1124 1472,1124 1510,1124 1548,1125 1586,1125 1624,1125 1662,1125 1701,1124 1739,1124 1777,1124 1815,1124 1853,1124 1891,1125 1929,1125 1967,1125 2005,1125 2043,1127 2082,1127"/>
                <TextEquiv>
                    <Unicode>diante modo necessitatis: quia si creat iam altera pars et</Unicode>
                </TextEquiv>
            </TextLine>
            <TextLine id="r2l52" custom="readingOrder {index:24;}">
                <Coords points="1311,1167 2089,1170 2057,1131 1311,1137"/>
                <Baseline points="1316,1160 1354,1160 1392,1160 1431,1160 1469,1160 1508,1160 1546,1160 1584,1161 1623,1161 1661,1161 1700,1161 1738,1161 1776,1161 1815,1161 1853,1161 1892,1161 1930,1161 1968,1161 2007,1163 2045,1163 2084,1163"/>
                <TextEquiv>
                    <Unicode>competit: si non creat: ei etiam altera pars competit: non so¬</Unicode>
                </TextEquiv>
            </TextLine>
            <TextLine id="r2l54" custom="readingOrder {index:25;}">
                <Coords points="1309,1203 2093,1214 2093,1170 1309,1167"/>
                <Baseline points="1314,1196 1352,1197 1391,1197 1430,1197 1468,1197 1507,1197 1546,1199 1584,1199 1623,1199 1662,1199 1701,1199 1739,1199 1778,1199 1817,1199 1855,1199 1894,1199 1933,1199 1971,1199 2010,1199 2049,1199 2088,1199"/>
                <TextEquiv>
                    <Unicode>lum inter propositiones contradictorias non est dare me¬</Unicode>
                </TextEquiv>
            </TextLine>
            <TextLine id="r2l56" custom="readingOrder {index:26;}">
                <Coords points="1311,1247 2086,1253 2086,1218 2057,1208 1311,1204"/>
                <Baseline points="1316,1233 1354,1234 1392,1235 1430,1235 1469,1235 1507,1235 1545,1235 1583,1235 1622,1235 1660,1235 1698,1235 1736,1235 1775,1235 1813,1235 1851,1235 1889,1236 1928,1236 1966,1236 2004,1236 2042,1236 2081,1236"/>
                <TextEquiv>
                    <Unicode>dium: sed nec etiam inter terminos contradictorios respe¬</Unicode>
                </TextEquiv>
            </TextLine>
            <TextLine id="r2l58" custom="readingOrder {index:27;}">
                <Coords points="1312,1283 2086,1284 2086,1253 2023,1244 1312,1247"/>
                <Baseline points="1317,1271 1355,1271 1393,1271 1431,1272 1469,1272 1508,1272 1546,1272 1584,1272 1622,1272 1660,1272 1699,1272 1737,1272 1775,1272 1813,1272 1851,1272 1890,1272 1928,1272 1966,1274 2004,1274 2042,1274 2081,1275"/>
                <TextEquiv>
                    <Unicode>ctu subiecti cui de necessitate conueniunt. ⁋ Sed dices:</Unicode>
                </TextEquiv>
            </TextLine>
            <TextLine id="r2l60" custom="readingOrder {index:28;}">
                <Coords points="1315,1314 2084,1324 2084,1284 1315,1285"/>
                <Baseline points="1320,1307 1359,1307 1399,1308 1439,1308 1479,1308 1519,1308 1559,1308 1599,1308 1639,1308 1679,1308 1719,1308 1759,1308 1799,1310 1839,1310 1879,1310 1919,1310 1959,1310 1999,1311 2039,1311 2079,1313"/>
                <TextEquiv>
                    <Unicode>non creans numque conuenit deo mediante tali copula: nec</Unicode>
                </TextEquiv>
            </TextLine>
            <TextLine id="r2l62" custom="readingOrder {index:29;}">
                <Coords points="1315,1352 2087,1356 2087,1326 2058,1319 1315,1318"/>
                <Baseline points="1320,1344 1358,1344 1396,1344 1434,1344 1472,1344 1510,1344 1548,1344 1586,1346 1624,1346 1662,1346 1701,1346 1739,1346 1777,1347 1815,1347 1853,1347 1891,1347 1929,1347 1967,1349 2005,1349 2043,1349 2082,1349"/>
                <TextEquiv>
                    <Unicode>creans ei competit: ergo illud disiunctum non semper competit sub¬</Unicode>
                </TextEquiv>
            </TextLine>
            <TextLine id="r2l64" custom="readingOrder {index:30;}">
                <Coords points="1305,1393 2092,1399 2092,1353 1305,1353"/>
                <Baseline points="1310,1382 1348,1382 1387,1382 1426,1382 1465,1382 1504,1383 1543,1383 1581,1383 1620,1383 1659,1383 1698,1383 1737,1383 1776,1383 1815,1383 1853,1384 1892,1385 1931,1385 1970,1385 2009,1385 2048,1386 2087,1386"/>
                <TextEquiv>
                    <Unicode>iecto. Non creans ibi non supponit: probatur per regulam</Unicode>
                </TextEquiv>
            </TextLine>
            <TextLine id="r2l66" custom="readingOrder {index:31;}">
                <Coords points="1315,1434 2086,1436 2083,1398 1315,1390"/>
                <Baseline points="1320,1418 1358,1418 1396,1419 1434,1419 1472,1419 1510,1419 1548,1419 1586,1419 1624,1419 1662,1419 1700,1419 1738,1419 1776,1419 1814,1419 1852,1421 1890,1421 1928,1421 1966,1422 2004,1422 2042,1424 2081,1425"/>
                <TextEquiv>
                    <Unicode>logicalem. terminus finitus et infinitus numque supponunt pro</Unicode>
                </TextEquiv>
            </TextLine>
            <TextLine id="line_1595377383618_1567" custom="readingOrder {index:32;}">
                <Coords points="1312,1472 2109,1472 2093,1430 1312,1435"/>
                <Baseline points="1317,1454 1365,1455 1413,1455 1461,1455 1509,1455 1557,1455 1605,1455 1653,1457 1701,1457 1749,1457 1797,1457 1845,1458 1893,1458 1941,1458 1989,1458 2037,1458 2085,1460 2104,1460"/>
                <TextEquiv>
                    <Unicode>eodem mediante eadem copula. ⁋ Scio illam regulam ab ali</Unicode>
                </TextEquiv>
            </TextLine>
            <TextLine id="r2l70" custom="readingOrder {index:33;}">
                <Coords points="1324,1508 2089,1507 2088,1471 2031,1466 1324,1468"/>
                <Baseline points="1329,1493 1366,1493 1404,1493 1442,1493 1480,1493 1517,1493 1555,1493 1593,1493 1631,1494 1668,1494 1706,1494 1744,1496 1782,1496 1819,1496 1857,1496 1895,1497 1933,1497 1970,1497 2008,1497 2046,1497 2084,1497"/>
                <TextEquiv>
                    <Unicode>quibus logicis seruatam: sed non est mihi regula. a pluri¬</Unicode>
                </TextEquiv>
            </TextLine>
            <TextLine id="r2l72" custom="readingOrder {index:34;}">
                <Coords points="1314,1536 2090,1554 2081,1506 1314,1500"/>
                <Baseline points="1319,1527 1357,1529 1395,1530 1433,1530 1472,1530 1510,1532 1548,1532 1587,1532 1625,1532 1663,1532 1702,1532 1740,1532 1778,1532 1816,1532 1855,1532 1893,1532 1931,1533 1970,1533 2008,1533 2046,1535 2085,1535"/>
                <TextEquiv>
                    <Unicode>bus negatur in extrinsecis temporibus et modalibus et sic il</Unicode>
                </TextEquiv>
            </TextLine>
            <TextLine id="r2l74" custom="readingOrder {index:35;}">
                <Coords points="1312,1573 2089,1580 2089,1554 2040,1541 1313,1536"/>
                <Baseline points="1317,1565 1355,1566 1393,1566 1432,1568 1470,1568 1508,1568 1547,1568 1585,1569 1623,1569 1662,1569 1700,1569 1738,1569 1777,1569 1815,1569 1853,1569 1892,1569 1930,1569 1968,1570 2007,1571 2045,1572 2084,1572"/>
                <TextEquiv>
                    <Unicode>lam nego: et transeat quod nulla pars illius disiuncti compe¬</Unicode>
                </TextEquiv>
            </TextLine>
            <TextLine id="r2l76" custom="readingOrder {index:36;}">
                <Coords points="1315,1613 2086,1619 2077,1578 1315,1573"/>
                <Baseline points="1320,1604 1358,1604 1396,1605 1434,1605 1472,1605 1510,1605 1548,1605 1586,1605 1624,1605 1662,1605 1700,1605 1738,1605 1776,1605 1814,1607 1852,1607 1890,1607 1928,1608 1966,1608 2004,1608 2042,1610 2081,1611"/>
                <TextEquiv>
                    <Unicode>tat subiecto mediante tali copula: sufficit quod totum disiun</Unicode>
                </TextEquiv>
            </TextLine>
            <TextLine id="r2l78" custom="readingOrder {index:37;}">
                <Coords points="1318,1655 2092,1662 2092,1624 2040,1616 1318,1610"/>
                <Baseline points="1323,1640 1361,1641 1399,1642 1437,1643 1475,1643 1514,1643 1552,1644 1590,1644 1628,1644 1666,1644 1705,1643 1743,1643 1781,1643 1819,1643 1857,1643 1896,1644 1934,1644 1972,1644 2010,1646 2048,1647 2087,1649"/>
                <TextEquiv>
                    <Unicode>ctum conueniat mediante tali copula: nisi dicas quod in hac</Unicode>
                </TextEquiv>
            </TextLine>
            <TextLine id="r2l80" custom="readingOrder {index:38;}">
                <Coords points="1318,1688 2090,1703 2079,1655 1318,1655"/>
                <Baseline points="1323,1679 1361,1679 1399,1680 1437,1680 1475,1680 1513,1681 1551,1682 1589,1682 1627,1682 1665,1682 1704,1680 1742,1680 1780,1680 1818,1680 1856,1680 1894,1682 1932,1682 1970,1682 2008,1682 2046,1683 2085,1685"/>
                <TextEquiv>
                    <Unicode>deus neccssario est non creans oportet reflectere necesse</Unicode>
                </TextEquiv>
            </TextLine>
            <TextLine id="r2l82" custom="readingOrder {index:39;}">
                <Coords points="1311,1725 2092,1736 2092,1703 2008,1688 1311,1685"/>
                <Baseline points="1316,1716 1354,1716 1393,1716 1431,1716 1470,1716 1508,1716 1547,1716 1585,1716 1624,1716 1662,1716 1701,1718 1740,1718 1778,1718 1817,1718 1855,1718 1894,1718 1932,1718 1971,1719 2009,1719 2048,1719 2087,1721"/>
                <TextEquiv>
                    <Unicode>vt deus necessario est non creans quod necessario est. Vtro¬</Unicode>
                </TextEquiv>
            </TextLine>
            <TextLine id="r2l84" custom="readingOrder {index:40;}">
                <Coords points="1320,1764 2101,1773 2101,1735 1996,1724 1320,1733"/>
                <Baseline points="1325,1755 1363,1755 1402,1754 1440,1754 1479,1754 1517,1754 1556,1754 1594,1754 1633,1754 1671,1754 1710,1754 1749,1754 1787,1754 1826,1754 1864,1754 1903,1755 1941,1755 1980,1755 2018,1757 2057,1758 2096,1758"/>
                <TextEquiv>
                    <Unicode>bique tenemus disiunctum contradictoriorum conuerti cum ente.</Unicode>
                </TextEquiv>
            </TextLine>
            <TextLine id="line_1595377355049_1554" custom="readingOrder {index:41;}">
                <Coords points="1318,1799 2083,1807 2063,1761 1318,1764"/>
                <Baseline points="1323,1794 1356,1794 1371,1790 1406,1791 1441,1791 1477,1791 1512,1791 1547,1791 1583,1791 1618,1791 1653,1791 1689,1791 1724,1791 1759,1791 1795,1791 1830,1791 1865,1791 1901,1791 1936,1791 1971,1792 2007,1793 2042,1793 2078,1794"/>
                <TextEquiv>
                    <Unicode>⁋ Secundo arguitur: omnis persona diuina persona diuina co¬</Unicode>
                </TextEquiv>
            </TextLine>
            <TextLine id="r2l89" custom="readingOrder {index:42;}">
                <Coords points="1312,1840 2089,1839 2089,1810 2057,1799 1312,1803"/>
                <Baseline points="1317,1829 1355,1829 1393,1827 1432,1827 1470,1827 1508,1827 1547,1827 1585,1827 1623,1827 1662,1827 1700,1827 1738,1827 1777,1828 1815,1829 1853,1829 1892,1829 1930,1830 1968,1830 2007,1832 2045,1832 2084,1833"/>
                <TextEquiv>
                    <Unicode>tingenter est: ergo quaelibet persona diuina potest desinere esse: &amp;</Unicode>
                </TextEquiv>
            </TextLine>
            <TextLine id="r2l91" custom="readingOrder {index:43;}">
                <Coords points="1317,1881 1764,1866 2081,1887 2100,1838 1318,1842"/>
                <Baseline points="1322,1866 1360,1866 1399,1865 1437,1865 1476,1865 1515,1865 1553,1865 1592,1865 1630,1865 1669,1865 1708,1865 1746,1865 1785,1865 1823,1866 1862,1866 1901,1866 1939,1866 1978,1868 2016,1868 2055,1868 2094,1868"/>
                <TextEquiv>
                    <Unicode>per consequens est mutabilis secundum tempus. consequentia est nota: et probatur</Unicode>
                </TextEquiv>
            </TextLine>
            <TextLine id="r2l93" custom="readingOrder {index:44;}">
                <Coords points="1317,1918 2086,1915 2056,1873 1317,1880"/>
                <Baseline points="1322,1904 1361,1902 1401,1902 1441,1902 1481,1902 1521,1902 1561,1901 1601,1901 1641,1901 1681,1901 1721,1902 1761,1902 1801,1902 1841,1902 1881,1902 1921,1902 1961,1904 2001,1904 2041,1904 2081,1905"/>
                <TextEquiv>
                    <Unicode>antecedens per exponentes eius: omnis persona diuina perso¬</Unicode>
                </TextEquiv>
            </TextLine>
            <TextLine id="r2l95" custom="readingOrder {index:45;}">
                <Coords points="1314,1954 2098,1958 2098,1919 2063,1912 1314,1915"/>
                <Baseline points="1319,1938 1357,1938 1396,1938 1435,1938 1473,1938 1512,1938 1551,1940 1589,1940 1628,1940 1667,1940 1706,1940 1744,1940 1783,1941 1822,1941 1860,1941 1899,1941 1938,1941 1976,1941 2015,1941 2054,1941 2093,1941"/>
                <TextEquiv>
                    <Unicode>na diuina possibiliter est: et omnis persona diuina perso¬</Unicode>
                </TextEquiv>
            </TextLine>
            <TextLine id="r2l97" custom="readingOrder {index:46;}">
                <Coords points="1320,1988 2099,1985 2077,1950 1321,1955"/>
                <Baseline points="1326,1977 1364,1977 1402,1977 1441,1977 1479,1977 1518,1976 1556,1976 1594,1976 1633,1976 1671,1976 1710,1976 1748,1976 1786,1977 1825,1977 1863,1977 1902,1977 1940,1977 1978,1977 2017,1979 2055,1979 2094,1979"/>
                <TextEquiv>
                    <Unicode>na diuina possibiliter non est. veritas prioris exponen¬</Unicode>
                </TextEquiv>
            </TextLine>
            <TextLine id="r2l99" custom="readingOrder {index:47;}">
                <Coords points="1314,2020 2095,2023 2095,1994 2038,1985 1314,1987"/>
                <Baseline points="1319,2013 1357,2013 1396,2013 1434,2013 1473,2013 1511,2013 1550,2013 1588,2013 1627,2013 1665,2013 1704,2013 1743,2013 1781,2013 1820,2013 1858,2013 1897,2013 1935,2015 1974,2015 2012,2016 2051,2016 2090,2018"/>
                <TextEquiv>
                    <Unicode>tis claret: et secunda patet per suam contradictoriam: persona diuina</Unicode>
                </TextEquiv>
            </TextLine>
            <TextLine id="r2l101" custom="readingOrder {index:48;}">
                <Coords points="1321,2060 2096,2062 2096,2023 1321,2021"/>
                <Baseline points="1326,2051 1364,2051 1402,2051 1440,2049 1479,2049 1517,2049 1555,2049 1593,2049 1632,2049 1670,2051 1708,2051 1746,2051 1785,2051 1823,2051 1861,2052 1899,2052 1938,2052 1976,2052 2014,2054 2052,2054 2091,2054"/>
                <TextEquiv>
                    <Unicode>omnis psona diuina necessario est: quae est falsa. Eodem modo</Unicode>
                </TextEquiv>
            </TextLine>
            <TextLine id="r2l103" custom="readingOrder {index:49;}">
                <Coords points="1318,2102 2090,2101 2090,2060 1318,2060"/>
                <Baseline points="1323,2087 1361,2087 1399,2088 1437,2088 1475,2088 1513,2088 1551,2088 1589,2088 1627,2088 1665,2088 1704,2088 1742,2088 1780,2088 1818,2088 1856,2088 1894,2088 1932,2089 1970,2090 2008,2090 2046,2091 2085,2093"/>
                <TextEquiv>
                    <Unicode>potest argumentari de ista: a persona diuina contigenter est</Unicode>
                </TextEquiv>
            </TextLine>
            <TextLine id="r2l105" custom="readingOrder {index:50;}">
                <Coords points="1320,2138 2096,2142 2096,2100 1320,2102"/>
                <Baseline points="1325,2126 1363,2125 1401,2124 1439,2124 1478,2124 1516,2124 1554,2124 1593,2124 1631,2124 1669,2126 1708,2126 1746,2126 1784,2126 1822,2127 1861,2127 1899,2127 1937,2129 1976,2129 2014,2129 2052,2129 2091,2129"/>
                <TextEquiv>
                    <Unicode>persona diuina: a persona diuina possibiliter est persona di</Unicode>
                </TextEquiv>
            </TextLine>
            <TextLine id="r2l107" custom="readingOrder {index:51;}">
                <Coords points="1305,2172 1994,2180 2087,2171 2087,2136 1305,2142"/>
                <Baseline points="1310,2162 1348,2162 1387,2162 1425,2162 1464,2162 1503,2162 1541,2162 1580,2162 1618,2162 1657,2162 1696,2162 1734,2163 1773,2163 1811,2163 1850,2163 1889,2163 1927,2165 1966,2165 2004,2165 2043,2166 2082,2166"/>
                <TextEquiv>
                    <Unicode>uina: et a persona diuina possibiliter non est persona diui¬</Unicode>
                </TextEquiv>
            </TextLine>
            <TextLine id="r2l109" custom="readingOrder {index:52;}">
                <Coords points="1312,2214 2041,2216 2093,2209 2093,2170 1312,2176"/>
                <Baseline points="1317,2198 1355,2198 1394,2198 1432,2199 1471,2199 1509,2199 1548,2199 1586,2199 1625,2199 1663,2199 1702,2199 1741,2200 1779,2201 1818,2201 1856,2201 1895,2201 1933,2201 1972,2201 2010,2201 2049,2201 2088,2201"/>
                <TextEquiv>
                    <Unicode>na: ponendo quod a sit signum confusiuum confundens disiun¬</Unicode>
                </TextEquiv>
            </TextLine>
            <TextLine id="r2l111" custom="readingOrder {index:53;}">
                <Coords points="1317,2247 2090,2246 2090,2218 1922,2206 1317,2213"/>
                <Baseline points="1322,2235 1360,2235 1398,2235 1436,2235 1474,2235 1512,2235 1550,2237 1589,2237 1627,2237 1665,2237 1703,2237 1741,2237 1779,2238 1817,2238 1856,2238 1894,2238 1932,2238 1970,2238 2008,2237 2046,2237 2085,2237"/>
                <TextEquiv>
                    <Unicode>ctim terminum sequentem. ⁋ Aliqui propter istas expo¬</Unicode>
                </TextEquiv>
            </TextLine>
            <TextLine id="r2l113" custom="readingOrder {index:54;}">
                <Coords points="1317,2283 1924,2297 2095,2279 2095,2256 2035,2246 1317,2250"/>
                <Baseline points="1322,2274 1360,2274 1398,2273 1437,2273 1475,2273 1514,2273 1552,2273 1590,2273 1629,2273 1667,2273 1706,2274 1744,2274 1782,2274 1821,2274 1859,2274 1898,2274 1936,2276 1974,2276 2013,2276 2051,2277 2090,2277"/>
                <TextEquiv>
                    <Unicode>nentes concedunt illas quorum modu reprobaui in primo</Unicode>
                </TextEquiv>
            </TextLine>
            <TextLine id="r2l115" custom="readingOrder {index:55;}">
                <Coords points="1318,2325 2081,2322 2081,2287 1318,2285"/>
                <Baseline points="1323,2309 1360,2309 1398,2310 1435,2310 1473,2310 1511,2310 1548,2311 1586,2312 1624,2312 1661,2312 1699,2312 1737,2312 1774,2313 1812,2313 1850,2313 1887,2313 1925,2313 1963,2313 2000,2313 2038,2312 2076,2312"/>
                <TextEquiv>
                    <Unicode>tractatu summularum. Ad locum illum remitto. oportet da</Unicode>
                </TextEquiv>
            </TextLine>
            <TextLine id="r2l117" custom="readingOrder {index:56;}">
                <Coords points="1312,2355 2028,2364 2089,2357 2090,2323 1313,2322"/>
                <Baseline points="1317,2345 1355,2346 1393,2346 1432,2346 1470,2348 1508,2348 1547,2348 1585,2348 1623,2349 1662,2349 1700,2349 1738,2349 1777,2349 1815,2349 1853,2349 1892,2349 1930,2349 1968,2349 2007,2349 2045,2351 2084,2351"/>
                <TextEquiv>
                    <Unicode>re singulares talium: et non eas exponere vt iacet: si sic</Unicode>
                </TextEquiv>
            </TextLine>
            <TextLine id="r2l119" custom="readingOrder {index:57;}">
                <Coords points="1314,2399 2099,2391 2099,2366 2062,2356 1314,2360"/>
                <Baseline points="1319,2384 1357,2384 1396,2384 1435,2385 1474,2385 1512,2385 1551,2385 1590,2385 1629,2385 1667,2387 1706,2387 1745,2387 1784,2387 1822,2387 1861,2387 1900,2387 1939,2387 1977,2387 2016,2387 2055,2387 2094,2385"/>
                <TextEquiv>
                    <Unicode>opinor tutius esse dicendum: de modalibus in aliis signis</Unicode>
                </TextEquiv>
            </TextLine>
            <TextLine id="r2l121" custom="readingOrder {index:58;}">
                <Coords points="1314,2432 2071,2442 2084,2394 1315,2398"/>
                <Baseline points="1320,2420 1359,2420 1399,2421 1439,2421 1479,2421 1519,2423 1559,2423 1599,2423 1639,2423 1679,2424 1719,2424 1759,2424 1799,2424 1839,2424 1879,2424 1919,2424 1959,2424 1999,2424 2039,2424 2079,2423"/>
                <TextEquiv>
                    <Unicode>exponibilibus dummodo difficultas proueniat ab aliis si</Unicode>
                </TextEquiv>
            </TextLine>
            <TextLine id="r2l123" custom="readingOrder {index:59;}">
                <Coords points="1311,2467 2084,2471 2084,2439 2023,2429 1311,2430"/>
                <Baseline points="1316,2457 1354,2459 1392,2459 1430,2459 1468,2459 1506,2459 1544,2460 1583,2460 1621,2460 1659,2460 1697,2462 1735,2462 1773,2462 1811,2462 1850,2462 1888,2462 1926,2462 1964,2462 2002,2460 2040,2460 2079,2460"/>
                <TextEquiv>
                    <Unicode>gnis vt sortes possibiliter est fortior platone. et sic de</Unicode>
                </TextEquiv>
            </TextLine>
            <TextLine id="r2l125" custom="readingOrder {index:60;}">
                <Coords points="1311,2503 2096,2514 2089,2466 1311,2467"/>
                <Baseline points="1316,2495 1354,2495 1393,2496 1432,2496 1471,2496 1509,2496 1548,2498 1587,2498 1626,2498 1664,2498 1703,2498 1742,2499 1781,2499 1819,2499 1858,2499 1897,2499 1936,2499 1974,2498 2013,2498 2052,2498 2091,2498"/>
                <TextEquiv>
                    <Unicode>hac sortes possibiliter differt a platone. hoc non potest</Unicode>
                </TextEquiv>
            </TextLine>
            <TextLine id="r2l127" custom="readingOrder {index:61;}">
                <Coords points="1315,2549 2095,2547 2095,2515 2027,2504 1315,2503"/>
                <Baseline points="1320,2532 1358,2532 1397,2532 1435,2534 1474,2534 1512,2534 1551,2534 1589,2534 1628,2534 1666,2534 1705,2535 1743,2535 1782,2535 1820,2535 1859,2535 1897,2535 1936,2535 1974,2535 2013,2535 2051,2535 2090,2535"/>
                <TextEquiv>
                    <Unicode>fieri vbi expositio incipit a termino modali. ⁋ Preter¬</Unicode>
                </TextEquiv>
            </TextLine>
            <TextLine id="r2l129" custom="readingOrder {index:62;}">
                <Coords points="1309,2576 2087,2582 2087,2545 2061,2541 1309,2544"/>
                <Baseline points="1314,2570 1352,2570 1390,2570 1429,2570 1467,2571 1506,2571 1544,2571 1582,2571 1621,2571 1659,2571 1698,2571 1736,2571 1774,2571 1813,2571 1851,2571 1890,2573 1928,2573 1966,2573 2005,2573 2043,2573 2082,2573"/>
                <TextEquiv>
                    <Unicode>ea ⁋ Christus incipit esse homo: qua incipit esse ens: ab infe</Unicode>
                </TextEquiv>
            </TextLine>
            <TextLine id="r2l131" custom="readingOrder {index:63;}">
                <Coords points="1315,2620 2053,2626 2084,2616 2084,2580 1315,2585"/>
                <Baseline points="1320,2606 1359,2607 1399,2607 1439,2609 1479,2609 1519,2609 1559,2610 1599,2610 1639,2610 1679,2610 1719,2610 1759,2610 1799,2610 1839,2610 1879,2610 1919,2610 1959,2610 1999,2609 2039,2609 2079,2609"/>
                <TextEquiv>
                    <Unicode>riori ad superius affirmatiue. ⁋ Amplius deus incipit</Unicode>
                </TextEquiv>
            </TextLine>
            <TextLine id="r2l133" custom="readingOrder {index:64;}">
                <Coords points="1311,2650 2084,2661 2085,2617 1312,2620"/>
                <Baseline points="1316,2643 1354,2643 1392,2645 1430,2645 1468,2646 1506,2646 1544,2646 1583,2646 1621,2648 1659,2648 1697,2648 1735,2648 1773,2648 1811,2648 1850,2648 1888,2648 1926,2648 1964,2646 2002,2646 2040,2646 2079,2646"/>
                <TextEquiv>
                    <Unicode>esse in hoc mundo: ergo incipit esse in loco. ⁋ Ad pri¬</Unicode>
                </TextEquiv>
            </TextLine>
            <TextLine id="r2l135" custom="readingOrder {index:65;}">
                <Coords points="1321,2713 2008,2715 2099,2705 2100,2660 1322,2653"/>
                <Baseline points="1326,2679 1364,2681 1402,2683 1441,2684 1479,2685 1518,2685 1556,2687 1594,2687 1633,2687 1671,2687 1710,2687 1748,2687 1786,2687 1825,2687 1863,2687 1902,2687 1940,2687 1978,2687 2017,2687 2055,2687 2094,2687"/>
                <TextEquiv>
                    <Unicode>mum negatur consequentia: quia tacite arguitur negatiue: vt patet per</Unicode>
                </TextEquiv>
            </TextLine>
            <TextEquiv>
                <Unicode>⁋ Sed dices: deus necessario est creans non est impossi-
bilis: immo vera: quam deus non est creans non est contingens. antecedens
patet: quia extrema supponunt pro eodem. et nulla ponitur di¬
stributio. ⁋ Insuper deus necessario est creans vel non
creans: et non necessario est non creans: ergo necessario
est creans. ⁋ Ad primum nego antecedens: quia non suffi
cit ad veritatem extrema supponere pro eodem et potissi¬
mum cum modo vniuersali sicut est necesse: ibi enim neces
sitas denotatur cadere in actum creandi: ita quod de necessi-
tate deus actualiter creet: significatio termini necesse
cadit in connotationem termini creas: sed hanc concedo
deus necessario est creans possibile: ibi enim significatio
de ly necessario non cadit in creationem actualem: sed in crea
tionem possibilem: et licet terminus creans in ista deus neces¬
sario est creans amplietur: dummodo in explicante serues
illud quod denotabatur in principali propositione de creatio
ne actuali nulla erit difficultas. ⁋ Ad secundum concedi¬
tur antecedens in sensu disiuncto: et tamen discursus vlterior quem
facis nihil valet: arguendo cum destructione vnius partis
ad positionem alterius: hoc enim solum tenet in sensu di¬
uiso et non composito: causa autem quare ista est conceden¬
da: deus necessario est creans vel non creans / est: quia illud
disiunctum a parte predicati competit subiecto me¬
diante modo necessitatis: quia si creat iam altera pars et
competit: si non creat: ei etiam altera pars competit: non so¬
lum inter propositiones contradictorias non est dare me¬
dium: sed nec etiam inter terminos contradictorios respe¬
ctu subiecti cui de necessitate conueniunt. ⁋ Sed dices:
non creans numque conuenit deo mediante tali copula: nec
creans ei competit: ergo illud disiunctum non semper competit sub¬
iecto. Non creans ibi non supponit: probatur per regulam
logicalem. terminus finitus et infinitus numque supponunt pro
eodem mediante eadem copula. ⁋ Scio illam regulam ab ali
quibus logicis seruatam: sed non est mihi regula. a pluri¬
bus negatur in extrinsecis temporibus et modalibus et sic il
lam nego: et transeat quod nulla pars illius disiuncti compe¬
tat subiecto mediante tali copula: sufficit quod totum disiun
ctum conueniat mediante tali copula: nisi dicas quod in hac
deus neccssario est non creans oportet reflectere necesse
vt deus necessario est non creans quod necessario est. Vtro¬
bique tenemus disiunctum contradictoriorum conuerti cum ente.
⁋ Secundo arguitur: omnis persona diuina persona diuina co¬
tingenter est: ergo quaelibet persona diuina potest desinere esse: &amp;
per consequens est mutabilis secundum tempus. consequentia est nota: et probatur
antecedens per exponentes eius: omnis persona diuina perso¬
na diuina possibiliter est: et omnis persona diuina perso¬
na diuina possibiliter non est. veritas prioris exponen¬
tis claret: et secunda patet per suam contradictoriam: persona diuina
omnis psona diuina necessario est: quae est falsa. Eodem modo
potest argumentari de ista: a persona diuina contigenter est
persona diuina: a persona diuina possibiliter est persona di
uina: et a persona diuina possibiliter non est persona diui¬
na: ponendo quod a sit signum confusiuum confundens disiun¬
ctim terminum sequentem. ⁋ Aliqui propter istas expo¬
nentes concedunt illas quorum modu reprobaui in primo
tractatu summularum. Ad locum illum remitto. oportet da
re singulares talium: et non eas exponere vt iacet: si sic
opinor tutius esse dicendum: de modalibus in aliis signis
exponibilibus dummodo difficultas proueniat ab aliis si
gnis vt sortes possibiliter est fortior platone. et sic de
hac sortes possibiliter differt a platone. hoc non potest
fieri vbi expositio incipit a termino modali. ⁋ Preter¬
ea ⁋ Christus incipit esse homo: qua incipit esse ens: ab infe
riori ad superius affirmatiue. ⁋ Amplius deus incipit
esse in hoc mundo: ergo incipit esse in loco. ⁋ Ad pri¬
mum negatur consequentia: quia tacite arguitur negatiue: vt patet per</Unicode>
            </TextEquiv>
        </TextRegion>
    </Page>
</PcGts>
