2339 3303
250 198 1033 265 vnam exponentem. christs immediate ante hoc non fuit ho
253 258 1037 302 ergo immediate ante hoc non fuit ens: et sic arguitur
252 296 1037 342 pregnanter negatiue. ⁋ Circa istud consequens est diffi¬
249 334 1034 374 cultas cum ipsum a paucis annis elapsis reproba
247 372 1046 417 batur a nostra facultate: potest esse argumentum in oppo
253 409 1037 450 situm eo quod adiectiua posita a parte praedicati possunt
255 444 1036 487 includere pro substantiuo subiectum vel transcen¬
243 487 1045 529 dens: et cum incipit et incipiens esse equiualeant: eodem
246 525 1034 568 modo iste equiualent christs est incipiens esse christus
246 557 1033 600 et christus est christus incipiens esse. ergo vtraque ea
246 601 1034 646 rum vel altera est vera. sed de hoc in tertio. ⁋ Ad se
246 645 1036 683 cundum loquimur de loco paius existente. ⁋ Pre
250 675 1046 720 terea deus necessario est in instanti: ergo deus in in
249 712 1036 760 stanti necessario est naturaliter loquendo. consequans
246 748 1027 797 est falsum. ergo a antecedens. ⁋ Respondetur: quo
236 790 1034 830 consequentia nihil valet. quia secundum multos non
252 827 1030 870 cesse confundit. et de in esse prime erit deus est in in
246 866 1036 907 stanti que est necessaria. de in esse alterius oportet
244 907 1043 946 capere terminum discretum in hoc vel in illo. cum in¬
243 940 1036 980 stanti stet determinate: quicquid autem sit de prima: se¬
237 980 1033 1021 cunda est falsa. ⁋ Dubitatur an deus ponatur in
243 1015 1033 1062 praedicamento. ⁋ Respondetur quod res ad exta non
243 1048 1033 1099 proprie ponitur in praedicamento: sed dicibile rem
249 1095 1045 1140 significans. Quid obstat terminum deus poni in pre¬
250 1126 1030 1175 dicamento. non requiritur compositio diuersarum ra
249 1167 1030 1212 tionum rei significate per terminum: quia tunc isti ter
246 1211 1044 1253 mini / angelus albedo et celum secundum Commenta
246 1243 1034 1284 torem non ponerentur in praedicamento. neque res co¬
252 1281 1028 1328 gnite more aliorum. ⁋ Potest dici quod terminus deus
253 1326 1047 1366 ponitur in praedicamento substantie. hoc aut non con
249 1361 1031 1398 cludit deum includi limitibus. cum termini actio
249 1393 1055 1440 creatio / conseruatio qui dicuntur de deo ponuntur in pre¬
237 1437 1043 1481 dicamento actionis. Nec obstant auctoritates in
253 1473 1033 1520 troducte a Magistro in litera de beato augustino
237 1510 1043 1552 septimo de trinitate dicente: deum enim abusiue di¬
250 1542 1028 1587 cimus substantiam. Ibi capitur substantia secur
243 1586 1039 1623 dumeius deriuationem. hoc est substare acciden¬
247 1621 1046 1665 ti: non excludendo substantiam praedicamentalem.
252 1661 1031 1703 hoc patet per verba eius quinto de trinitate capi
249 1699 1039 1743 secundo allegata a Magistro. intelligam inquit deum si
237 1737 1024 1784 ne qualitate bonum. hoc est deus est bonus non sub
252 1775 1031 1820 stantia per qualitatem inherentem sine dubitatione
255 1815 1033 1854 vel melius hoc appellatur essentia: quam greci vsiam
253 1854 1033 1897 vocant. alie inquit essentie vel substantie capiunt
252 1889 1039 1929 accidentia: quod in eis fiant vel magna vel quan
243 1927 1028 1968 tacunque mutatio: et tunc dicendum est quod de ratione
250 1964 1034 2008 vniuersalis non est quod dicatur de his coniuncti paiciter de quibus
259 2001 1027 2043 diuisim singulitr dicitur. Et istud videtur conforme menti be¬
252 2040 1037 2080 ti Augustini. v. de trinitate capitulis octauo a de
252 2077 1031 2125 cimo. vbi deit aliquae praedicamenta proprie dici dedeo: ali¬
267 2115 1040 2159 qua transtatiue. Potest adduci dictum eiusdem sermone.
258 2150 1039 2197 iii. dominice infra octauam epiphanie qui intitulatur de tri
258 2188 1039 2232 nitate et colunba: in quo sic inquit. Decem sunt genera lo¬
259 2232 1033 2272 cutionis: quibus homines suos sensus solent inter se con
252 2264 1036 2315 ferre. non de illis dico quas grammatici partes orationis
256 2307 1034 2355 vocant: sed de illis quos philosophi grece catego¬
256 2344 1031 2392 rias: latine praedicamenta appellare solent. de hic sir
259 2384 1042 2421 gula praedicamenta nonat et postea subiungit. his oi¬
261 2420 1030 2463 bus modis solet sancta scriptura de deo loqui sed ali
267 2458 1033 2498 proprie: aliter transiatiue: alr relatiue. proprie deus dicitu
262 2496 1045 2536 substantia vna. Et etiam ad idem videtur facere dictum
262 2533 1037 2581 eiusdem in sua dialectica ad filium Adeodatum: cum inquit
258 2567 1039 2613 in cap. de vsia. Ipa autem vsia genus non habet: cum omnia ipsa
260 2604 1036 2658 sustineat. ⁋ Si placeat alicui excludere terminum
255 2642 1045 2705 deus a praedicamento substantie: addatur illa particula non
1122 207 1913 269 propter aliquam rationem. quia secundum aristotelemet commentatorem
1122 263 1909 303 non est neganda vniuersalitas ab isto termino deus.
1112 301 1914 350 Incassum est facere hic difficultatem an terminus deus
1120 341 1906 392 ponatur in praedicameto palus quam an ponatur in libro scripto
1119 379 1916 448 ⁋ Eademque sola proprie ac vere simplex est:
1123 449 1899 505 vbi nec partium nec accipientium nec quarumlib.
1216 495 1826 536 ⁋ Distinctionis octaue questio tertia¬
1306 520 1915 579 se eterea tertio inquiramus: an deus est
1297 567 1903 618 spiritus simplex et impartibilis. ⁋ Iuxta
1300 606 1897 653 quaesita in hac octaua distinctione cap. iiii
1291 641 1901 695 et sequantibus a Magistro capitur multiph¬
1245 656 1909 728 riam sperius. Alionm sumitur pro vento et fiatu
1113 724 1900 770 aeris. interdum a medicis pro corpore quodam subtilis¬
1104 759 1898 808 simo: per quod fit pulsus in homine. vel pro quadam virtu
1111 795 1910 841 te vitali vel animali ortum habente a corde vel a cere
1104 832 1898 881 bro: per quem fit motus et sensus pulsus et anhelitus
1104 870 1902 921 Aliquando anima dicitur speriuns. et sic anima bruti dicitur spiri¬
1105 910 1894 956 tus. et per consequens substantia spiuealis. sed quia spiritus
1101 940 1901 987 hoc modo est res extensa habens partes loco a situ di
1117 986 1910 1026 stinctas: ideo ponebatur in titulo questionis impartibi¬
1107 1020 1906 1065 lis. ⁋ Respondetur per conclusiones sequentes. ⁋ Pri
1113 1060 1894 1101 ma est: deus est impartibilis substantia. hanc conclusio
1107 1101 1894 1142 nem multiplici patrum testimonio Magister in liter
1108 1137 1907 1184 roborat. ⁋ Insuper quintodecimo d trinitate capiti
1111 1174 1896 1226 bus quarto a quinto dicit Aug. incorporalia praefe¬
1107 1212 1903 1260 runtur corporalibus. ⁋ Insuper inferius patebit deum
1113 1249 1894 1300 esse vbique: nullum corpus est vbique. igitur. ⁋ Secunda conclusio
1110 1286 1894 1329 potest multum probabiliter probari in lumine natura¬
1108 1326 1898 1365 li quod deus est substantia immaterialis et impartibilis:
1113 1364 1902 1413 ⁋ Probatur hoc optime. naturalitur loquantes posue¬
1117 1402 1897 1448 runt: et non dixerunt illud gratis: quin aliquibus ratio
1111 1436 1885 1484 nibus ad hoc essent moti. Unde aristoteles octauo phi
1107 1474 1904 1519 sicorutum. primum inquit mouens necesse est esse impartibi¬
1101 1518 1897 1556 le: nec hatre magnitudinem. hoc ipsum dicit duodecimo
1107 1550 1909 1594 metaphysice. oensum est inquit quaniam non conuenit substam
1114 1589 1900 1638 tiam hanc habere vllam magnitudinem: sed est sine per
1107 1626 1901 1670 te et indiuisibilis. ⁋ hoc aristoteles ex via motus
1108 1664 1898 1710 probare conatur tripliciter. Primo ex infinita potem
1114 1706 1898 1746 tia primi motoris. ⁋ Secundo ex praepetuitate motus cele
1107 1739 1891 1785 stis. Tertio ex immobilitate primi motoris. ⁋ Qua
1103 1784 1898 1826 tum ad primum octauo physicorum sic argumentatur. Si
1116 1818 1895 1871 virtus primi motoris est corporea et extensa. igitur
1114 1851 1891 1900 aut est in magnitudine finita vel infinita. non secundum
1108 1894 1891 1938 qui talis magnitudo non est. non primum: quia in magnitu¬
1107 1931 1900 1976 dine finita non est vertus infinita extesa. talis enim vertus est
1111 1969 1888 2017 maior secundum extensionem: et secundum efficientiam
1105 2007 1888 2057 causandi in maiore parte: et per consequens si est infinita erit
1111 2045 1892 2097 in magnitudine infinita. ⁋ Quid autem virtus primi mo
1108 2082 1884 2136 toris sit infinita probauit paiuo per hoc quod mouet tem
1101 2127 1889 2173 pore infinito. ⁋ hec ratio philosophi non demonstrat
1107 2163 1883 2203 propositum licet subtiliter disputet primo de celo ter
1111 2202 1888 2246 tio physicorum: quod non detur magnitudo infinita. ratio¬
1108 2239 1882 2282 nes eius non concludunt vt post in distinctione quaedra
1116 2273 1897 2321 gesima quarta patebit. Et quod amplius est) probat
1115 2317 1894 2359 gnotum per ignotius. multo enim difficilius est ei proba
1104 2357 1886 2400 re in lumine naturali virtutem primi motoris esse infi¬
1107 2387 1897 2432 nitam in perfectione et vigore: quam ipsam esse extensam et in
1116 2425 1901 2474 copoream. Quod talis infinitas non concludatur ex praepetui
1110 2462 1885 2509 tate motus: in materia de infinito patebit. ⁋ Secund
1107 2501 1885 2545 arguit exppetuitate motus celestis octauo physico
1107 2539 1891 2582 rum sic: nulla virtus corporea et extensa mouet in tem
1107 2580 1898 2625 pore infinito ex se. sed vrtus primi motoris mouet ex
1107 2619 1886 2657 se tempore infinito: igitur. maior probatur. quia si a virtus
1105 2656 1892 2704 extensa moueat tempore infinito. b. igitur c certa
