2332 3300
225 210 1022 256 trinitate. ca xxv. contra Maximinum. quod est ei imposi
243 257 1015 297 sibile illud explicare. Et Io. Damascenus. libr
237 290 1027 339 primo. de orthodoxa fide. ca. x. sic dicit. filius vero
233 329 1018 372 a patre nascibiliter. speius autem non nascibiliter: sed
231 368 1019 414 processibiliter. Et mox sequitur. generationis et proce
234 401 1025 446 sionis differentiam esse didicimus. At quis differen¬
229 440 1018 483 tie modus: nequaquam. Meatus Augustinus xv. d¬
232 478 1022 526 trinitate. ca. xvii. et Ansel. mono. lv. hoc insequen¬
237 515 1016 559 tes dant hoc discrimen. quando filius est ab vno tantum
237 553 1017 603 spiritussanctus autema duobus. filius autem nullus potest
231 588 1015 637 esse duorum: nisi vnus sit pater. et alter mater. quod
226 628 1016 670 trinitate imaginari absurdissimum est. ⁋ Ista ratio
237 664 1012 713 egre est sufficiens: quia vbi productum eodem modo p¬
226 703 1018 752 nitus est a duobus: nec aliter ab vno quam ab altero
228 741 1024 785 nec ab ambobus quam ab altero tantum: ibi productio ex hoc
231 779 1016 833 precise quod est a duobus non videtur minus debere dic
221 818 1016 864 generatio quam ab vno tantum et ceteris simul concurren¬
234 857 1025 902 tibus. vnitas enim et pluralitas producentium non va¬
231 892 1022 938 riat rationem productionis. Quod patet: productio enim
238 930 1022 980 vnius ignis a duobus non minus diceretur generatio: quam
225 971 1031 1015 productio vnius ab vno. spunssanctus autem quaeuis sit a
229 1006 1021 1052 duobus: eodem tamen modo penitus est ab vtroque:
232 1043 1027 1090 vt superius dictum est. ⁋ Et ex hoc patet: quod non sequi
226 1081 1028 1125 tur si spiritussanctus esset filius duorum: quod esset vnius
219 1120 1028 1159 tanquam patris: et alterius velut matris: cum filius non
232 1162 1025 1205 sit vniformiter ex patrea matre. Alioquin non esset
230 1197 1019 1241 vnus pater a mater potius quam alter: vel econuerso
231 1232 1028 1282 Et istud potest roborari: quia si idem semen numero es
234 1270 1019 1316 set in duobus hominibus / ex quo debeat generari pro¬
238 1308 1016 1357 les vterque illorum generantium esset pater. Potes pro
231 1346 1018 1397 bto Augustino dicere quod licet istud verum habeat
241 1384 1025 1432 creaturis: tamen verum non habet in diuinis. ⁋ Alii va¬
232 1425 1024 1469 dunt ad principium quod et principium quo. Sed hec
246 1462 1016 1508 principia hactenus respuimus. Meatus Augu.
246 1501 1025 1545 stinus dat alium modum. v. de trinitate. ca. xiiii. ex
238 1540 1021 1587 diuersitate modi procedendi: quorum vnus procedit
236 1577 1024 1622 quomodo natus alter quomodo datus. sed cum illud
243 1618 1028 1658 non declaretur quomodo spiritussanctus non proce¬
244 1656 1022 1696 dat quomodo natus: manet res caliginosa. ⁋ Fra
238 1695 1024 1733 ter Sregorus de Arimino. dicit quod non est ei possibi
246 1731 1039 1771 le intelligere hanc materiam: licet confiteatur se cre
238 1769 1034 1808 dere. Quam responsionem quidam doctor posterior di¬
246 1803 1027 1850 cit esse scandalosam: vere enim turpe est theologo
249 1846 1030 1887 materiam tractanti nihil penitus discriminis da¬
245 1880 1024 1923 re. Sed iste doctor posterior dicit quod explicatio fic
241 1917 1024 1961 ri non potest nisi per hoc quod generatio est ab vno tan¬
240 1955 1030 2001 tum: spiratio autem a duobus. ⁋ Item filius est ab
241 1993 1031 2035 vno solo a non spiritussanctus: et spiritussanctus est
246 2031 1025 2072 a duobus: quorum vnus scilicet pater dat alteri puta fi¬
250 2069 1027 2114 lio: quod spiritussanctus procedat ab eo. sic etiam potest
241 2107 1030 2147 explicari quomodo spiritussanctus procedit vt da¬
240 2149 1025 2186 tus: sed non vt natus. Sed hic doctor imponit ter¬
248 2184 1034 2228 minos ad placitum: et videtur petere principium in re
247 2216 1033 2264 sipsa. ⁋ Dicetur itaque quod generatio proprie capiendo (vt
234 2260 1040 2304 dicatur respectu filii) est productio non de nihilo ali¬
253 2295 1043 2337 cuius viuentis cognoscentis ab aliquo eiusdem na¬
258 2335 1027 2378 ture numero vel specie siue res habeat esse post non
253 2369 1023 2414 esse: siue semper habeat esse: sic scilicet quod res producta
264 2411 1025 2456 quando est generatio vniuoca potest sic facere in pro
261 2447 1028 2489 ductione sicut res generans. Ponitur non de nihi¬
267 2486 1024 2527 lo / ad secludendam creationem quae non est prorie gen¬
256 2527 1025 2568 ratio. Doaiter viuentis et cognoscentis: quia sola ho ge¬
273 2562 1024 2608 nerant hominem secundo Physicorum. sed homo non est fili
271 2602 1022 2647 solis: nec sol eius pater. quia sol non viuit nec cogn
251 2635 1036 2702 scit. Ultima particusa separat spiritumsanctum qui non
1099 200 1892 264 generatur. palam est quod est productio vniuoca in per¬
1096 253 1887 302 sonis diuinis: nulla persona in diuinis est alia perfe
1096 290 1873 330 ctior: sed sunt eadem res: non modo specie: sed nume
1104 328 1889 369 ro. illa que assimilantur patribus propriissime vocantur
1102 364 1889 410 filii. potere a Philosophus quarta particula proble¬
1092 403 1882 442 matum problemate. xiii. causam reddit: quare ver¬
1098 439 1891 487 mis genitus ex nobis: vel aliud animal: ex nostris hu¬
1102 477 1896 523 moribus vel carne non vocetur filius noster: et tamen
1098 516 1889 555 sortes vel plato vocatur filius. prpoterea dicit Commen
1095 554 1891 596 tator ibide cum filius multum patri assimilatur: dici¬
1095 590 1886 633 mus prouerbialiter sic ei similatur: ac si eum spuisset.
1089 630 1880 667 et sic mulus vel mula secundum modum illum non vocal
1093 667 1889 707 filius asini et eque: sed satis bene apud diffinitionem
1090 706 1886 751 quam damus. Diximus in productione vniuoca / ad se
1090 743 1889 788 cludendas mulas a mulos: quos filios reputamus.
1092 780 1892 820 semper vtrobique res producens et producta sunt eiusdem
1098 818 1891 865 speciei in creaturis: si res producens potest produce¬
1089 856 1885 901 re aliquid: res producta potest simile producere: vel
1089 890 1888 935 ei non repugnat: si non proueniat impedimentum ac
1089 931 1882 971 cidentale. patet inducendo in singulis. modo filius i
1089 966 1884 1021 diuinis maxime patriassimilatur. sicut pater producit
1093 1006 1883 1044 filium: sic filius producit spiritumsanctum. et in hoc
1092 1042 1885 1090 patri assimilatur producendo personam eiusdem peri
1095 1081 1885 1119 fectionis secum: sicut pater a filius. Adieci in ge¬
1095 1119 1891 1160 neratione vniuoca. Aristoteles enim putabat mu¬
1095 1155 1889 1205 los generare nequire: quorum asini sunt patres apud
1093 1194 1889 1234 loquentes. nisi aliunde fiat orbatio accidentaria
1090 1233 1884 1280 propter frigidos a huiusmodi. Et nephas est hoc
1102 1269 1885 1313 spunisancto attribuere. Placet Theophrasto es
1098 1308 1883 1354 plerisque aliis quod muli generent: et ita frequenter (vt
1096 1345 1883 1389 aiunt) in asia compertum est. et sic quodlibet viuum
1095 1386 1888 1433 productum a viuente cognoscente iterum generare
1095 1421 1891 1468 potest: et sic quoquo versum potest iterum generare
1089 1461 1894 1505 quia tale apud loquentes cui hoc non conueniret
1089 1495 1889 1545 non vocatur filius vel pater: siue fuerit generatio
1096 1534 1462 1583 vniuoca siue equiuoca.
1109 1611 1882 1683 ⁋ Preterea diligenter annotaudum est: quod
1094 1675 1891 1728 gemina est processio spiritussancti: eterna.
1137 1718 1831 1791 ⁋ Distinctionum. xiiii. xv. xvi. questio vnica.
1326 1763 1888 1818 Irca hanc quartandecimam distin
1325 1809 1892 1846 ctionem et duas sequentes: Queritur
1322 1844 1888 1897 vtrum spirituisancto competant du¬
1336 1882 1895 1930 plex processio. ⁋ Respondetur affir¬
1333 1922 1879 1971 matiue. Probatio vna est eterna
1300 1932 1892 2012 ⁋a de qua supra dictum est) per quam spi¬
1099 1996 1865 2036 ritussanctus eternaliter procedit a patre e filio.
1104 2031 1882 2081 Alia est temporalis: qua creaturis datur. ⁋ Spiri
1107 2069 1893 2117 tussanctus multiphariam visibiliter apparuit: vtpo
1105 2104 1885 2148 te in specie columbe super Christum baptizatum in
1095 2146 1912 2197 Iordane. Matthei. iii. in specie nubis lucide. in
1101 2188 1895 2225 transfiguratione. Matthei. xvii. in specie flatus
1095 2221 1892 2271 sufflante Christo post resurrectionem: et dicente.
1113 2258 1887 2305 Accipite spiritumsanctum: quorum remiseritis pec⁋
1107 2293 1882 2340 cata et cetera. Io. xx. in specie ignis siue in linguis
1100 2339 1889 2385 igneis. Actuu. ii. ⁋ Secunda conclusio. spiritus
1101 2375 1901 2419 sanctus a se mittitur. patet: quia est deus: et diuina¬
1104 2412 1883 2459 essentia. modo opera trinitatis ad extra sunt indi¬
1096 2449 1895 2491 uisa. ⁋ Tertiam conclusio. licet patri non conueni¬
1102 2484 1892 2526 at mitti: et spirituisancto e filio conueniat. non ta¬
1107 2522 1892 2564 men propterea pater est maior aliis personis. pri¬
1096 2566 1889 2604 or pars patet: quia pater a nullo est: ergo non con¬
1104 2595 1896 2641 uenit ei quod mittatur. ⁋ Secunda pars patet: que¬
1105 2637 1903 2691 libet per sona in diuinis est deus: ergo est per fonarum
