2358 3287
457 206 1237 257 ritas nihil est contra nos: per frigidum intelligitur ille
454 254 1226 299 qui timet peccare formidine pene: per tepidum ocio¬
450 287 1226 333 sum. ⁋ Ad aliud negatur id esse ablonu. None enim
451 324 1228 368 deus concurrit cum caula secunda qualibet: et tamen interdum in
454 364 1223 406 creatione expectat dispositionem cause secunde: vt in crea
451 399 1224 446 tione anime intellectiue post materiam dispositam in matter
450 437 1225 473 ce. ⁋ Circa hanc questionem dubitatur vtrum omnis actus
443 473 1225 524 elicitus a gratia sit meritorius vite eterne. ⁋ Respo¬
447 510 1232 556 detur affirmatiue. Probatur per communem modum loquem
457 543 1226 589 di in theologia. ⁋ Et confirmatur si hoc non esset ve¬
451 583 1231 630 rum: maxime instaretur de actu ipsius reprobi: sed ibi
456 625 1230 667 non est instandum. stat quod eliciat actum elicitum a gratia
444 658 1223 694 cum maiori conatu circa ita bonum obiectum sicut facit il¬
450 690 1220 735 le electus: sed constat quod electus meretur vitam eternam
445 729 1229 777 ergo e reprobus. ⁋ Preterea si non mereretur vitam
445 774 1236 816 eternam hoc ideo esset quia non habebit vitam eternam.
451 802 1221 853 ⁋ hoc autem non valet: quia batuns Petrus in negatione de¬
452 843 1229 889 meruit vitam etrnam: et betam Magdalena in suis operi
457 875 1224 928 bus mortalibus: et tamen isti non habuerunt vitam eternam:
449 912 1227 964 ⁋ Similiter si rex statuat quod aliquis propter a actum
447 953 1222 1002 mereatur b premium infra vnum annum vel mensem: si ta¬
457 984 1231 1037 lis incurrat crimem maiestatis lese perdit priora meri
447 1023 1219 1071 ta: nec habebit premium. ⁋ Sed contra hanc conclusio
453 1063 1220 1108 nem arguitur sic: iste simpliciter et absolute meruit pre
444 1099 1223 1142 mium vite eterne: ergo simpliciter et absolute ipsi red¬
453 1132 1228 1192 detur premium vite eterne: deus enim reddit vnicuique
444 1174 1223 1221 secundum merita sua: sed si iste non habeat vitam eternam: non
440 1215 1217 1255 premiabitur premio secundum meritum suum. Non valet d
451 1251 1228 1292 cere: nunc meretur vitam eternam: sed nunquam meruit vitam
448 1281 1226 1335 eternam: sicut hericus it romam: sed nunquam iuit romam:
450 1321 1219 1369 nisi attingat romam. ⁋ hoc enim non valet si illa de prae
442 1356 1220 1408 senti sit vera post lapsum temporis metitur veritatem pro¬
442 1395 1226 1445 positionis de praeterito. ⁋ Insuper susceptio sacramen¬
448 1434 1219 1483 ti non est homini reprobo opus meritorium vite eterne
448 1466 1220 1519 ergo nec aliqua alia eius operatio. Atecedens patet per Ma¬
448 1509 1223 1550 gistrum sententiarum. iiii. sente. di. iiii. ca. prio recitantem
447 1544 1221 1592 dicta beati Aug. quod sacramenta in solis electis efficiunt
438 1579 1224 1632 quod figurant. ⁋ Ad primum negatur consequentia nisi in consequen
448 1619 1227 1666 te apponatur / nisi impediat remunerationem culpabi¬
444 1652 1219 1698 liter et perdat merita sua sine recuperatione: nec hoc
451 1691 1224 1743 est contra legem mie vel iustitie. Sed dictum est in. iiii. di.
441 1732 1215 1776 xv. quiu. prima: quid habebit pro actibus suis meritoriis
445 1767 1217 1809 ⁋ Ad aliud negatur antecedens. et ad probationem. non est illud
449 1800 1220 1853 intelligendum quin vere et realiter recipiant gratiam pe
447 1844 1215 1892 quam sunt sub merito vite eterne: sed intelligitur quod pe
455 1878 1217 1926 illam non consequentur de facto vitam eternam: quia cadent a
454 1916 1215 1963 gratia et merito. ⁋ Secundo principaliter arguitur: quod
445 1955 1217 2002 non conuenit alicui nisi sub certa conditione a hypothe
439 1992 1213 2036 si / si conditio simpliciter non stat: illud simpliciter et ab
450 2024 1225 2072 solute non conuenit illi: sed isti reprobo existenti in gra
448 2062 1208 2107 tia non conuenit mereri vitam eternam nisi sub conditi
454 2097 1223 2143 ne et hypothesi perseuerantie finalis: et cum exclusione
457 2136 1224 2188 inalis impenitetie. ⁋ Preterea deus nullos repro
447 2171 1219 2223 bos potest saluare: igitur nullus reprobus potest me¬
450 2213 1222 2254 reri vitam eternam: ex opposito enim sequitur oppositum:
444 2253 1220 2296 antecedens enim est verum in sensu composito. ergo con
444 2282 1216 2328 sequens erit verum in eodem sensu. ⁋ Ad primum
455 2327 1223 2372 negatur minor: immo simpliciter et absolute meruit
450 2362 1216 2408 vitam eternam. ⁋ Ad aliud. antecedens est falsum
456 2400 1213 2439 in sensu diuiso: et sic conceditur consequens: in sensu composito con
443 2437 1217 2488 cedo antecedens negando consequentiam: in quocumque
444 2468 862 2526 sensu sumatur consequens.
457 2511 1214 2583 ⁋ hoc autem vt intelligibilius doceri: acd
448 2572 1224 2637 plenius perspici valeat premittendum est.
487 2622 1218 2678 ⁋ Distinctionis septime decime questio secunda.
1479 213 2090 266 Ecundo cixca hanc. xvii. distinctionem que
1486 266 2088 314 ritur an gratia actiue ad actum meritorium
1486 295 2084 349 concurrate ⁋ homo potest hic bipertita ima¬
1466 336 2090 384 ginari resposionem. Unomodo negatiue
1458 374 2095 427 a respondendo. ⁋ Contra quam sic argumen
1297 412 2078 459 tor. nullus est actus meritorius sine charitate: sed
1297 453 2087 499 charitas esset ociosa si non concurreret: igitur non suffi¬
1297 491 2078 536 cit praesentia charitatis: quia sic peccatum veniale esset
1305 529 2077 576 actus meritorius: cui charitas coassistit. ⁋ Dices: quod
1303 562 2076 611 oportet actum esse bonum: et in vltimum finem relatum. modo
1297 602 2081 643 nec veniale peccatum est actus bonus: nec actus indiffe
1296 639 2082 689 rens secundum ponentes: propterea respectu illorum chari
1300 674 2072 720 tas nullam habet actionem. ⁋ Propterea aliter argu¬
1296 712 2077 763 mentor. fides infusa et spes infusa inclinant in actus
1293 753 2086 799 credendi et sperandi: ergo hoc non est negandum a cha
1300 784 2084 828 ritate: antecedens patet: et simul probare tendit de charitate: ni
1291 820 2084 874 hil negandum est a natura nobili quod est perfectionis: vbi
1291 862 2074 898 non constat de opposito: quia dignificanda est natura: se¬
1303 899 2078 950 cundo de generatione: sed perfectionis est posse causa
1296 935 2078 982 re: proptereaque maxima causalitas prime cause attri¬
1290 966 2076 1020 buitur: sed nulle sunt rationes probantes charitatem non
1294 1006 2077 1052 agere: nec auctoritates: ergo illud non est negandum
1294 1045 2075 1091 a tam nobili qualitate: que fidem et spem in nobilitate
1300 1083 2078 1125 exuperat. i. ad Corum. xiii. maior horum charitas. Moti
1296 1122 2069 1170 ua habemus quod angelus et homo nullam substantiam pro¬
1284 1158 2066 1197 ducere possunt: secus autem in proposito. ⁋ Insupe¬
1299 1188 2069 1233 Augustinus in enchiridio. capite. xv. comparat gratiam
1299 1233 2075 1272 lessori: et voluntatem equo: modo sessor multum agit ad
1300 1270 2074 1316 domandum equum. ⁋ Propter has rationes affirmati
1287 1307 2086 1352 ue respondeo ad titulum questionis. ⁋ Contra hancco¬
1290 1340 2077 1380 clusionem argumentor: multiplici argumento (vt veritas
1291 1376 2075 1424 elucescat) et primo sic. vel charitas concurrit ad omnen
1297 1413 2075 1462 actum meritorium vel ad aliquem sic: et ad aliquem non. secundum
1289 1448 2066 1499 non est dandum: quia parilis est ratio in omnibus. Sed
1300 1485 2072 1534 primum improbo. sequitur enim quod charitas inclinaret
1294 1529 2081 1572 ad contraria: hoc autem est falsum: cum sit agens natura
1297 1558 2072 1601 le: modo idem inquantum idem semper natum est facere idem:
1291 1596 2078 1647 primo de generatione: et sole potentie rationales valent ad
1293 1639 2083 1684 opposita. secundo peri hermenias: et nono metaphysice:
1290 1674 2080 1719 charitas non est potentia rationalis. igitur: et consequentia patet.
1287 1702 2084 1759 interdum enim inclinabat charitas Iudeum ad circunciden¬
1300 1744 2072 1795 dum suum paruulum: modo inclinat eum ad oppositum. Et
1302 1780 2071 1831 si religiosus preciperet sorti nouitio mundare clau¬
1297 1816 2065 1855 strum: et prohiberet platoni: charitas inclinat sorter
1294 1855 2075 1903 ad velle mundare claustrum: et platonem ad nolle mun¬
1295 1890 2066 1942 dare. ⁋ Respondetur: quod charitas inclinat immediate
1300 1933 2069 1977 ad placendum deo: et ad omittendum omne quod ei displi¬
1291 1969 2075 2020 cet: et mediate in omnem actum meritorium. ⁋ Vel sic (et
1285 2007 2060 2048 melius) concedendo quod charitas inclinat ad opposita
1290 2039 2062 2089 successiue: et simul respectu duorum hominium vel respectu
1291 2082 2078 2128 duorum actuum in eodem composito: a non incouuenit
1291 2113 2060 2165 hoc in instrumento dei. ⁋ Sed contra hoc argumen
1295 2157 2057 2205 tor. ergo calor inclinat in productionem frigoris: et ca¬
1287 2189 2072 2228 loris: cum sit instrumentum dei: cuius quelibet causa se¬
1294 2232 2061 2276 cunda est instrumentum ab eo dependens. ⁋ hic potest dici
1297 2264 2071 2309 uod non est speciale instrumentum calor sicut gratia quia
1287 2306 2069 2352 non est idem: sed illam specialitatem retexere ac detegere
1278 2340 2064 2386 tibi relinquitur. ⁋ Dico ad principale argumentum non
1282 2375 2069 2425 inconuenire agens naturale concurrere ad contraria quando est
1287 2415 2067 2461 partiale agens cum eo requirens ad agendum causam li
1291 2453 2059 2493 peram. notitia enim concurrit ad productionem dilectionis
1282 2486 2066 2538 sortis: stante eadem autem notitia quis prosequitur sortem
1281 2526 2054 2572 odio: ergo notitia que paius concurrebat ad dilectio¬
1294 2558 2065 2607 em tunc concurrit ad odium. secus est de calore qui non
1288 2600 2063 2639 requirit agens partiale liberum ad concausandum: intelli¬
1281 2636 2059 2686 go de causa secunda: quia quelibet causa requirit causalitatem
