<?xml version="1.0" encoding="UTF-8" standalone="yes"?>
<PcGts xmlns="http://schema.primaresearch.org/PAGE/gts/pagecontent/2013-07-15" xmlns:xsi="http://www.w3.org/2001/XMLSchema-instance" xsi:schemaLocation="http://schema.primaresearch.org/PAGE/gts/pagecontent/2013-07-15 http://schema.primaresearch.org/PAGE/gts/pagecontent/2013-07-15/pagecontent.xsd">
    <Metadata>
        <Creator>prov=University of Rostock/Institute of Mathematics/CITlab|PLANET AI GmbH/Gundram Leifert/gundram.leifert@planet-ai.de:name=cod-jmUUUK-m6(htr_id=25403)::::v=2.6.6
prov=University of Rostock/Institute of Mathematics/CITlab|PLANET AI GmbH/Tobias Gruening/tobias.gruening@planet-ai.de:name=de.uros.citlab.module.baseline2polygon.B2PSeamMultiOriented:v=2.6.6
prov=University of Rostock/Institute of Mathematics/CITlab|PLANET AI GmbH/Tobias Gruening/tobias.gruening@planet-ai.de:name=/net_tf/LA73_249_0mod360.pb:de.uros.citlab.segmentation.CITlab_LA_ML:v=2.6.6
Transkribus</Creator>
        <Created>2020-06-18T16:55:43.382+02:00</Created>
        <LastChange>2020-07-28T04:33:12.927+02:00</LastChange>
        <TranskribusMetadata docId="415252" pageId="16480892" pageNr="112" tsid="35514679" status="IN_PROGRESS" userId="25065" imgUrl="https://files.transkribus.eu/Get?id=IMFIJMFBZTMVKLCTKWONNNCH&amp;fileType=view" xmlUrl="https://files.transkribus.eu/Get?id=UANHKHCZPUHESACYTGAHMAGG" imageId="12274702"/>
    </Metadata>
    <Page imageFilename="111.jpg" imageWidth="2361" imageHeight="3315">
        <ReadingOrder>
            <OrderedGroup id="ro_1595939711585" caption="Regions reading order">
                <RegionRefIndexed index="0" regionRef="TextRegion_1595378956822_1975"/>
                <RegionRefIndexed index="1" regionRef="TextRegion_1595378956822_1974"/>
            </OrderedGroup>
        </ReadingOrder>
        <TextRegion orientation="0.0" id="TextRegion_1595378956822_1975" custom="readingOrder {index:0;}">
            <Coords points="452,201 1280,201 1280,2704 452,2704"/>
            <TextLine id="r1l3" custom="readingOrder {index:0;}">
                <Coords points="460,287 1182,295 1238,290 1238,250 649,253 570,233 460,256"/>
                <Baseline points="465,279 503,279 541,279 580,278 618,278 657,278 695,278 733,278 772,278 810,278 849,278 887,278 925,278 964,278 1002,278 1041,279 1079,279 1117,279 1156,279 1194,280 1233,281"/>
                <TextEquiv>
                    <Unicode>moralis quando augetur gratia tunc minus augere</Unicode>
                </TextEquiv>
            </TextLine>
            <TextLine id="r1l5" custom="readingOrder {index:1;}">
                <Coords points="457,333 1244,325 1244,293 1207,287 457,291"/>
                <Baseline points="462,320 500,318 539,317 578,315 617,315 656,315 695,315 733,314 772,315 811,315 850,315 889,315 928,315 967,317 1005,317 1044,317 1083,317 1122,317 1161,317 1200,317 1239,317"/>
                <TextEquiv>
                    <Unicode>tur gratia. quia facilius est augere gratiam per se: quam gratiam</Unicode>
                </TextEquiv>
            </TextLine>
            <TextLine id="r1l7" custom="readingOrder {index:2;}">
                <Coords points="447,364 1155,368 1243,360 1243,327 447,337"/>
                <Baseline points="452,356 491,356 530,354 569,354 609,354 648,354 687,353 727,353 766,353 805,353 845,353 884,353 923,353 962,353 1002,353 1041,353 1080,353 1120,353 1159,353 1198,354 1238,354"/>
                <TextEquiv>
                    <Unicode>et habitum moralem simul: et habitus genitus impediet</Unicode>
                </TextEquiv>
            </TextLine>
            <TextLine id="r1l8" custom="readingOrder {index:3;}">
                <Coords points="462,406 1226,405 1241,361 462,367"/>
                <Baseline points="467,392 505,390 543,390 582,390 620,389 659,389 697,389 736,389 774,389 813,389 851,389 889,389 928,390 966,390 1005,390 1043,390 1082,390 1120,390 1159,390 1197,390 1236,390"/>
                <TextEquiv>
                    <Unicode>augmentum gratie: sic in prima questione dicit (et quidem</Unicode>
                </TextEquiv>
            </TextLine>
            <TextLine id="r1l11" custom="readingOrder {index:4;}">
                <Coords points="466,440 1192,441 1235,438 1235,403 466,405"/>
                <Baseline points="471,428 510,428 550,428 590,428 630,428 670,428 710,428 750,428 790,428 830,428 870,428 910,428 950,428 990,428 1030,428 1070,428 1110,428 1150,428 1190,428 1230,428"/>
                <TextEquiv>
                    <Unicode>nale deus creat gratia: et actus naturaliter generat</Unicode>
                </TextEquiv>
            </TextLine>
            <TextLine id="r1l12" custom="readingOrder {index:5;}">
                <Coords points="463,481 1234,480 1233,439 1206,435 462,438"/>
                <Baseline points="468,464 506,464 544,465 582,465 620,465 658,465 696,465 734,465 772,464 810,464 848,464 886,464 924,464 962,464 1000,464 1038,464 1076,464 1114,464 1152,464 1190,464 1229,465"/>
                <TextEquiv>
                    <Unicode>habitum: et secundum hoc nulla esset charitas acquisita ha</Unicode>
                </TextEquiv>
            </TextLine>
            <TextLine id="r1l14" custom="readingOrder {index:6;}">
                <Coords points="453,511 1241,509 1241,485 1158,471 453,474"/>
                <Baseline points="458,503 496,502 535,501 574,501 613,501 652,501 691,501 730,501 769,501 808,501 847,501 885,501 924,501 963,501 1002,501 1041,501 1080,501 1119,500 1158,500 1197,500 1236,500"/>
                <TextEquiv>
                    <Unicode>bitualis. et illa habitualis est occasionalis causa ma¬</Unicode>
                </TextEquiv>
            </TextLine>
            <TextLine id="r1l16" custom="readingOrder {index:7;}">
                <Coords points="463,551 1247,556 1247,512 1206,509 463,513"/>
                <Baseline points="468,540 506,539 545,539 584,539 622,539 661,538 700,537 738,537 777,537 816,537 855,537 893,537 932,537 971,537 1009,539 1048,539 1087,539 1125,539 1164,539 1203,539 1242,539"/>
                <TextEquiv>
                    <Unicode>oris gratie infuse. ⁋ Ad secundum nego quod charitas in¬</Unicode>
                </TextEquiv>
            </TextLine>
            <TextLine id="r1l18" custom="readingOrder {index:8;}">
                <Coords points="465,586 1235,591 1235,547 465,550"/>
                <Baseline points="470,575 508,575 546,576 584,576 622,576 660,576 698,576 736,576 774,575 812,575 850,575 888,575 926,575 964,575 1002,575 1040,575 1078,575 1116,575 1154,575 1192,575 1230,576"/>
                <TextEquiv>
                    <Unicode>clinat ad velle assentire falso: vel ad velle alienam co¬</Unicode>
                </TextEquiv>
            </TextLine>
            <TextLine id="r1l21" custom="readingOrder {index:9;}">
                <Coords points="453,627 1247,627 1247,584 453,590"/>
                <Baseline points="458,612 497,612 536,612 575,612 614,612 654,612 693,612 732,612 771,612 810,612 850,612 889,612 928,612 967,612 1006,612 1046,612 1085,612 1124,612 1163,612 1202,612 1242,612"/>
                <TextEquiv>
                    <Unicode>gnoscere. hoc enim esset ad illicitum inclinare: tamen ad </Unicode>
                </TextEquiv>
            </TextLine>
            <TextLine id="r1l22" custom="readingOrder {index:10;}">
                <Coords points="459,658 1231,662 1244,628 459,629"/>
                <Baseline points="464,647 502,648 541,648 580,648 619,648 657,648 696,648 735,648 774,648 812,648 851,648 890,648 929,648 967,648 1006,648 1045,648 1084,648 1122,648 1161,648 1200,650 1239,650"/>
                <TextEquiv>
                    <Unicode>alienam velle cognoscere charitas inclinat. ad fal¬</Unicode>
                </TextEquiv>
            </TextLine>
            <TextLine id="r1l24" custom="readingOrder {index:11;}">
                <Coords points="456,699 1234,696 1216,657 456,657"/>
                <Baseline points="461,686 499,686 537,687 576,687 614,687 653,687 691,687 729,687 768,687 806,687 845,686 883,686 921,686 960,686 998,686 1037,686 1075,686 1113,686 1152,686 1190,686 1229,686"/>
                <TextEquiv>
                    <Unicode>so velle assentire inclinat. In hypothesi data in quat</Unicode>
                </TextEquiv>
            </TextLine>
            <TextLine id="r1l26" custom="readingOrder {index:12;}">
                <Coords points="454,732 1213,736 1235,696 454,698"/>
                <Baseline points="459,722 497,723 536,723 574,723 613,725 651,725 690,725 728,723 767,723 805,723 844,723 883,723 921,723 960,723 998,723 1037,723 1075,723 1114,723 1152,723 1191,725 1230,725"/>
                <TextEquiv>
                    <Unicode>to / distinctione quinta questione vnica. in vndecima</Unicode>
                </TextEquiv>
            </TextLine>
            <TextLine id="r1l29" custom="readingOrder {index:13;}">
                <Coords points="459,773 1235,773 1235,740 1194,732 459,736"/>
                <Baseline points="464,761 502,761 540,762 578,762 617,762 655,762 693,762 732,761 770,761 808,761 847,761 885,761 923,761 961,759 1000,759 1038,759 1076,761 1115,761 1153,761 1191,761 1230,762"/>
                <TextEquiv>
                    <Unicode>distinctione eiusdem probare sategimus quod bona ve</Unicode>
                </TextEquiv>
            </TextLine>
            <TextLine id="r1l30" custom="readingOrder {index:14;}">
                <Coords points="459,806 1241,806 1241,776 1200,768 459,774"/>
                <Baseline points="464,797 502,797 541,798 579,798 618,798 657,798 695,798 734,798 772,797 811,797 850,797 888,797 927,797 965,797 1004,797 1043,797 1081,797 1120,797 1158,797 1197,798 1236,798"/>
                <TextEquiv>
                    <Unicode>tula assentiens prelato paedicanti heresim cuius oppo¬</Unicode>
                </TextEquiv>
            </TextLine>
            <TextLine id="r1l32" custom="readingOrder {index:15;}">
                <Coords points="453,842 1244,844 1226,806 453,805"/>
                <Baseline points="458,833 497,834 536,834 575,834 614,836 653,836 692,836 731,836 770,834 809,834 848,834 887,834 926,834 965,833 1004,833 1043,833 1082,833 1121,833 1160,833 1199,833 1239,834"/>
                <TextEquiv>
                    <Unicode>situm non tenetur scire explicite non peccat: immo tantum</Unicode>
                </TextEquiv>
            </TextLine>
            <TextLine id="r1l34" custom="readingOrder {index:16;}">
                <Coords points="462,882 1101,891 1241,879 1241,846 462,849"/>
                <Baseline points="467,872 505,872 543,872 582,873 620,873 659,873 697,872 736,872 774,872 813,872 851,872 889,870 928,870 966,870 1005,870 1043,870 1082,870 1120,870 1159,870 1197,870 1236,872"/>
                <TextEquiv>
                    <Unicode>meretur quantum alia vetula vo assentiens praedicato</Unicode>
                </TextEquiv>
            </TextLine>
            <TextLine id="r1l36" custom="readingOrder {index:17;}">
                <Coords points="462,918 1234,917 1224,879 461,882"/>
                <Baseline points="467,908 505,909 543,909 581,909 619,909 657,909 695,909 733,909 771,909 809,909 848,909 886,909 924,909 962,908 1000,908 1038,908 1076,908 1114,908 1152,908 1190,908 1229,908"/>
                <TextEquiv>
                    <Unicode>ab alio prelato. Sed ad hoc / argumentum non vrget. s</Unicode>
                </TextEquiv>
            </TextLine>
            <TextLine id="r1l38" custom="readingOrder {index:18;}">
                <Coords points="462,957 1241,954 1223,916 462,918"/>
                <Baseline points="467,944 505,945 543,946 582,947 620,947 659,947 697,947 736,947 774,947 813,947 851,945 889,945 928,945 966,945 1005,945 1043,945 1082,945 1120,945 1159,945 1197,947 1236,947"/>
                <TextEquiv>
                    <Unicode>enim ille actus sit malus ad ipsum non concurrit chari¬</Unicode>
                </TextEquiv>
            </TextLine>
            <TextLine id="r1l40" custom="readingOrder {index:19;}">
                <Coords points="453,989 1249,993 1249,961 1145,950 453,960"/>
                <Baseline points="458,983 497,983 536,983 575,983 615,983 654,983 693,983 733,983 772,983 811,983 851,983 890,983 929,983 968,983 1008,983 1047,983 1086,983 1126,983 1165,983 1204,983 1244,983"/>
                <TextEquiv>
                    <Unicode>tas. qui tenet positionem de concursu charitatis / non</Unicode>
                </TextEquiv>
            </TextLine>
            <TextLine id="r1l42" custom="readingOrder {index:20;}">
                <Coords points="457,1032 1235,1032 1228,990 457,990"/>
                <Baseline points="462,1019 500,1019 538,1020 577,1020 615,1020 654,1020 692,1020 730,1020 769,1019 807,1019 846,1019 884,1019 922,1019 961,1019 999,1019 1038,1019 1076,1019 1114,1019 1153,1020 1191,1020 1230,1022"/>
                <TextEquiv>
                    <Unicode>habet respondere an a actus velb sit bonus: sat est eni¬</Unicode>
                </TextEquiv>
            </TextLine>
            <TextLine id="r1l44" custom="readingOrder {index:21;}">
                <Coords points="462,1069 1241,1063 1241,1033 1179,1022 462,1030"/>
                <Baseline points="467,1055 505,1056 543,1056 582,1056 620,1056 659,1056 697,1056 736,1056 774,1056 813,1056 851,1056 889,1056 928,1056 966,1056 1005,1056 1043,1056 1082,1056 1120,1056 1159,1058 1197,1058 1236,1058"/>
                <TextEquiv>
                    <Unicode>tueri (si bonus sit) quod ad eum inclinat charitas. ⁋ Ter¬</Unicode>
                </TextEquiv>
            </TextLine>
            <TextLine id="r1l47" custom="readingOrder {index:22;}">
                <Coords points="460,1103 1196,1106 1241,1103 1241,1066 460,1069"/>
                <Baseline points="465,1095 503,1095 542,1095 580,1094 619,1094 657,1094 696,1094 734,1094 773,1094 811,1094 850,1094 889,1094 927,1094 966,1094 1004,1092 1043,1094 1081,1094 1120,1094 1158,1094 1197,1094 1236,1094"/>
                <TextEquiv>
                    <Unicode>tio argumentor. si conclusio contra quam obiectamus sit</Unicode>
                </TextEquiv>
            </TextLine>
            <TextLine id="r1l49" custom="readingOrder {index:23;}">
                <Coords points="469,1143 1182,1146 1235,1141 1235,1100 469,1107"/>
                <Baseline points="474,1131 511,1131 549,1131 587,1131 625,1131 663,1131 700,1131 738,1131 776,1131 814,1131 852,1131 889,1131 927,1131 965,1131 1003,1131 1041,1131 1078,1131 1116,1131 1154,1131 1192,1131 1230,1131"/>
                <TextEquiv>
                    <Unicode>vera: aliquis actus voluntatis subito desinet conse</Unicode>
                </TextEquiv>
            </TextLine>
            <TextLine id="r1l50" custom="readingOrder {index:24;}">
                <Coords points="472,1182 1243,1180 1243,1151 1206,1138 472,1145"/>
                <Baseline points="477,1169 515,1169 553,1169 591,1169 629,1169 667,1169 705,1169 743,1169 781,1167 819,1167 857,1167 895,1167 933,1167 971,1167 1009,1167 1047,1167 1085,1167 1123,1167 1161,1169 1199,1169 1238,1170"/>
                <TextEquiv>
                    <Unicode>quens est inconueniens. ergo a antecedens: quod est conclusio.</Unicode>
                </TextEquiv>
            </TextLine>
            <TextLine id="r1l52" custom="readingOrder {index:25;}">
                <Coords points="475,1224 1240,1218 1240,1178 475,1182"/>
                <Baseline points="480,1205 517,1205 555,1206 593,1206 631,1206 668,1206 706,1206 744,1205 782,1205 819,1205 857,1205 895,1205 933,1205 970,1205 1008,1205 1046,1205 1084,1205 1121,1205 1159,1205 1197,1205 1235,1206"/>
                <TextEquiv>
                    <Unicode>Patet consequentia. diligat sortes platonem duode</Unicode>
                </TextEquiv>
            </TextLine>
            <TextLine id="r1l54" custom="readingOrder {index:26;}">
                <Coords points="462,1251 1189,1256 1234,1252 1234,1214 462,1221"/>
                <Baseline points="467,1244 505,1242 543,1242 581,1242 619,1242 657,1241 695,1241 733,1241 771,1241 809,1241 848,1242 886,1242 924,1242 962,1242 1000,1242 1038,1242 1076,1242 1114,1242 1152,1242 1190,1241 1229,1241"/>
                <TextEquiv>
                    <Unicode>cim gradibus dilectionis: ita quod illi gradus sint inten¬</Unicode>
                </TextEquiv>
            </TextLine>
            <TextLine id="r1l56" custom="readingOrder {index:27;}">
                <Coords points="459,1290 1238,1289 1238,1255 1214,1250 459,1253"/>
                <Baseline points="464,1280 502,1278 540,1278 579,1278 617,1278 656,1278 694,1278 733,1278 771,1278 810,1278 848,1278 886,1278 925,1278 963,1278 1002,1278 1040,1278 1079,1278 1117,1278 1156,1280 1194,1280 1233,1280"/>
                <TextEquiv>
                    <Unicode>sissimus actus quem sortes potest habere cum hac charita</Unicode>
                </TextEquiv>
            </TextLine>
            <TextLine id="r1l58" custom="readingOrder {index:28;}">
                <Coords points="462,1328 1241,1323 1216,1285 462,1289"/>
                <Baseline points="467,1316 505,1316 543,1317 582,1317 620,1317 659,1317 697,1317 736,1317 774,1316 813,1316 851,1316 889,1316 928,1316 966,1316 1005,1316 1043,1317 1082,1317 1120,1317 1159,1317 1197,1317 1236,1317"/>
                <TextEquiv>
                    <Unicode>te: sed non potest habere vltra nouem gradus sine cha</Unicode>
                </TextEquiv>
            </TextLine>
            <TextLine id="r1l60" custom="readingOrder {index:29;}">
                <Coords points="462,1363 1211,1367 1247,1362 1247,1325 462,1328"/>
                <Baseline points="467,1353 505,1353 544,1353 583,1353 622,1353 660,1353 699,1353 738,1353 777,1353 815,1353 854,1353 893,1353 932,1353 970,1353 1009,1353 1048,1353 1087,1353 1125,1353 1164,1353 1203,1352 1242,1352"/>
                <TextEquiv>
                    <Unicode>ritate: tunc interim ponatur (ipso etia actum continuan¬</Unicode>
                </TextEquiv>
            </TextLine>
            <TextLine id="r1l62" custom="readingOrder {index:30;}">
                <Coords points="466,1402 1205,1406 1244,1401 1244,1361 466,1363"/>
                <Baseline points="471,1389 509,1389 547,1389 586,1391 624,1391 663,1391 701,1391 739,1391 778,1391 816,1391 855,1391 893,1391 931,1391 970,1391 1008,1391 1047,1391 1085,1391 1123,1391 1162,1391 1200,1391 1239,1391"/>
                <TextEquiv>
                    <Unicode>te) quod odio prosequatur Ciceronem. ipso volente semper</Unicode>
                </TextEquiv>
            </TextLine>
            <TextLine id="r1l64" custom="readingOrder {index:31;}">
                <Coords points="466,1434 1238,1438 1220,1398 466,1401"/>
                <Baseline points="471,1427 509,1427 547,1427 585,1427 623,1427 661,1427 699,1427 737,1427 775,1427 813,1427 852,1427 890,1427 928,1427 966,1427 1004,1427 1042,1427 1080,1427 1118,1427 1156,1427 1194,1427 1233,1427"/>
                <TextEquiv>
                    <Unicode>equaliter diligere platonem quantum est er parte sua</Unicode>
                </TextEquiv>
            </TextLine>
            <TextLine id="r1l66" custom="readingOrder {index:32;}">
                <Coords points="472,1479 1243,1472 1243,1437 1202,1434 472,1437"/>
                <Baseline points="477,1463 515,1463 553,1464 591,1464 629,1464 667,1464 705,1464 743,1464 781,1464 819,1464 857,1463 895,1463 933,1464 971,1464 1009,1464 1047,1464 1085,1464 1123,1464 1161,1466 1199,1466 1238,1467"/>
                <TextEquiv>
                    <Unicode>hoc est secundum extremum sue potentie. Isto casu posito</Unicode>
                </TextEquiv>
            </TextLine>
            <TextLine id="r1l68" custom="readingOrder {index:33;}">
                <Coords points="462,1509 1219,1516 1250,1510 1250,1471 462,1475"/>
                <Baseline points="467,1500 505,1500 544,1500 583,1500 622,1500 661,1500 700,1500 739,1502 778,1502 817,1502 856,1502 894,1502 933,1502 972,1502 1011,1502 1050,1502 1089,1502 1128,1502 1167,1502 1206,1502 1245,1502"/>
                <TextEquiv>
                    <Unicode>deus subtrahet ocissime charitatem. si odium eliciatur</Unicode>
                </TextEquiv>
            </TextLine>
            <TextLine id="r1l70" custom="readingOrder {index:34;}">
                <Coords points="463,1549 1247,1544 1247,1510 463,1509"/>
                <Baseline points="468,1538 506,1538 545,1538 584,1536 622,1536 661,1536 700,1538 738,1538 777,1538 816,1538 855,1538 893,1539 932,1539 971,1539 1009,1539 1048,1539 1087,1539 1125,1539 1164,1539 1203,1538 1242,1538"/>
                <TextEquiv>
                    <Unicode>instantanee. in illo subtrahetur charitas per remo¬</Unicode>
                </TextEquiv>
            </TextLine>
            <TextLine id="r1l72" custom="readingOrder {index:35;}">
                <Coords points="460,1583 1247,1589 1230,1547 460,1550"/>
                <Baseline points="465,1575 503,1575 542,1575 581,1575 620,1575 659,1575 698,1575 736,1575 775,1575 814,1575 853,1575 892,1577 931,1577 970,1577 1008,1577 1047,1577 1086,1577 1125,1577 1164,1577 1203,1577 1242,1577"/>
                <TextEquiv>
                    <Unicode>tionem de praesenti. quo facto tres gradus dilectionis</Unicode>
                </TextEquiv>
            </TextLine>
            <TextLine id="r1l74" custom="readingOrder {index:36;}">
                <Coords points="468,1620 1247,1619 1247,1589 1200,1583 468,1583"/>
                <Baseline points="473,1613 511,1613 549,1611 588,1611 626,1611 665,1611 703,1611 742,1611 780,1613 819,1613 857,1613 895,1613 934,1613 972,1613 1011,1613 1049,1613 1088,1613 1126,1613 1165,1613 1203,1613 1242,1613"/>
                <TextEquiv>
                    <Unicode>raptissime desinunt esse. Et potes argumentum deduce¬</Unicode>
                </TextEquiv>
            </TextLine>
            <TextLine id="r1l76" custom="readingOrder {index:37;}">
                <Coords points="460,1664 1219,1663 1247,1659 1247,1620 460,1625"/>
                <Baseline points="465,1650 503,1649 542,1649 581,1649 620,1649 659,1649 698,1649 736,1649 775,1649 814,1649 853,1649 892,1649 931,1649 970,1650 1008,1650 1047,1650 1086,1650 1125,1650 1164,1650 1203,1650 1242,1650"/>
                <TextEquiv>
                    <Unicode>re de dilectione ponendo quod sortes habeat intensissimum</Unicode>
                </TextEquiv>
            </TextLine>
            <TextLine id="r1l78" custom="readingOrder {index:38;}">
                <Coords points="465,1698 1244,1695 1244,1662 1182,1656 465,1662"/>
                <Baseline points="470,1685 508,1685 546,1685 585,1685 623,1685 662,1685 700,1685 739,1685 777,1686 816,1686 854,1686 892,1686 931,1686 969,1688 1008,1688 1046,1688 1085,1688 1123,1688 1162,1686 1200,1686 1239,1686"/>
                <TextEquiv>
                    <Unicode>actum quem potest habere sine gratia: et superinfundatur</Unicode>
                </TextEquiv>
            </TextLine>
            <TextLine id="r1l80" custom="readingOrder {index:39;}">
                <Coords points="459,1735 1213,1738 1243,1732 1243,1695 459,1705"/>
                <Baseline points="464,1725 502,1725 541,1724 580,1724 618,1723 657,1722 696,1722 734,1722 773,1722 812,1723 851,1724 889,1724 928,1724 967,1724 1005,1724 1044,1724 1083,1724 1121,1724 1160,1724 1199,1724 1238,1724"/>
                <TextEquiv>
                    <Unicode>gratia ob detestationem alterius actus: tres gradus s</Unicode>
                </TextEquiv>
            </TextLine>
            <TextLine id="r1l82" custom="readingOrder {index:40;}">
                <Coords points="466,1770 1256,1772 1232,1735 1138,1730 466,1737"/>
                <Baseline points="471,1761 510,1761 549,1761 588,1761 627,1761 666,1761 705,1761 744,1761 783,1761 822,1761 861,1761 900,1761 939,1761 978,1761 1017,1761 1056,1761 1095,1761 1134,1761 1173,1761 1212,1761 1251,1761"/>
                <TextEquiv>
                    <Unicode>mul infundentur. ⁋ Respondetur concedendo illatum.</Unicode>
                </TextEquiv>
            </TextLine>
            <TextLine id="r1l84" custom="readingOrder {index:41;}">
                <Coords points="462,1806 1173,1813 1255,1808 1255,1772 462,1776"/>
                <Baseline points="467,1799 506,1799 545,1797 584,1797 623,1797 662,1797 701,1797 741,1797 780,1797 819,1797 858,1797 897,1798 936,1799 975,1799 1015,1799 1054,1799 1093,1799 1132,1799 1171,1799 1210,1799 1250,1799"/>
                <TextEquiv>
                    <Unicode>nec hoc est dissonum: quando deus subito subtrahit agens:</Unicode>
                </TextEquiv>
            </TextLine>
            <TextLine id="r1l86" custom="readingOrder {index:42;}">
                <Coords points="464,1844 1236,1851 1246,1809 465,1806"/>
                <Baseline points="470,1835 508,1835 547,1835 585,1835 624,1835 662,1835 701,1835 739,1835 778,1835 816,1835 855,1835 894,1835 932,1835 971,1835 1009,1835 1048,1836 1086,1836 1125,1836 1163,1836 1202,1836 1241,1835"/>
                <TextEquiv>
                    <Unicode>sed totus actus syncategorematice non raptim fluit:</Unicode>
                </TextEquiv>
            </TextLine>
            <TextLine id="r1l88" custom="readingOrder {index:43;}">
                <Coords points="472,1882 1240,1882 1240,1850 1203,1842 472,1842"/>
                <Baseline points="477,1871 514,1871 552,1871 590,1871 628,1871 666,1871 704,1871 742,1872 780,1872 818,1872 856,1872 893,1872 931,1872 969,1872 1007,1871 1045,1871 1083,1871 1121,1871 1159,1871 1197,1872 1235,1872"/>
                <TextEquiv>
                    <Unicode>sic gratia superuentens instantanee cuestigio causan</Unicode>
                </TextEquiv>
            </TextLine>
            <TextLine id="r1l90" custom="readingOrder {index:44;}">
                <Coords points="471,1918 1255,1921 1255,1888 1228,1879 471,1879"/>
                <Baseline points="476,1908 514,1908 553,1908 592,1908 630,1908 669,1908 708,1908 746,1908 785,1908 824,1908 863,1908 901,1908 940,1908 979,1908 1017,1908 1056,1908 1095,1908 1133,1910 1172,1910 1211,1911 1250,1911"/>
                <TextEquiv>
                    <Unicode>do suam portionem quo ad intensionem actus apponit.</Unicode>
                </TextEquiv>
            </TextLine>
            <TextLine id="r1l92" custom="readingOrder {index:45;}">
                <Coords points="487,1961 1243,1956 1226,1919 487,1917"/>
                <Baseline points="492,1943 529,1944 566,1944 603,1944 641,1946 678,1946 715,1946 753,1946 790,1946 827,1946 865,1946 902,1946 939,1946 976,1946 1014,1946 1051,1946 1088,1946 1126,1947 1163,1947 1200,1947 1238,1949"/>
                <TextEquiv>
                    <Unicode>⁋ Sed dices. voluntas sine gratia habebat noue gra¬</Unicode>
                </TextEquiv>
            </TextLine>
            <TextLine id="r1l94" custom="readingOrder {index:46;}">
                <Coords points="469,1991 1244,1989 1244,1961 1216,1956 469,1958"/>
                <Baseline points="474,1982 512,1982 550,1983 588,1983 627,1983 665,1983 703,1983 741,1983 780,1983 818,1983 856,1983 894,1983 933,1983 971,1983 1009,1983 1047,1983 1086,1983 1124,1983 1162,1983 1200,1985 1239,1985"/>
                <TextEquiv>
                    <Unicode>dus dilectionis: propter gratia autem superuenientem vo¬</Unicode>
                </TextEquiv>
            </TextLine>
            <TextLine id="r1l96" custom="readingOrder {index:47;}">
                <Coords points="471,2031 1188,2036 1243,2028 1243,1989 471,1991"/>
                <Baseline points="476,2019 514,2019 552,2019 590,2019 628,2019 666,2019 704,2019 742,2019 780,2019 818,2019 857,2019 895,2019 933,2019 971,2019 1009,2019 1047,2019 1085,2021 1123,2021 1161,2021 1199,2022 1238,2022"/>
                <TextEquiv>
                    <Unicode>luntas habebit tres vel duos gradus dilectionis. v</Unicode>
                </TextEquiv>
            </TextLine>
            <TextLine id="r1l98" custom="readingOrder {index:48;}">
                <Coords points="478,2065 1252,2067 1239,2028 478,2027"/>
                <Baseline points="483,2055 521,2057 559,2057 597,2057 635,2057 674,2057 712,2057 750,2057 788,2057 826,2057 865,2057 903,2057 941,2057 979,2057 1017,2057 1056,2057 1094,2057 1132,2057 1170,2058 1208,2058 1247,2058"/>
                <TextEquiv>
                    <Unicode>detur quod voluntas potest suos nouem gradus conseruare se</Unicode>
                </TextEquiv>
            </TextLine>
            <TextLine id="r1l100" custom="readingOrder {index:49;}">
                <Coords points="469,2104 1256,2108 1239,2064 469,2064"/>
                <Baseline points="474,2093 512,2093 551,2093 590,2094 629,2094 668,2094 707,2094 745,2094 784,2094 823,2094 862,2094 901,2094 940,2094 979,2094 1017,2094 1056,2094 1095,2094 1134,2094 1173,2094 1212,2096 1251,2096"/>
                <TextEquiv>
                    <Unicode>sola quos produxit primo sine gratia: facilius enim est</Unicode>
                </TextEquiv>
            </TextLine>
            <TextLine id="r1l102" custom="readingOrder {index:50;}">
                <Coords points="471,2144 1207,2151 1245,2146 1246,2113 472,2111"/>
                <Baseline points="477,2129 515,2130 553,2130 591,2130 629,2130 668,2130 706,2130 744,2130 782,2130 820,2132 859,2132 897,2132 935,2132 973,2132 1011,2132 1050,2132 1088,2133 1126,2133 1164,2133 1202,2133 1241,2133"/>
                <TextEquiv>
                    <Unicode>vel saltem non minus facile continuare motum quam prin¬</Unicode>
                </TextEquiv>
            </TextLine>
            <TextLine id="r1l104" custom="readingOrder {index:51;}">
                <Coords points="475,2180 1222,2185 1243,2182 1243,2139 475,2143"/>
                <Baseline points="480,2166 517,2168 555,2168 593,2168 631,2168 669,2168 707,2168 745,2168 783,2168 821,2168 859,2168 896,2168 934,2168 972,2169 1010,2169 1048,2169 1086,2169 1124,2169 1162,2171 1200,2171 1238,2172"/>
                <TextEquiv>
                    <Unicode>cipiare. ⁋ Respondetur. voluntas quantum est de se po</Unicode>
                </TextEquiv>
            </TextLine>
            <TextLine id="r1l106" custom="readingOrder {index:52;}">
                <Coords points="474,2217 1253,2215 1253,2187 1211,2177 474,2180"/>
                <Baseline points="479,2205 517,2205 555,2205 594,2205 632,2205 671,2204 709,2205 748,2205 786,2205 825,2205 863,2205 901,2205 940,2207 978,2207 1017,2207 1055,2207 1094,2207 1132,2207 1171,2207 1209,2207 1248,2207"/>
                <TextEquiv>
                    <Unicode>test illos nouem gradus continuare: et continuasset si pla¬</Unicode>
                </TextEquiv>
            </TextLine>
            <TextLine id="r1l108" custom="readingOrder {index:53;}">
                <Coords points="477,2256 1231,2260 1250,2213 478,2219"/>
                <Baseline points="483,2241 521,2241 559,2241 597,2241 635,2241 673,2241 711,2241 749,2241 787,2242 825,2243 864,2243 902,2243 940,2243 978,2244 1016,2244 1054,2244 1092,2244 1130,2244 1168,2246 1206,2246 1245,2246"/>
                <TextEquiv>
                    <Unicode>cuisset sine charitate supueniente: sed in praesentia cha</Unicode>
                </TextEquiv>
            </TextLine>
            <TextLine id="r1l110" custom="readingOrder {index:54;}">
                <Coords points="474,2291 1250,2290 1250,2256 474,2256"/>
                <Baseline points="479,2280 517,2280 555,2279 593,2279 632,2279 670,2279 708,2279 747,2279 785,2279 823,2279 862,2279 900,2279 938,2280 976,2280 1015,2280 1053,2280 1091,2282 1130,2282 1168,2282 1206,2282 1245,2283"/>
                <TextEquiv>
                    <Unicode>ritatis non illos solitarie conseruat: sicut calor vt octo</Unicode>
                </TextEquiv>
            </TextLine>
            <TextLine id="r1l112" custom="readingOrder {index:55;}">
                <Coords points="481,2332 1253,2330 1253,2299 1132,2287 481,2296"/>
                <Baseline points="486,2318 524,2317 562,2316 600,2316 638,2316 676,2316 714,2316 752,2316 790,2316 828,2316 867,2318 905,2318 943,2318 981,2319 1019,2319 1057,2319 1095,2319 1133,2319 1171,2321 1209,2321 1248,2319"/>
                <TextEquiv>
                    <Unicode>produxisset calorem vt octo in bpassum si non superue¬</Unicode>
                </TextEquiv>
            </TextLine>
            <TextLine id="r1l114" custom="readingOrder {index:56;}">
                <Coords points="473,2361 1243,2367 1244,2330 474,2332"/>
                <Baseline points="479,2355 517,2354 555,2352 593,2352 631,2352 669,2352 707,2352 745,2352 783,2352 821,2354 859,2354 897,2355 935,2355 973,2356 1011,2357 1049,2357 1087,2357 1125,2358 1163,2358 1201,2357 1239,2357"/>
                <TextEquiv>
                    <Unicode>nisset calor c. sed c calore posito in sphera agendi a ca</Unicode>
                </TextEquiv>
            </TextLine>
            <TextLine id="r1l116" custom="readingOrder {index:57;}">
                <Coords points="478,2404 1247,2393 1247,2367 1184,2360 478,2362"/>
                <Baseline points="483,2393 522,2391 562,2391 602,2390 642,2390 682,2390 722,2390 762,2391 802,2391 842,2391 882,2392 922,2393 962,2393 1002,2393 1042,2394 1082,2394 1122,2394 1162,2394 1202,2393 1242,2391"/>
                <TextEquiv>
                    <Unicode>lor non producit totum / nec totaliter conseruat calorem</Unicode>
                </TextEquiv>
            </TextLine>
            <TextLine id="r1l118" custom="readingOrder {index:58;}">
                <Coords points="471,2438 1210,2446 1249,2441 1250,2393 472,2409"/>
                <Baseline points="477,2430 515,2429 553,2429 592,2427 630,2427 669,2427 707,2427 745,2427 784,2427 822,2427 861,2427 899,2429 937,2429 976,2429 1014,2430 1053,2430 1091,2430 1129,2432 1168,2432 1206,2432 1245,2432"/>
                <TextEquiv>
                    <Unicode>a se ipso productum. si enim vnus ignis calefaciat aquam</Unicode>
                </TextEquiv>
            </TextLine>
            <TextLine id="r1l120" custom="readingOrder {index:59;}">
                <Coords points="478,2473 1241,2483 1257,2444 479,2441"/>
                <Baseline points="483,2466 521,2465 559,2465 598,2464 636,2463 675,2463 713,2463 751,2465 790,2465 828,2465 867,2466 905,2466 943,2466 982,2468 1020,2468 1059,2468 1097,2468 1135,2469 1174,2468 1212,2468 1251,2468"/>
                <TextEquiv>
                    <Unicode>alter ignis in fine actionis ex altera parte positus cum</Unicode>
                </TextEquiv>
            </TextLine>
            <TextLine id="r1l122" custom="readingOrder {index:60;}">
                <Coords points="484,2513 1241,2517 1241,2479 484,2482"/>
                <Baseline points="489,2505 526,2504 563,2502 601,2502 638,2501 675,2501 713,2501 750,2501 787,2501 825,2502 862,2502 899,2504 937,2504 974,2505 1011,2506 1049,2507 1086,2507 1123,2507 1161,2507 1198,2507 1236,2507"/>
                <TextEquiv>
                    <Unicode>gne producente calorem conseruat calorem iam pro</Unicode>
                </TextEquiv>
            </TextLine>
            <TextLine id="r1l124" custom="readingOrder {index:61;}">
                <Coords points="480,2549 1249,2547 1249,2516 1225,2512 480,2513"/>
                <Baseline points="485,2541 524,2540 564,2540 604,2540 644,2538 684,2538 724,2539 764,2540 804,2540 844,2540 884,2541 924,2541 964,2541 1004,2543 1044,2543 1084,2543 1124,2544 1164,2544 1204,2544 1244,2544"/>
                <TextEquiv>
                    <Unicode>ductum. ⁋ Vel (vt accommodatior sit analogia) capia¬</Unicode>
                </TextEquiv>
            </TextLine>
            <TextLine id="r1l126" custom="readingOrder {index:62;}">
                <Coords points="474,2585 1243,2589 1243,2549 474,2550"/>
                <Baseline points="479,2579 518,2577 558,2577 598,2577 638,2576 678,2576 718,2576 758,2577 798,2577 838,2577 878,2577 918,2579 958,2579 998,2579 1038,2580 1078,2580 1118,2580 1158,2580 1198,2581 1238,2582"/>
                <TextEquiv>
                    <Unicode>tur calor quattuor graduum qui produxit quattuor in li</Unicode>
                </TextEquiv>
            </TextLine>
            <TextLine id="r1l128" custom="readingOrder {index:63;}">
                <Coords points="471,2629 1243,2626 1243,2589 1209,2586 471,2587"/>
                <Baseline points="476,2616 514,2616 552,2615 590,2615 628,2615 666,2615 704,2615 742,2615 780,2615 818,2615 857,2615 895,2616 933,2616 971,2616 1009,2616 1047,2618 1085,2618 1123,2618 1161,2618 1199,2619 1238,2619"/>
                <TextEquiv>
                    <Unicode>passum: posita c calore vt sex iuuat a calorem conser¬</Unicode>
                </TextEquiv>
            </TextLine>
            <TextLine id="r1l130" custom="readingOrder {index:64;}">
                <Coords points="477,2658 1240,2664 1228,2625 477,2629"/>
                <Baseline points="482,2652 519,2652 557,2651 594,2651 632,2651 670,2651 707,2651 745,2651 783,2651 820,2652 858,2652 896,2652 933,2652 971,2653 1009,2654 1046,2654 1084,2655 1122,2655 1159,2655 1197,2656 1235,2657"/>
                <TextEquiv>
                    <Unicode>uare calorem productum: et iterum producit: sed non est penit</Unicode>
                </TextEquiv>
            </TextLine>
            <TextLine id="r1l132" custom="readingOrder {index:65;}">
                <Coords points="474,2696 1246,2713 1246,2661 474,2657"/>
                <Baseline points="479,2691 517,2690 555,2688 593,2688 631,2688 669,2687 707,2687 745,2688 783,2688 821,2688 860,2689 898,2690 936,2690 974,2691 1012,2691 1050,2692 1088,2693 1126,2693 1164,2694 1202,2694 1241,2694"/>
                <TextEquiv>
                    <Unicode>idem in hac scala intelligentie: cum calor vt quattuor non</Unicode>
                </TextEquiv>
            </TextLine>
            <TextEquiv>
                <Unicode>moralis quando augetur gratia tunc minus augere
tur gratia. quia facilius est augere gratiam per se: quam gratiam
et habitum moralem simul: et habitus genitus impediet
augmentum gratie: sic in prima questione dicit (et quidem
nale deus creat gratia: et actus naturaliter generat
habitum: et secundum hoc nulla esset charitas acquisita ha
bitualis. et illa habitualis est occasionalis causa ma¬
oris gratie infuse. ⁋ Ad secundum nego quod charitas in¬
clinat ad velle assentire falso: vel ad velle alienam co¬
gnoscere. hoc enim esset ad illicitum inclinare: tamen ad 
alienam velle cognoscere charitas inclinat. ad fal¬
so velle assentire inclinat. In hypothesi data in quat
to / distinctione quinta questione vnica. in vndecima
distinctione eiusdem probare sategimus quod bona ve
tula assentiens prelato paedicanti heresim cuius oppo¬
situm non tenetur scire explicite non peccat: immo tantum
meretur quantum alia vetula vo assentiens praedicato
ab alio prelato. Sed ad hoc / argumentum non vrget. s
enim ille actus sit malus ad ipsum non concurrit chari¬
tas. qui tenet positionem de concursu charitatis / non
habet respondere an a actus velb sit bonus: sat est eni¬
tueri (si bonus sit) quod ad eum inclinat charitas. ⁋ Ter¬
tio argumentor. si conclusio contra quam obiectamus sit
vera: aliquis actus voluntatis subito desinet conse
quens est inconueniens. ergo a antecedens: quod est conclusio.
Patet consequentia. diligat sortes platonem duode
cim gradibus dilectionis: ita quod illi gradus sint inten¬
sissimus actus quem sortes potest habere cum hac charita
te: sed non potest habere vltra nouem gradus sine cha
ritate: tunc interim ponatur (ipso etia actum continuan¬
te) quod odio prosequatur Ciceronem. ipso volente semper
equaliter diligere platonem quantum est er parte sua
hoc est secundum extremum sue potentie. Isto casu posito
deus subtrahet ocissime charitatem. si odium eliciatur
instantanee. in illo subtrahetur charitas per remo¬
tionem de praesenti. quo facto tres gradus dilectionis
raptissime desinunt esse. Et potes argumentum deduce¬
re de dilectione ponendo quod sortes habeat intensissimum
actum quem potest habere sine gratia: et superinfundatur
gratia ob detestationem alterius actus: tres gradus s
mul infundentur. ⁋ Respondetur concedendo illatum.
nec hoc est dissonum: quando deus subito subtrahit agens:
sed totus actus syncategorematice non raptim fluit:
sic gratia superuentens instantanee cuestigio causan
do suam portionem quo ad intensionem actus apponit.
⁋ Sed dices. voluntas sine gratia habebat noue gra¬
dus dilectionis: propter gratia autem superuenientem vo¬
luntas habebit tres vel duos gradus dilectionis. v
detur quod voluntas potest suos nouem gradus conseruare se
sola quos produxit primo sine gratia: facilius enim est
vel saltem non minus facile continuare motum quam prin¬
cipiare. ⁋ Respondetur. voluntas quantum est de se po
test illos nouem gradus continuare: et continuasset si pla¬
cuisset sine charitate supueniente: sed in praesentia cha
ritatis non illos solitarie conseruat: sicut calor vt octo
produxisset calorem vt octo in bpassum si non superue¬
nisset calor c. sed c calore posito in sphera agendi a ca
lor non producit totum / nec totaliter conseruat calorem
a se ipso productum. si enim vnus ignis calefaciat aquam
alter ignis in fine actionis ex altera parte positus cum
gne producente calorem conseruat calorem iam pro
ductum. ⁋ Vel (vt accommodatior sit analogia) capia¬
tur calor quattuor graduum qui produxit quattuor in li
passum: posita c calore vt sex iuuat a calorem conser¬
uare calorem productum: et iterum producit: sed non est penit
idem in hac scala intelligentie: cum calor vt quattuor non</Unicode>
            </TextEquiv>
        </TextRegion>
        <TextRegion orientation="0.0" id="TextRegion_1595378956822_1974" custom="readingOrder {index:1;}">
            <Coords points="1280,201 2106,201 2106,2704 1280,2704"/>
            <TextLine id="r1l2" custom="readingOrder {index:0;}">
                <Coords points="1299,295 2089,293 2090,246 1298,244"/>
                <Baseline points="1304,281 1343,281 1382,281 1421,281 1460,281 1499,280 1538,279 1577,279 1616,278 1655,278 1694,278 1733,278 1772,276 1811,276 1850,276 1889,276 1928,276 1967,278 2006,278 2045,278 2085,279"/>
                <TextEquiv>
                    <Unicode>concurrit vltra quattuor: sed voluntas quae habuit max</Unicode>
                </TextEquiv>
            </TextLine>
            <TextLine id="r1l4" custom="readingOrder {index:1;}">
                <Coords points="1308,329 2099,320 2099,296 1971,282 1308,295"/>
                <Baseline points="1313,317 1352,317 1391,317 1430,317 1469,317 1508,317 1547,317 1586,317 1625,317 1664,317 1703,317 1742,317 1781,317 1820,317 1859,317 1898,315 1937,315 1976,315 2015,314 2054,314 2094,314"/>
                <TextEquiv>
                    <Unicode>mum actum quem poterat habere vt nouem / ob superue¬</Unicode>
                </TextEquiv>
            </TextLine>
            <TextLine id="r1l6" custom="readingOrder {index:2;}">
                <Coords points="1315,363 2089,365 2089,330 2033,322 1315,328"/>
                <Baseline points="1320,356 1358,356 1396,356 1434,355 1472,354 1511,354 1549,354 1587,354 1625,353 1663,353 1702,353 1740,353 1778,353 1816,353 1854,353 1893,353 1931,353 1969,353 2007,353 2045,353 2084,353"/>
                <TextEquiv>
                    <Unicode>nientem gratiam et animam irrorantem ad maiorem actum</Unicode>
                </TextEquiv>
            </TextLine>
            <TextLine id="r1l9" custom="readingOrder {index:3;}">
                <Coords points="1308,406 2089,395 2088,366 1975,357 1307,364"/>
                <Baseline points="1313,390 1351,390 1390,392 1428,392 1467,392 1505,392 1544,392 1582,392 1621,392 1659,392 1698,392 1737,392 1775,392 1814,392 1852,390 1891,390 1929,390 1968,389 2006,389 2045,389 2084,387"/>
                <TextEquiv>
                    <Unicode>concurrit quam pius. ⁋ Sed contra istud argumentor. po¬</Unicode>
                </TextEquiv>
            </TextLine>
            <TextLine id="r1l10" custom="readingOrder {index:4;}">
                <Coords points="1306,437 2093,442 2093,404 2068,400 1306,406"/>
                <Baseline points="1311,429 1349,429 1388,429 1427,429 1466,429 1505,429 1544,429 1582,429 1621,429 1660,428 1699,428 1738,428 1777,428 1816,428 1854,428 1893,427 1932,426 1971,426 2010,426 2049,426 2088,426"/>
                <TextEquiv>
                    <Unicode>natur quod charitas sit in anima et sortes diligat platonem</Unicode>
                </TextEquiv>
            </TextLine>
            <TextLine id="r1l13" custom="readingOrder {index:5;}">
                <Coords points="1318,482 2093,473 2092,441 2066,433 1317,439"/>
                <Baseline points="1323,468 1361,468 1399,467 1437,467 1476,467 1514,466 1552,465 1590,465 1629,465 1667,465 1705,465 1743,465 1782,465 1820,465 1858,465 1896,464 1935,464 1973,464 2011,464 2049,464 2088,462"/>
                <TextEquiv>
                    <Unicode>propter deum et deus impediat actiuitate charitatis:</Unicode>
                </TextEquiv>
            </TextLine>
            <TextLine id="r1l15" custom="readingOrder {index:6;}">
                <Coords points="1314,523 2090,520 2099,477 1314,478"/>
                <Baseline points="1319,503 1357,503 1396,504 1435,504 1474,504 1512,504 1551,504 1590,503 1629,503 1667,503 1706,503 1745,503 1784,502 1822,501 1861,501 1900,501 1939,501 1977,500 2016,500 2055,500 2094,500"/>
                <TextEquiv>
                    <Unicode>hoc est non moueat charitatem ad agendum: tunc dilectio</Unicode>
                </TextEquiv>
            </TextLine>
            <TextLine id="r1l17" custom="readingOrder {index:7;}">
                <Coords points="1318,551 2105,542 2105,517 2048,509 1318,510"/>
                <Baseline points="1323,540 1361,540 1400,539 1439,539 1478,539 1517,539 1556,539 1594,539 1633,540 1672,540 1711,540 1750,540 1789,540 1828,540 1866,540 1905,539 1944,539 1983,539 2022,538 2061,537 2100,536"/>
                <TextEquiv>
                    <Unicode>sortis est meritoria et tamen ad illud meritum non concur¬</Unicode>
                </TextEquiv>
            </TextLine>
            <TextLine id="r1l19" custom="readingOrder {index:8;}">
                <Coords points="1306,588 2086,591 2093,542 1306,553"/>
                <Baseline points="1311,579 1349,578 1388,578 1427,576 1466,576 1505,576 1544,576 1582,576 1621,576 1660,576 1699,576 1738,576 1777,576 1816,576 1854,576 1893,576 1932,576 1971,575 2010,575 2049,575 2088,575"/>
                <TextEquiv>
                    <Unicode>rit charitas. ergo sufficit coassistentia charitatis at non</Unicode>
                </TextEquiv>
            </TextLine>
            <TextLine id="r1l20" custom="readingOrder {index:9;}">
                <Coords points="1305,626 2095,619 2095,591 2023,579 1305,589"/>
                <Baseline points="1310,614 1349,614 1388,614 1427,614 1466,614 1505,614 1544,614 1583,614 1622,614 1661,614 1700,612 1739,612 1778,612 1817,612 1856,612 1895,612 1934,612 1973,611 2012,611 2051,611 2090,611"/>
                <TextEquiv>
                    <Unicode>requiritur coefficientia. ⁋ Admitto casum quod non coa¬</Unicode>
                </TextEquiv>
            </TextLine>
            <TextLine id="r1l23" custom="readingOrder {index:10;}">
                <Coords points="1305,664 2081,663 2089,620 1305,626"/>
                <Baseline points="1310,654 1348,653 1387,651 1426,651 1464,651 1503,650 1542,650 1580,650 1619,650 1658,650 1697,650 1735,650 1774,650 1813,650 1851,650 1890,650 1929,650 1967,650 2006,648 2045,647 2084,647"/>
                <TextEquiv>
                    <Unicode>gat cum actione charitatis: tunc non agit: sed ex illo non</Unicode>
                </TextEquiv>
            </TextLine>
            <TextLine id="r1l25" custom="readingOrder {index:11;}">
                <Coords points="1314,705 2001,686 2087,704 2099,664 1314,666"/>
                <Baseline points="1319,689 1357,689 1396,689 1435,689 1474,687 1512,687 1551,687 1590,687 1629,687 1667,687 1706,687 1745,687 1784,687 1822,687 1861,687 1900,687 1939,687 1977,686 2016,686 2055,686 2094,686"/>
                <TextEquiv>
                    <Unicode>probas quin ex sua natura ad actum meritorium concur</Unicode>
                </TextEquiv>
            </TextLine>
            <TextLine id="r1l27" custom="readingOrder {index:12;}">
                <Coords points="1311,735 2036,738 2098,726 2098,701 1311,704"/>
                <Baseline points="1316,725 1354,725 1393,725 1432,725 1471,725 1510,725 1549,725 1587,725 1626,725 1665,725 1704,725 1743,725 1782,725 1821,723 1859,723 1898,723 1937,723 1976,723 2015,723 2054,722 2093,722"/>
                <TextEquiv>
                    <Unicode>rat: vt in igne regis Sabylonis: Danielis. iii. sed pue¬</Unicode>
                </TextEquiv>
            </TextLine>
            <TextLine id="r1l28" custom="readingOrder {index:13;}">
                <Coords points="1312,771 2090,774 2099,726 1312,735"/>
                <Baseline points="1317,762 1355,761 1394,761 1433,761 1472,761 1511,761 1550,761 1588,761 1627,761 1666,761 1705,761 1744,761 1783,761 1822,761 1860,761 1899,761 1938,761 1977,761 2016,761 2055,759 2094,759"/>
                <TextEquiv>
                    <Unicode>ros non calefecit ignis: tamen ignis erat calefactiuus. sed </Unicode>
                </TextEquiv>
            </TextLine>
            <TextLine id="r1l31" custom="readingOrder {index:14;}">
                <Coords points="1315,808 2093,807 2093,775 2060,770 1315,773"/>
                <Baseline points="1320,798 1358,798 1396,798 1435,798 1473,798 1512,798 1550,798 1588,798 1627,798 1665,798 1704,798 1742,798 1780,798 1819,798 1857,797 1896,797 1934,797 1972,797 2011,797 2049,797 2088,795"/>
                <TextEquiv>
                    <Unicode>an ille actus erit meritorius in casu me fugit: deus po¬</Unicode>
                </TextEquiv>
            </TextLine>
            <TextLine id="r1l33" custom="readingOrder {index:15;}">
                <Coords points="1314,846 1997,848 2086,842 2086,805 1314,808"/>
                <Baseline points="1319,836 1357,836 1395,836 1433,836 1471,836 1509,836 1547,836 1585,836 1623,836 1661,836 1700,836 1738,836 1776,836 1814,836 1852,836 1890,834 1928,834 1966,834 2004,834 2042,833 2081,833"/>
                <TextEquiv>
                    <Unicode>test dare aliam legem vel facere quod sufficiat coassistentia</Unicode>
                </TextEquiv>
            </TextLine>
            <TextLine id="r1l35" custom="readingOrder {index:16;}">
                <Coords points="1312,885 2086,885 2086,843 1312,847"/>
                <Baseline points="1317,873 1355,872 1393,872 1431,872 1469,872 1508,873 1546,873 1584,873 1622,873 1660,873 1699,873 1737,873 1775,873 1813,873 1851,872 1890,872 1928,872 1966,872 2004,870 2042,870 2081,869"/>
                <TextEquiv>
                    <Unicode>charitatis: vel quod non requiratur causalitas / nec coassisti</Unicode>
                </TextEquiv>
            </TextLine>
            <TextLine id="r1l37" custom="readingOrder {index:17;}">
                <Coords points="1311,921 1995,923 2089,914 2089,884 1311,885"/>
                <Baseline points="1316,909 1354,909 1392,909 1431,909 1469,910 1508,911 1546,911 1584,911 1623,911 1661,911 1700,911 1738,911 1776,911 1815,909 1853,909 1892,909 1930,909 1968,909 2007,908 2045,908 2084,906"/>
                <TextEquiv>
                    <Unicode>tia. et sic hoc argumento tenuiter conclusionem feris</Unicode>
                </TextEquiv>
            </TextLine>
            <TextLine id="r1l39" custom="readingOrder {index:18;}">
                <Coords points="1311,956 2052,960 2095,952 2095,919 1311,921"/>
                <Baseline points="1316,947 1354,947 1393,948 1432,948 1470,948 1509,948 1548,948 1586,947 1625,947 1664,947 1703,947 1741,947 1780,947 1819,945 1857,945 1896,945 1935,945 1973,945 2012,945 2051,944 2090,944"/>
                <TextEquiv>
                    <Unicode>⁋ Quarto argumentor: sequeretur quod voluntas non esset</Unicode>
                </TextEquiv>
            </TextLine>
            <TextLine id="r1l41" custom="readingOrder {index:19;}">
                <Coords points="1311,996 2093,993 2093,951 1311,956"/>
                <Baseline points="1316,983 1354,983 1393,983 1431,983 1470,983 1509,983 1547,984 1586,984 1624,984 1663,984 1702,984 1740,984 1779,983 1817,983 1856,983 1895,983 1933,983 1972,983 2010,983 2049,983 2088,981"/>
                <TextEquiv>
                    <Unicode>libera respectu suorum actuum elicitorum. hoc autem est incon</Unicode>
                </TextEquiv>
            </TextLine>
            <TextLine id="r1l43" custom="readingOrder {index:20;}">
                <Coords points="1314,1031 2098,1021 2075,988 1314,994"/>
                <Baseline points="1319,1022 1357,1022 1396,1022 1435,1022 1473,1022 1512,1022 1551,1022 1589,1022 1628,1020 1667,1020 1706,1020 1744,1020 1783,1020 1822,1020 1860,1020 1899,1019 1938,1019 1976,1019 2015,1019 2054,1020 2093,1020"/>
                <TextEquiv>
                    <Unicode>ueniens. et patet sequela: quia charitas agit naturali¬</Unicode>
                </TextEquiv>
            </TextLine>
            <TextLine id="r1l45" custom="readingOrder {index:21;}">
                <Coords points="1314,1068 2080,1071 2090,1026 1314,1032"/>
                <Baseline points="1319,1058 1357,1058 1395,1058 1433,1058 1472,1058 1510,1058 1548,1058 1587,1058 1625,1058 1663,1058 1702,1058 1740,1056 1778,1056 1816,1056 1855,1056 1893,1056 1931,1055 1970,1055 2008,1055 2046,1055 2085,1056"/>
                <TextEquiv>
                    <Unicode>ter: et per consequens quo ad hoc voluntas insequitur inclinationem</Unicode>
                </TextEquiv>
            </TextLine>
            <TextLine id="r1l46" custom="readingOrder {index:22;}">
                <Coords points="1305,1108 2095,1108 2095,1068 1305,1070"/>
                <Baseline points="1310,1095 1349,1095 1388,1095 1427,1095 1466,1095 1505,1095 1544,1095 1583,1095 1622,1095 1661,1095 1700,1094 1739,1094 1778,1094 1817,1094 1856,1092 1895,1092 1934,1092 1973,1092 2012,1092 2051,1092 2090,1091"/>
                <TextEquiv>
                    <Unicode>charitatis: si igitur voluntas conatu vt duo producat</Unicode>
                </TextEquiv>
            </TextLine>
            <TextLine id="r1l48" custom="readingOrder {index:23;}">
                <Coords points="1308,1141 2086,1138 2086,1108 2047,1101 1308,1107"/>
                <Baseline points="1313,1133 1351,1133 1389,1133 1428,1133 1466,1133 1505,1133 1543,1133 1581,1133 1620,1133 1658,1133 1697,1133 1735,1131 1773,1131 1812,1131 1850,1131 1889,1130 1927,1130 1965,1130 2004,1130 2042,1130 2081,1130"/>
                <TextEquiv>
                    <Unicode>duos gradus actus: et non vellet producere vt tria: iam</Unicode>
                </TextEquiv>
            </TextLine>
            <TextLine id="r1l51" custom="readingOrder {index:24;}">
                <Coords points="1314,1177 2093,1181 2092,1144 2038,1136 1313,1144"/>
                <Baseline points="1319,1169 1357,1169 1395,1170 1434,1170 1472,1170 1511,1169 1549,1169 1588,1169 1626,1169 1665,1169 1703,1169 1741,1167 1780,1167 1818,1167 1857,1167 1895,1167 1934,1167 1972,1167 2011,1167 2049,1167 2088,1167"/>
                <TextEquiv>
                    <Unicode>charitas facit quod voluntas comproducat pius quam vellet: </Unicode>
                </TextEquiv>
            </TextLine>
            <TextLine id="r1l53" custom="readingOrder {index:25;}">
                <Coords points="1309,1215 2087,1219 2087,1182 2032,1173 1309,1182"/>
                <Baseline points="1314,1208 1352,1208 1390,1206 1429,1206 1467,1206 1506,1206 1544,1206 1582,1206 1621,1206 1659,1206 1698,1206 1736,1205 1774,1205 1813,1205 1851,1205 1890,1205 1928,1205 1966,1205 2005,1203 2043,1203 2082,1203"/>
                <TextEquiv>
                    <Unicode>et sic voluntas non est libera quo ad suos actus. ⁋ In¬</Unicode>
                </TextEquiv>
            </TextLine>
            <TextLine id="r1l55" custom="readingOrder {index:26;}">
                <Coords points="1314,1256 2099,1247 2099,1218 1989,1212 1314,1214"/>
                <Baseline points="1319,1244 1357,1245 1396,1245 1435,1245 1474,1245 1512,1245 1551,1244 1590,1244 1629,1244 1667,1244 1706,1242 1745,1242 1784,1242 1822,1242 1861,1242 1900,1241 1939,1241 1977,1241 2016,1241 2055,1242 2094,1242"/>
                <TextEquiv>
                    <Unicode>super non est in potestate voluntatis actum meritorium</Unicode>
                </TextEquiv>
            </TextLine>
            <TextLine id="r1l57" custom="readingOrder {index:27;}">
                <Coords points="1311,1293 2061,1292 2095,1285 2095,1248 1311,1259"/>
                <Baseline points="1316,1280 1354,1281 1393,1281 1432,1281 1470,1281 1509,1281 1548,1281 1586,1281 1625,1281 1664,1281 1703,1281 1741,1281 1780,1280 1819,1280 1857,1280 1896,1280 1935,1280 1973,1278 2012,1278 2051,1278 2090,1277"/>
                <TextEquiv>
                    <Unicode>vniformis intensionis producere. patet: quia gratia infundi</Unicode>
                </TextEquiv>
            </TextLine>
            <TextLine id="r1l59" custom="readingOrder {index:28;}">
                <Coords points="1317,1334 2090,1322 2089,1285 1316,1293"/>
                <Baseline points="1322,1320 1360,1320 1398,1320 1436,1320 1474,1319 1512,1319 1550,1319 1588,1319 1626,1319 1664,1318 1703,1317 1741,1317 1779,1317 1817,1317 1855,1316 1893,1316 1931,1316 1969,1316 2007,1314 2045,1314 2084,1313"/>
                <TextEquiv>
                    <Unicode>tur maior a maior: et ad maioritatem gratie maioratur</Unicode>
                </TextEquiv>
            </TextLine>
            <TextLine id="r1l61" custom="readingOrder {index:29;}">
                <Coords points="1318,1367 2086,1368 2086,1321 1318,1333"/>
                <Baseline points="1323,1356 1360,1356 1398,1356 1436,1356 1474,1356 1512,1356 1550,1356 1588,1355 1626,1355 1664,1355 1702,1355 1739,1355 1777,1355 1815,1353 1853,1353 1891,1353 1929,1353 1967,1352 2005,1352 2043,1352 2081,1352"/>
                <TextEquiv>
                    <Unicode>actus gradualiter. igitur. ⁋ Respondetur voluntas non</Unicode>
                </TextEquiv>
            </TextLine>
            <TextLine id="r1l63" custom="readingOrder {index:30;}">
                <Coords points="1314,1404 2090,1396 2089,1368 1979,1360 1313,1366"/>
                <Baseline points="1319,1392 1357,1394 1395,1394 1433,1394 1472,1394 1510,1394 1548,1394 1587,1393 1625,1392 1663,1392 1702,1392 1740,1391 1778,1391 1816,1391 1855,1391 1893,1389 1931,1389 1970,1389 2008,1389 2046,1389 2085,1389"/>
                <TextEquiv>
                    <Unicode>est sic libera quod potest producere actu elicitum vt libet: po¬</Unicode>
                </TextEquiv>
            </TextLine>
            <TextLine id="r1l65" custom="readingOrder {index:31;}">
                <Coords points="1312,1444 2102,1443 2081,1395 1311,1404"/>
                <Baseline points="1317,1431 1356,1431 1395,1431 1434,1431 1473,1430 1512,1430 1551,1430 1590,1430 1629,1429 1668,1428 1707,1428 1746,1428 1785,1428 1824,1428 1863,1428 1902,1427 1941,1427 1980,1427 2019,1427 2058,1427 2097,1425"/>
                <TextEquiv>
                    <Unicode>test enim velle voluntas producere actum infinitum sine al¬</Unicode>
                </TextEquiv>
            </TextLine>
            <TextLine id="r1l67" custom="readingOrder {index:32;}">
                <Coords points="1315,1476 1978,1487 2099,1479 2099,1441 1314,1443"/>
                <Baseline points="1320,1469 1358,1468 1397,1467 1436,1467 1474,1467 1513,1467 1552,1466 1590,1466 1629,1466 1668,1466 1707,1466 1745,1464 1784,1464 1823,1464 1861,1464 1900,1464 1939,1464 1977,1463 2016,1463 2055,1463 2094,1463"/>
                <TextEquiv>
                    <Unicode>terius ope: et quod producat actum sine partibus gradua</Unicode>
                </TextEquiv>
            </TextLine>
            <TextLine id="r1l69" custom="readingOrder {index:33;}">
                <Coords points="1311,1515 2096,1510 2076,1471 1311,1475"/>
                <Baseline points="1316,1505 1354,1505 1393,1505 1432,1503 1471,1503 1509,1503 1548,1503 1587,1503 1626,1503 1664,1503 1703,1503 1742,1503 1781,1503 1819,1502 1858,1502 1897,1502 1936,1502 1974,1502 2013,1502 2052,1500 2091,1500"/>
                <TextEquiv>
                    <Unicode>libus: voluntas est libera ad producere vel non produ</Unicode>
                </TextEquiv>
            </TextLine>
            <TextLine id="r1l71" custom="readingOrder {index:34;}">
                <Coords points="1317,1554 2079,1551 2095,1511 1317,1517"/>
                <Baseline points="1322,1541 1360,1541 1398,1542 1437,1542 1475,1542 1514,1541 1552,1541 1590,1541 1629,1541 1667,1541 1706,1539 1744,1539 1782,1539 1821,1539 1859,1539 1898,1538 1936,1538 1974,1538 2013,1538 2051,1538 2090,1538"/>
                <TextEquiv>
                    <Unicode>cere actum suum elicitum: sed non ad qualitercumque produ</Unicode>
                </TextEquiv>
            </TextLine>
            <TextLine id="r1l73" custom="readingOrder {index:35;}">
                <Coords points="1326,1586 2092,1591 2101,1546 1326,1555"/>
                <Baseline points="1331,1580 1369,1580 1407,1578 1445,1578 1484,1578 1522,1578 1560,1577 1598,1577 1637,1577 1675,1577 1713,1577 1751,1577 1790,1577 1828,1577 1866,1577 1904,1577 1943,1575 1981,1575 2019,1575 2057,1575 2096,1574"/>
                <TextEquiv>
                    <Unicode>tendum actum suum. et stat voluntatem habere intensiorem actum</Unicode>
                </TextEquiv>
            </TextLine>
            <TextLine id="r1l75" custom="readingOrder {index:36;}">
                <Coords points="1324,1634 2105,1623 2105,1591 2078,1581 1324,1586"/>
                <Baseline points="1329,1616 1367,1616 1406,1616 1444,1616 1483,1616 1521,1616 1560,1616 1598,1616 1637,1614 1675,1614 1714,1614 1753,1614 1791,1613 1830,1613 1868,1613 1907,1613 1945,1611 1984,1611 2022,1611 2061,1612 2100,1613"/>
                <TextEquiv>
                    <Unicode>quam vellet habere. ⁋ Ad secundum nego quod non sit situm in</Unicode>
                </TextEquiv>
            </TextLine>
            <TextLine id="r1l77" custom="readingOrder {index:37;}">
                <Coords points="1318,1662 2104,1661 2104,1626 2075,1620 1318,1624"/>
                <Baseline points="1323,1653 1361,1653 1400,1653 1439,1653 1478,1653 1517,1653 1555,1652 1594,1652 1633,1652 1672,1652 1711,1652 1749,1652 1788,1650 1827,1650 1866,1650 1905,1650 1943,1650 1982,1650 2021,1649 2060,1649 2099,1649"/>
                <TextEquiv>
                    <Unicode>facultate voluntatis habere actum vniformis inten</Unicode>
                </TextEquiv>
            </TextLine>
            <TextLine id="r1l79" custom="readingOrder {index:38;}">
                <Coords points="1312,1701 2104,1702 2089,1657 1312,1662"/>
                <Baseline points="1317,1691 1356,1690 1395,1689 1434,1689 1473,1689 1512,1689 1551,1689 1590,1688 1629,1688 1668,1688 1708,1688 1747,1688 1786,1688 1825,1688 1864,1688 1903,1686 1942,1686 1981,1686 2020,1686 2059,1685 2099,1685"/>
                <TextEquiv>
                    <Unicode>sionis: quia licet gratia maioretur que actum intendit</Unicode>
                </TextEquiv>
            </TextLine>
            <TextLine id="r1l81" custom="readingOrder {index:39;}">
                <Coords points="1317,1741 2101,1738 2101,1701 1317,1704"/>
                <Baseline points="1322,1730 1360,1728 1399,1728 1438,1727 1476,1727 1515,1727 1554,1725 1592,1725 1631,1725 1670,1725 1709,1725 1747,1724 1786,1724 1825,1724 1863,1724 1902,1724 1941,1724 1979,1722 2018,1722 2057,1722 2096,1721"/>
                <TextEquiv>
                    <Unicode>ex parte eius: voluntas tamen potest minus a minus co</Unicode>
                </TextEquiv>
            </TextLine>
            <TextLine id="r1l83" custom="readingOrder {index:40;}">
                <Coords points="1312,1776 2095,1767 2095,1738 2050,1726 1312,1738"/>
                <Baseline points="1317,1764 1355,1764 1394,1764 1432,1764 1471,1764 1510,1764 1548,1764 1587,1763 1626,1763 1664,1763 1703,1763 1742,1762 1780,1761 1819,1761 1858,1761 1896,1761 1935,1761 1974,1760 2012,1760 2051,1760 2090,1760"/>
                <TextEquiv>
                    <Unicode>nari: et sicut gratia potest partibiliter augeri a non gra</Unicode>
                </TextEquiv>
            </TextLine>
            <TextLine id="r1l85" custom="readingOrder {index:41;}">
                <Coords points="1324,1813 2087,1812 2098,1767 1324,1773"/>
                <Baseline points="1329,1800 1367,1800 1405,1800 1443,1800 1481,1800 1520,1800 1558,1800 1596,1800 1634,1799 1672,1799 1711,1799 1749,1799 1787,1799 1825,1799 1863,1799 1902,1797 1940,1797 1978,1797 2016,1797 2054,1796 2093,1796"/>
                <TextEquiv>
                    <Unicode>du ad gradum certum quattuor vel octo vsque: sic volun</Unicode>
                </TextEquiv>
            </TextLine>
            <TextLine id="r1l87" custom="readingOrder {index:42;}">
                <Coords points="1314,1849 2102,1842 2101,1809 2011,1803 1313,1811"/>
                <Baseline points="1319,1838 1357,1838 1396,1838 1435,1838 1474,1838 1513,1838 1552,1838 1591,1836 1630,1836 1669,1836 1708,1835 1746,1835 1785,1835 1824,1835 1863,1834 1902,1833 1941,1833 1980,1833 2019,1835 2058,1835 2097,1835"/>
                <TextEquiv>
                    <Unicode>tas potest moueri a gradu conatus vt octo vel quat</Unicode>
                </TextEquiv>
            </TextLine>
            <TextLine id="r1l89" custom="readingOrder {index:43;}">
                <Coords points="1317,1884 2097,1887 2105,1842 1317,1849"/>
                <Baseline points="1322,1875 1360,1875 1399,1875 1438,1875 1477,1875 1516,1874 1555,1874 1594,1874 1633,1872 1672,1872 1711,1872 1749,1871 1788,1871 1827,1871 1866,1871 1905,1871 1944,1871 1983,1871 2022,1871 2061,1872 2100,1874"/>
                <TextEquiv>
                    <Unicode>tuor ad non gradum vsque conatus. ⁋ Sed petes quod </Unicode>
                </TextEquiv>
            </TextLine>
            <TextLine id="r1l91" custom="readingOrder {index:44;}">
                <Coords points="1323,1924 2053,1925 2095,1916 2095,1884 1323,1885"/>
                <Baseline points="1328,1913 1366,1913 1404,1913 1442,1911 1480,1911 1518,1911 1556,1911 1594,1910 1632,1910 1670,1910 1709,1908 1747,1908 1785,1908 1823,1907 1861,1907 1899,1907 1937,1907 1975,1907 2013,1908 2051,1908 2090,1910"/>
                <TextEquiv>
                    <Unicode>istorum agentium est principalius: scilicet voluntas an</Unicode>
                </TextEquiv>
            </TextLine>
            <TextLine id="r1l93" custom="readingOrder {index:45;}">
                <Coords points="1317,1963 2102,1954 2101,1918 1316,1924"/>
                <Baseline points="1322,1952 1360,1950 1399,1950 1438,1949 1476,1949 1515,1949 1554,1947 1592,1947 1631,1947 1670,1947 1709,1946 1747,1946 1786,1946 1825,1946 1863,1946 1902,1946 1941,1944 1979,1944 2018,1944 2057,1944 2096,1944"/>
                <TextEquiv>
                    <Unicode>gratia: ⁋ Respondetur. quod se habent sicut excedens et</Unicode>
                </TextEquiv>
            </TextLine>
            <TextLine id="r1l95" custom="readingOrder {index:46;}">
                <Coords points="1323,1999 1928,2003 2080,1992 2093,1954 1323,1964"/>
                <Baseline points="1328,1988 1366,1988 1404,1987 1442,1986 1480,1986 1518,1986 1556,1985 1594,1985 1632,1985 1670,1985 1708,1983 1746,1983 1784,1983 1822,1983 1860,1983 1898,1982 1936,1982 1974,1982 2012,1982 2050,1982 2088,1982"/>
                <TextEquiv>
                    <Unicode>excessum: voluntas enim vtitur gratia tanquam suo instru¬</Unicode>
                </TextEquiv>
            </TextLine>
            <TextLine id="r1l97" custom="readingOrder {index:47;}">
                <Coords points="1321,2032 2104,2033 2104,1996 1321,1998"/>
                <Baseline points="1326,2025 1364,2024 1403,2024 1441,2022 1480,2022 1519,2022 1557,2022 1596,2021 1635,2021 1673,2021 1712,2021 1751,2021 1789,2021 1828,2021 1867,2021 1905,2021 1944,2020 1983,2019 2021,2019 2060,2019 2099,2018"/>
                <TextEquiv>
                    <Unicode>mento. et sic est gratia principalior. Quod sit perfectior</Unicode>
                </TextEquiv>
            </TextLine>
            <TextLine id="r1l99" custom="readingOrder {index:48;}">
                <Coords points="1321,2073 2102,2065 2085,2027 1321,2031"/>
                <Baseline points="1326,2061 1364,2060 1403,2060 1441,2060 1480,2060 1518,2060 1557,2060 1595,2060 1634,2058 1672,2058 1711,2058 1750,2058 1788,2058 1827,2058 1865,2058 1904,2058 1942,2058 1981,2057 2019,2057 2058,2057 2097,2057"/>
                <TextEquiv>
                    <Unicode>in essentia non est questio. potest producere actum sine</Unicode>
                </TextEquiv>
            </TextLine>
            <TextLine id="r1l101" custom="readingOrder {index:49;}">
                <Coords points="1317,2107 2051,2109 2093,2102 2093,2066 1317,2071"/>
                <Baseline points="1322,2099 1360,2099 1398,2097 1436,2097 1475,2097 1513,2097 1551,2096 1590,2096 1628,2096 1666,2096 1705,2096 1743,2096 1781,2096 1819,2096 1858,2096 1896,2096 1934,2094 1973,2094 2011,2094 2049,2093 2088,2091"/>
                <TextEquiv>
                    <Unicode>charitate: non autem econuerso. et sic potest vocari causa</Unicode>
                </TextEquiv>
            </TextLine>
            <TextLine id="r1l103" custom="readingOrder {index:50;}">
                <Coords points="1311,2152 1994,2150 2104,2139 2104,2101 1311,2112"/>
                <Baseline points="1316,2139 1355,2138 1394,2136 1433,2136 1472,2135 1511,2135 1550,2133 1590,2133 1629,2133 1668,2133 1707,2133 1746,2133 1785,2133 1824,2133 1864,2133 1903,2133 1942,2133 1981,2132 2020,2132 2059,2132 2099,2132"/>
                <TextEquiv>
                    <Unicode>precipua quo ad intensionem: non quo ad esse meriti: li</Unicode>
                </TextEquiv>
            </TextLine>
            <TextLine id="r1l105" custom="readingOrder {index:51;}">
                <Coords points="1314,2185 2014,2185 2096,2178 2096,2141 1314,2151"/>
                <Baseline points="1319,2174 1357,2174 1396,2172 1434,2172 1473,2172 1512,2172 1550,2171 1589,2171 1627,2171 1666,2171 1705,2171 1743,2171 1782,2171 1820,2171 1859,2169 1898,2169 1936,2169 1975,2168 2013,2168 2052,2167 2091,2166"/>
                <TextEquiv>
                    <Unicode>cet meritum non potest esse pius sine voluntate quam sine</Unicode>
                </TextEquiv>
            </TextLine>
            <TextLine id="r1l107" custom="readingOrder {index:52;}">
                <Coords points="1311,2222 2095,2212 2094,2177 1993,2171 1310,2183"/>
                <Baseline points="1316,2213 1354,2211 1393,2211 1432,2210 1470,2208 1509,2208 1548,2208 1586,2207 1625,2207 1664,2207 1703,2207 1741,2207 1780,2207 1819,2207 1857,2207 1896,2207 1935,2207 1973,2205 2012,2205 2051,2204 2090,2204"/>
                <TextEquiv>
                    <Unicode>gratia. sed quia voluntas potest perperam actum elicere</Unicode>
                </TextEquiv>
            </TextLine>
            <TextLine id="r1l109" custom="readingOrder {index:53;}">
                <Coords points="1311,2264 2039,2260 2104,2254 2104,2221 1311,2222"/>
                <Baseline points="1316,2249 1355,2247 1394,2247 1433,2247 1472,2247 1511,2246 1550,2246 1590,2246 1629,2246 1668,2246 1707,2246 1746,2246 1785,2246 1824,2244 1864,2244 1903,2244 1942,2244 1981,2244 2020,2243 2059,2243 2099,2243"/>
                <TextEquiv>
                    <Unicode>gratia vero nunquam hoc efficere potest: sed semper recto</Unicode>
                </TextEquiv>
            </TextLine>
            <TextLine id="r1l111" custom="readingOrder {index:54;}">
                <Coords points="1314,2293 2062,2296 2092,2293 2092,2253 1314,2265"/>
                <Baseline points="1319,2285 1357,2285 1395,2284 1434,2283 1472,2283 1511,2283 1549,2283 1587,2283 1626,2283 1664,2283 1703,2283 1741,2282 1779,2282 1818,2282 1856,2282 1895,2282 1933,2282 1971,2280 2010,2280 2048,2279 2087,2279"/>
                <TextEquiv>
                    <Unicode>calle tendit in beatitatem: ideo dicitur esse precipua re¬</Unicode>
                </TextEquiv>
            </TextLine>
            <TextLine id="r1l113" custom="readingOrder {index:55;}">
                <Coords points="1326,2337 2099,2323 2098,2292 1325,2291"/>
                <Baseline points="1331,2324 1369,2322 1407,2322 1445,2321 1483,2321 1521,2321 1559,2321 1597,2321 1635,2321 1673,2321 1712,2320 1750,2319 1788,2319 1826,2319 1864,2319 1902,2319 1940,2318 1978,2318 2016,2316 2054,2315 2093,2313"/>
                <TextEquiv>
                    <Unicode>spectu actus in esse meriti. propterea non ab re compara</Unicode>
                </TextEquiv>
            </TextLine>
            <TextLine id="r1l115" custom="readingOrder {index:56;}">
                <Coords points="1323,2373 2106,2353 2105,2321 1322,2334"/>
                <Baseline points="1328,2360 1366,2360 1405,2358 1443,2358 1482,2358 1521,2357 1559,2357 1598,2357 1636,2357 1675,2357 1714,2357 1752,2357 1791,2357 1829,2357 1868,2357 1907,2356 1945,2355 1984,2354 2022,2352 2061,2351 2100,2349"/>
                <TextEquiv>
                    <Unicode>tur ab Augustino sessori / qui equum regit. Qnde diximus.</Unicode>
                </TextEquiv>
            </TextLine>
            <TextLine id="r1l117" custom="readingOrder {index:57;}">
                <Coords points="1321,2406 2101,2403 2101,2361 1321,2370"/>
                <Baseline points="1326,2397 1364,2396 1403,2396 1441,2396 1480,2396 1518,2394 1557,2394 1595,2394 1634,2394 1672,2394 1711,2394 1749,2394 1788,2394 1826,2394 1865,2393 1903,2393 1942,2393 1980,2392 2019,2391 2057,2391 2096,2390"/>
                <TextEquiv>
                    <Unicode>voluntatem esse precipuam causam qno ad intensionem</Unicode>
                </TextEquiv>
            </TextLine>
            <TextLine id="r1l119" custom="readingOrder {index:58;}">
                <Coords points="1322,2443 2112,2442 2111,2404 2088,2398 1321,2406"/>
                <Baseline points="1326,2432 1365,2432 1404,2432 1443,2432 1482,2432 1521,2432 1560,2432 1599,2430 1638,2430 1677,2430 1716,2430 1755,2430 1794,2430 1833,2430 1872,2430 1911,2430 1950,2429 1989,2429 2028,2429 2067,2429 2106,2429"/>
                <TextEquiv>
                    <Unicode>actus / non intelligimus quod gratia nihil faciat ad illud: </Unicode>
                </TextEquiv>
            </TextLine>
            <TextLine id="r1l121" custom="readingOrder {index:59;}">
                <Coords points="1318,2481 2101,2478 2101,2443 2035,2433 1318,2441"/>
                <Baseline points="1323,2471 1361,2471 1400,2469 1438,2469 1477,2469 1516,2469 1554,2469 1593,2469 1632,2469 1670,2469 1709,2469 1748,2469 1786,2469 1825,2468 1864,2468 1902,2468 1941,2468 1980,2466 2018,2466 2057,2465 2096,2465"/>
                <TextEquiv>
                    <Unicode>immo interdum (vt nuprime dictum est) facit actum esse in¬</Unicode>
                </TextEquiv>
            </TextLine>
            <TextLine id="r1l123" custom="readingOrder {index:60;}">
                <Coords points="1312,2515 2051,2519 2099,2506 2099,2479 1312,2480"/>
                <Baseline points="1317,2508 1355,2507 1394,2507 1433,2507 1472,2505 1511,2505 1550,2505 1588,2505 1627,2505 1666,2505 1705,2505 1744,2505 1783,2505 1822,2505 1860,2505 1899,2505 1938,2504 1977,2504 2016,2502 2055,2502 2094,2501"/>
                <TextEquiv>
                    <Unicode>tensiorem quam fuisset sine ea: immo semper facit actum in¬</Unicode>
                </TextEquiv>
            </TextLine>
            <TextLine id="r1l125" custom="readingOrder {index:61;}">
                <Coords points="1312,2554 2105,2551 2105,2506 1312,2517"/>
                <Baseline points="1317,2544 1356,2544 1395,2543 1434,2543 1473,2543 1512,2543 1551,2543 1591,2543 1630,2543 1669,2543 1708,2543 1747,2543 1786,2543 1825,2543 1865,2543 1904,2541 1943,2541 1982,2541 2021,2540 2060,2538 2100,2538"/>
                <TextEquiv>
                    <Unicode>tensiorem cum equali conatu. ⁋ Sed dices: homo est</Unicode>
                </TextEquiv>
            </TextLine>
            <TextLine id="r1l127" custom="readingOrder {index:62;}">
                <Coords points="1320,2591 2108,2580 2099,2550 1320,2551"/>
                <Baseline points="1325,2582 1363,2582 1402,2580 1441,2580 1480,2580 1519,2580 1558,2580 1597,2580 1636,2580 1675,2580 1714,2580 1752,2580 1791,2580 1830,2580 1869,2579 1908,2579 1947,2579 1986,2579 2025,2577 2064,2577 2103,2576"/>
                <TextEquiv>
                    <Unicode>subdubius inter multos actus meritorios quem eorum</Unicode>
                </TextEquiv>
            </TextLine>
            <TextLine id="r1l129" custom="readingOrder {index:63;}">
                <Coords points="1322,2626 2048,2631 2102,2620 2102,2581 1321,2590"/>
                <Baseline points="1326,2619 1364,2619 1403,2618 1441,2618 1480,2618 1518,2618 1557,2618 1595,2618 1634,2618 1672,2618 1711,2619 1750,2619 1788,2619 1827,2618 1865,2618 1904,2618 1942,2618 1981,2616 2019,2616 2058,2615 2097,2613"/>
                <TextEquiv>
                    <Unicode>eliciet: vt inter operationes incompossibiles ad quem</Unicode>
                </TextEquiv>
            </TextLine>
            <TextLine id="r1l131" custom="readingOrder {index:64;}">
                <Coords points="1312,2663 2095,2656 2079,2623 1311,2627"/>
                <Baseline points="1317,2657 1355,2657 1394,2655 1432,2655 1471,2655 1510,2655 1548,2655 1587,2655 1626,2655 1664,2655 1703,2655 1742,2655 1780,2655 1819,2655 1858,2655 1896,2655 1935,2655 1974,2655 2012,2654 2051,2652 2090,2651"/>
                <TextEquiv>
                    <Unicode>illorum actuum primo inclinet charitas. ⁋ Respondetur</Unicode>
                </TextEquiv>
            </TextLine>
            <TextLine id="r1l133" custom="readingOrder {index:65;}">
                <Coords points="1309,2708 1992,2719 2104,2701 2104,2656 1309,2670"/>
                <Baseline points="1314,2694 1353,2694 1392,2694 1431,2693 1471,2693 1510,2693 1549,2693 1588,2693 1628,2694 1667,2694 1706,2694 1745,2694 1785,2694 1824,2694 1863,2694 1902,2694 1942,2693 1981,2693 2020,2691 2059,2691 2099,2690"/>
                <TextEquiv>
                    <Unicode>charitas non necessitat voluntatem: et ad quemcumque actum</Unicode>
                </TextEquiv>
            </TextLine>
            <TextEquiv>
                <Unicode>concurrit vltra quattuor: sed voluntas quae habuit max
mum actum quem poterat habere vt nouem / ob superue¬
nientem gratiam et animam irrorantem ad maiorem actum
concurrit quam pius. ⁋ Sed contra istud argumentor. po¬
natur quod charitas sit in anima et sortes diligat platonem
propter deum et deus impediat actiuitate charitatis:
hoc est non moueat charitatem ad agendum: tunc dilectio
sortis est meritoria et tamen ad illud meritum non concur¬
rit charitas. ergo sufficit coassistentia charitatis at non
requiritur coefficientia. ⁋ Admitto casum quod non coa¬
gat cum actione charitatis: tunc non agit: sed ex illo non
probas quin ex sua natura ad actum meritorium concur
rat: vt in igne regis Sabylonis: Danielis. iii. sed pue¬
ros non calefecit ignis: tamen ignis erat calefactiuus. sed 
an ille actus erit meritorius in casu me fugit: deus po¬
test dare aliam legem vel facere quod sufficiat coassistentia
charitatis: vel quod non requiratur causalitas / nec coassisti
tia. et sic hoc argumento tenuiter conclusionem feris
⁋ Quarto argumentor: sequeretur quod voluntas non esset
libera respectu suorum actuum elicitorum. hoc autem est incon
ueniens. et patet sequela: quia charitas agit naturali¬
ter: et per consequens quo ad hoc voluntas insequitur inclinationem
charitatis: si igitur voluntas conatu vt duo producat
duos gradus actus: et non vellet producere vt tria: iam
charitas facit quod voluntas comproducat pius quam vellet: 
et sic voluntas non est libera quo ad suos actus. ⁋ In¬
super non est in potestate voluntatis actum meritorium
vniformis intensionis producere. patet: quia gratia infundi
tur maior a maior: et ad maioritatem gratie maioratur
actus gradualiter. igitur. ⁋ Respondetur voluntas non
est sic libera quod potest producere actu elicitum vt libet: po¬
test enim velle voluntas producere actum infinitum sine al¬
terius ope: et quod producat actum sine partibus gradua
libus: voluntas est libera ad producere vel non produ
cere actum suum elicitum: sed non ad qualitercumque produ
tendum actum suum. et stat voluntatem habere intensiorem actum
quam vellet habere. ⁋ Ad secundum nego quod non sit situm in
facultate voluntatis habere actum vniformis inten
sionis: quia licet gratia maioretur que actum intendit
ex parte eius: voluntas tamen potest minus a minus co
nari: et sicut gratia potest partibiliter augeri a non gra
du ad gradum certum quattuor vel octo vsque: sic volun
tas potest moueri a gradu conatus vt octo vel quat
tuor ad non gradum vsque conatus. ⁋ Sed petes quod 
istorum agentium est principalius: scilicet voluntas an
gratia: ⁋ Respondetur. quod se habent sicut excedens et
excessum: voluntas enim vtitur gratia tanquam suo instru¬
mento. et sic est gratia principalior. Quod sit perfectior
in essentia non est questio. potest producere actum sine
charitate: non autem econuerso. et sic potest vocari causa
precipua quo ad intensionem: non quo ad esse meriti: li
cet meritum non potest esse pius sine voluntate quam sine
gratia. sed quia voluntas potest perperam actum elicere
gratia vero nunquam hoc efficere potest: sed semper recto
calle tendit in beatitatem: ideo dicitur esse precipua re¬
spectu actus in esse meriti. propterea non ab re compara
tur ab Augustino sessori / qui equum regit. Qnde diximus.
voluntatem esse precipuam causam qno ad intensionem
actus / non intelligimus quod gratia nihil faciat ad illud: 
immo interdum (vt nuprime dictum est) facit actum esse in¬
tensiorem quam fuisset sine ea: immo semper facit actum in¬
tensiorem cum equali conatu. ⁋ Sed dices: homo est
subdubius inter multos actus meritorios quem eorum
eliciet: vt inter operationes incompossibiles ad quem
illorum actuum primo inclinet charitas. ⁋ Respondetur
charitas non necessitat voluntatem: et ad quemcumque actum</Unicode>
            </TextEquiv>
        </TextRegion>
    </Page>
</PcGts>
