2361 3302
261 239 1052 293 est. nam romanus potestifex illud prohibet de reli. et vene.
258 278 1049 321 sanctorum capitu. primo inquiens. Illum ergo non presu
256 317 1045 360 matis de cetero colere. etiam si per illum miracula fie
262 355 1039 395 rent: non liceret ipsum pro sancto absque auctoritate re
259 392 1036 434 mane ecclesie venerari. In oppositum est consuetudo
256 431 1040 471 multorum: qui aliquos publice colunt nondum canoniza¬
255 465 1043 508 tos. Respondetur ad dubitationem per propositiones sequentes.
274 503 1038 549 Prima est. Cicitum est aliquem non canonizatum priuate
264 541 1046 585 rogare: vt pro se intercedat. patet: quia iste iudicat talem
268 577 1046 619 sctantum. et ad hoc est argumentum. xxxii. di o. verum. xv. q. vltima. ca.
271 614 1043 656 finali. nec aliquid aliud obstat. non prohibitio pontificis:
261 652 1046 694 qui illa intelligitur de solemni adoratioe. ⁋ Secunda proposi
261 687 1046 729 tio. LCicet aliquem non canonigatum ab ecclia formali¬
261 726 1043 774 ter publice venerari pro sacto. Nam dato opposito ple¬
255 764 1043 807 rosque damnabis in multis regionibus varios sanctons colen¬
255 803 1037 840 tes. vtputa nostrates beatum Ninianum Mritamnorum re¬
256 840 1049 883 gis filium colentes publice: et in aliis regionibus illud
252 880 1048 921 idem comperies. Preterea probatur quod illud licet: quia inu¬
256 914 1046 955 mera miracula per illum fiunt: et dum spiritus suos rege
255 949 1037 991 ret artus de bonitate vite non dubitabatur / sed vite
262 987 1046 1025 sanctimonia et miraculis claruit. In talibus namque ec¬
259 1022 1052 1071 culia tacite consentit: cum istud in multos annos protractum
261 1061 1043 1106 sit: et lufficit quod ecclia regionis hoc recipiat: dato quod
261 1102 1046 1138 potestifici romano non constiterit. Ulterius canonizatio
255 1135 1049 1184 lanctorum nihil aliud est quam declaratio sanctimonie ali
262 1169 1043 1212 cuius. modo aliqui sunt sancti de quorum sanctimonia non
261 1211 1043 1253 dubitatur. populus enim vel ex incuria / vel nolens addere fa
252 1249 1051 1297 cem soli: non petiit canonizatione. ergo tales licet colere / et
277 1284 1046 1322 vtualiter sunt canonizati. ⁋ Tertia propositio. Nemo de¬
256 1319 1046 1360 bet aliquem colere publice pro sancto de quo est dubiu vel
261 1356 1040 1406 esse debet / an sit sanctus. hoc patet per primum ca. rubrice su
258 1395 1048 1438 perius allegate: et per illud quod cotingit in diebus bea¬
264 1438 1050 1480 ti Martini. Nec oportet dicere etiam primo colentes
265 1469 1052 1515 sanctons istos celeberrimos peccasse: quia enim eorum
267 1510 1046 1552 vite sanctimonia ipsis viuentibus erat super ethera no
261 1546 1052 1605 ta: tandem ipsis viam vniuerse carnis ingredienti¬
262 1575 769 1626 bus / testimonium suffici ens erat
268 1612 1043 1658 ⁋ Dubitatur octauo: quid debeat facere infidelis ve¬
264 1657 1037 1696 niens coram duobus oppositis puta coram Moyse et Aare
261 1697 1049 1743 ex vna parte / et magi Pharaonis ex altera parte: cui scilicet
262 1733 1047 1781 parti debeat credere. Dices. ipsis rationabilitur certantibus
262 1770 1052 1811 suspendere debet iudicium credendi: et interim rogare deum e
256 1804 1055 1854 facere quod in se est / et ipe non derelinquat eum in necessariis
262 1847 1046 1891 ad salutem. Sicut enim materia disposita per quaelitatiuas
274 1882 1046 1924 dispositiones introducit formam substantialem interdum ipsam
262 1922 1050 1971 creando: non numquam tamen eam cum secunda causando: sic deus horto
265 1947 1046 1996 anime rigato: fidem et cetera id genus necessaria ad salutem
273 1993 1055 2035 lupintundet. ⁋ Dubitatur nono. an tam paruus actus volun
268 2026 1048 2070 tatis sufficiat ad causandum assensum istius: deus est tri¬
267 2066 1041 2118 nus et vnus quam istius deus est. ⁋ Dubitatur decimo: an
270 2098 1046 2152 fides infundatur sine charitate. ⁋ Undecimo. an fi¬
267 2139 1056 2187 des intendatur sicut charitas: et similiter an remittatur.
280 2175 1052 2224 ⁋ Ad primum dicitur forte quod non / sed datur maximus actus
279 2219 1053 2265 voluntatis: qui non sufficit cu hoc motiuo. Vel datur mini
271 2255 1053 2302 mus actus voluntatis: qui cum eodem motiuo sufficit: et quia ille
270 2290 1057 2342 actus voluntatis est liber / sicut actus remissus est liber / ita
277 2326 1050 2378 liberum est credere deum esse trinum in pionis / et vnum in
268 2364 1053 2412 essentia sicut credere deum esse. Et ita de incarnatione et
268 2403 1054 2448 de existentia corpis christi in eucharistia dicatur respectu
267 2436 1056 2487 istius / deus est. Et quia illa sunt de altissimis credibilibus:
277 2478 1055 2522 nullum credibile dabitur quin motiuum habeatur sufficiens cum
268 2514 1037 2561 actu spotestaneo voluntatis. Plus enim de motiuo min
277 2548 1040 2595 coexigit de actu voluntatis ad credendum: nec erit asse
270 2582 1058 2641 sus in rationibus topicis vel in solis actibus voluntatis: quo
283 2618 1047 2675 se solo fidem producere sufficiant. ⁋ Ad decimum dicitur quod
267 2657 1055 2723 sic: quod patet de adulto baptizato in mortali cui fides
1108 237 1898 299 infunditur: et forte spes. Quod probatur: quia dato quod in bono
1114 282 1904 340 simul infundantur: propter mortale charitas tollitur aliis
1108 322 1895 378 duabus stantibus: ergo eodem modo fuit in prima infusione. fi¬
1111 359 1900 406 des enim et spes perheresim pertinacem et desperationem tollun¬
1103 400 1888 444 tur: licet charitas connectatur aliis duabus et sine eis non
1107 430 1889 488 habeatur: bene tamen contra. ⁋ Ad vndecimum respondetur. de fi¬
1111 475 1892 523 de cquisita non est dubium quin illa intendatur et remittatur
1107 507 1897 565 tam quo ad actum quam quo ad habitum. sed intedimus loqui
1117 549 1892 591 de infusa: et dicitur quod illa intenditur de lege. patet: quia dixit domins
1126 576 1889 637 petro. Mattrei. xiini. Modice fidei quire dubistasti¬
1111 625 1902 668 et mulieri Chananee. Matthei. xv. Mulier magna¬
1108 655 1892 707 est fides tua. ergo aliqua fides est maior alia. Idem patet
1108 691 1895 750 Matthei. viii. de Centurione. de cuius fide dixit Christus.
1111 734 1891 782 non inueni tantam fidem in isrtur. Sed dices. he auctoritates
1108 765 1892 822 intelliguntur de fide cquisita et non infusa. Arguitur. charitas
1113 806 1898 861 augetur quae facilitatei vt ita dicam / ad actum meritorium vt po¬
1111 840 1891 897 stea distinctione. xvii. notum euadet. sed fides infusa in¬
1114 877 1892 936 clinat in actum credendi: et est anime ornamentum. ergo proportio
1110 919 1895 967 nabiliter debet augeri: dignificanda est enim natura vbi non
1120 954 1903 998 constat de opposito. ergo nec concursus nec intensio est ne¬
1117 992 1889 1041 ganda a fide infusa: cum intensior plus concurrat quam remissior
1108 1035 1894 1077 augetur autem fides per solos actus credendi siue informes
1108 1062 1889 1112 siue non: sicut charitas infusa p omnem actum merito. ium
1120 1099 1892 1157 sed (vt opinor) deus tollit fidem et spece infusas a decedem¬
1107 1139 1899 1192 te in mortali peccato. si enim manent per instans vel tempus
1114 1174 1904 1226 in damnato: semper in illo manerent: quod non videtur dicendum.
1117 1211 1900 1259 SDesperans autem redit conuersus ad maiorem fidem quam antea /
1117 1250 1897 1293 sicut resurgens resurgit ad maiorem gratiam solito. Fi¬
1114 1291 1895 1337 des sao infusa non remittitur de lege. bene tamen est remis¬
1117 1323 1914 1375 sibilis: quia si remitteretur / hoc esset per heresim pertinacem vel
1114 1369 1900 1410 aliud crimem impetinens fidei. Secundum non est dicendum: quia tunc
1111 1398 1898 1450 fides infusa remitteretur ad non gradum inclusiue sine
1120 1437 1898 1488 despatione. nec primum: quia heresis pertinax totam fidem in¬
1110 1470 1909 1523 fulam quantumcumque intensa fuerit tollitu. primum enim instans
1123 1518 1910 1560 talis heresis est primum instans non esse fidei infuse si in in¬
1119 1548 1903 1589 stati producatur. si subiio producatur seu pure partiabilitur: vl¬
1117 1588 1908 1634 timum instans non esse heresis talis est vltimum instans
1117 1626 1906 1683 esse fidei infuse: nec tale ens inconuenit a deo annihi¬
1116 1660 1519 1713 lari subito secundum legem.
1306 1690 1898 1745 Veritur secundo: vtrum propositio mentalis compo¬
1309 1740 1897 1785 natur ex pluribus partialibus notitiis: quarum
1305 1777 1906 1816 vna est subiectum / alia copula / et alia praedi¬
1299 1812 1909 1854 catum. Circa praesentem materiam due sunt posi
1292 1844 1905 1901 tiones. Prima est aliquorum tenentium propositionem
1120 1892 1909 1937 mentalem esse vnam simplicem notitiam. Alia est Aristotelis
1123 1929 1900 1968 in primo perihermenias: et in omni loco in quo de propositione
1116 1961 1907 2007 loquitur. Nec iuuat currere ad vocalem / scriptam / vel mem¬
1117 1996 1904 2043 talem non vltimatam / quae habet plures partes. Iste enim
1120 2038 1899 2088 passiones primo mentalibus conueniunt: et ex consequenti propositio
1126 2076 1907 2125 nibus ad placitum significantibus: quia sunt signa mentalium:
1123 2109 1903 2158 secundum illud primi peri hermenias. Sunt ea quae sunt in vo
1117 2149 1897 2191 ceearum quae sunt in anima passionum note. ita quod dicitur recte
1123 2185 1907 2235 hec vox a significans hominem esse animal esse propositio: non ob
1126 2224 1904 2269 pluralitatem vocis: sed propter mentalem cui subordinatur
1129 2260 1901 2304 quia isto modo ampliationes / suppositiones / et cetere
1126 2300 1898 2341 passiones terminorum et propositionum conueniunt. Et ratione
1119 2342 1904 2382 patet. nam intellectus habeat conceptum simplicem sortis
1119 2381 1907 2421 in intellectum / et conceptum platonis: vel potest habere con¬
1123 2410 1907 2452 ceptum vel actum verbalem copule vel non. si primum: iam ha¬
1123 2447 1898 2491 beo mentalem vnam compositam ex tribus partibus diuersa
1116 2481 1910 2529 rum rationum. Non enim est negandum quin intellectus possit
1128 2522 1904 2572 patre verbum in mente. Preterea in nulla propositione secun¬
1126 2564 1895 2608 dum hanc viam esset praedicatio identica vel disparata
1122 2595 1909 2637 Rursus nec erunt tres termini in syllogismo menta¬
1120 2631 1913 2672 li: nec medium in maiore in prima figura praedicabitur in mi
1117 2672 1906 2715 nore: nec in conuersione de praedicato conuerse fiet
