2367 3313
471 207 1255 274 gratia producta in hoc instanti concurrit profecto ad
477 262 1255 309 actum instantaneum: et est prior eo natura. actus enim es
490 302 1253 344 gratia prior tanquam causa sine qua non: et transeat quod
481 341 1265 385 actus est intensior propter gratiae concursum: et econuerso: sed
471 372 1265 415 semper posterior concursus erit minor: et erit cessatio.
468 412 1261 451 deus enim videt istum eliciturum aliquem actum qui fuisset vt
481 447 1255 488 duo cum voluntate sine gratia: et supinfundit gratiam que
483 486 1247 531 facit quod actus erit intensior puta erit vt tria. ⁋ Sed quia
480 524 1252 566 statim diceres: actus meritorius vt tria meretur maio
466 558 1250 603 rem gratiam quam actus vt duo:  magnitudo gratiae facit ad
478 599 1262 645 intensionem actus: ergo semper regnat argumentum de con
481 641 1249 680 cursu in abyssum. ⁋ Dicitur quod vna medietas vel po¬
484 675 1246 717 tius due tertie vnius gradus actus fiunt ob intensioren
483 711 1256 754 gratiam causantem actu: et quia actus est magis meritorius
468 747 1249 792 ob intensionem eius paulo maior gratia datur ratione illi
477 785 1255 827 excessus: et sic in paruo actus erit magis meritorius.
478 820 1250 865 conatus vt duo a gratia vt duo faciunt actum meritorium in
483 858 1259 902 tensum vt quattuor. gratia infunditur vt vnum. semper ma¬
478 899 1249 942 net idem conatus: cum est in eodem instanti: ergo ille vnus gra
474 932 1252 978 dus gratiae non facit vnum gradum meriti: vel dimidium cum
481 970 1250 1012 est idem conatus: intensio actus crescit sic a gratia: et non a co¬
474 1010 1256 1056 natu: si gratione quattuor graduum actus detur gra¬
474 1044 1256 1086 tia vt vnu: et actus erit intensior solum ratione gratiae infule de
484 1080 1259 1118 nouo per vnum gradum: dabitur nisi quarta pars gradus
481 1118 1256 1165 gratie: et ille vix facit octauam partem actus: et ille exces¬
480 1155 1253 1198 sus adhuc meretur minorem gratiam quam paius: et sic de inten
477 1193 1253 1234 sione actus: ergo erit status: vel si non sit status: non sequitur
472 1229 1260 1274 quod erit aliqua forma infinita per additionem partium
472 1266 1244 1308 inequalium. ⁋ Ulterius dicetur quod deus videt in hoc insta
474 1306 1249 1348 ti: et ab eterno videbat conatum voluntatis vt duo: et
474 1342 1253 1384 gratiam vt duo quantum possunt in intensione actus
481 1378 1249 1424 producere et quantum illa gratia in illo instanti col¬
480 1417 1246 1453 lata potest facere ad intensionem actus: et ratione to
475 1451 1249 1492 tius quod tuimaginaris in argumento facit actum essi
481 1488 1256 1531 intensum et gratiam proportionabiliter intendit et
480 1528 1262 1565 vtrumque erit finitum. Sed arguens non acquiescet. dicet
483 1563 1258 1602 enim quod debet secundum legem infundi infinita gratia. Quod si ne¬
474 1597 1244 1643 ges adibit discursum argumenti vt pius. ⁋ Ulteri
474 1641 1253 1677 dices ab equali conatu semper actus est equaliter mer
474 1675 1246 1719 torius. licet inequaliter intensus. si vnus haberet gratia
474 1714 1250 1760 vt vnum acquisitam ex suis meritis: et alius haberet mil
481 1750 1252 1792 le gradus gratie equaliter conantes vt vnum. secun
481 1788 1256 1833 dus habebit intensiorem actum quam prior. puta actus se¬
478 1823 1258 1866 secundi erit vt duodecim: et prioris vt vnum in gra¬
484 1863 1243 1910 dum: sed illi actus erunt equaliter meritorii: quia isti actu
486 1899 1255 1945 procedunt ab equali conatu. Non valet dicere hic actus
480 1941 1250 1975 est intensus vt decem: hic actus est actus meritorius
493 1976 1262 2023 ergo hic actus est meritorius vt decem: oportet enim conclu
484 2009 1262 2057 dere: hic actus meritorius est vt decem: et hoc est verum
483 2046 1258 2091 in gradu. ⁋ Non enim refert vnum actum esse alio maio¬
478 2086 1265 2129 rem in gradu a minus meritorium. patet in gradu heroi¬
487 2123 1259 2169 co er parte obiecti vel circunstantie: et in gradu inferio¬
481 2158 1253 2207 ri intensiore in gradu. In reciproca productione actus et
481 2194 1252 2249 habitus aliquid super ista difficultate tangetur. ⁋ Se
489 2237 1251 2286 ptimo si gratia concurrit ad actum meritorium / seque
478 2277 1248 2319 retur quod habens magnam gratiam facilius potest leuar
486 2308 1251 2359 vnam libram propter deum quam alius equaliter fortis
477 2344 1256 2395 et ceteris paribus potest aliam libram leuare qui mi¬
483 2378 1259 2429 nus gratie habet. patet. illa leuatio exterior est meri
486 2419 1251 2472 tum: modo ad omne meritum concurrit gratia. qui itaque
480 2461 1261 2503 multum gratie habet pius habet adminiculi quam alius.
492 2499 1252 2543 igitur. Si concedas. tunc eremita vel multum gratie habens
496 2534 1256 2585 potest leuare pius de grauitate quam alius in quadruplo
480 2570 1253 2619 neruosior non impeditus. immo hac via nec erit status
486 2602 1259 2650 in maximo pondere quod iste potest leuare: nec in mi
486 2644 1255 2705 nimo quod non potest leuare: cum ad crementum gra¬
1329 233 2122 286 tie crescit actiuitas leuandi. ⁋ Ad septimum respon
1336 267 2112 323 detur negando consequentiam: gratia enim effectiue con¬
1323 310 2109 361 currit ad elicitionem actus voluntatis eliciti: sed non
1332 343 2119 393 agit ad illam lationem exteriorem immediate: quia demon¬
1324 379 2116 430 strato minimo pondere quod sortes non potest leuare
1336 414 2110 468 sine gratia stante simili disposit one in corpore a me¬
1330 454 2116 504 dio ob supuenientem gratiam qualemcumque non pote¬
1329 491 2123 547 rit illud pondus leuare: sed indirecte gratia concur¬
1327 529 2111 580 rit ad lcuationem illius ponderis: pro quanto concur¬
1325 567 2113 618 rit ad productionem cause requisite ad hanc leuatio¬
1323 606 2111 656 nem propter deum: scilicet ad velle leuare: quia ad actum
1329 637 2109 693 liberum immediate solum gratia concurrit: non enim vtro¬
1324 674 2108 726 bique illud vulgare dictum verum habet: quicquid est
1325 715 2112 770 causa cause / est causa causati. ⁋ Sed dicis. aliquis
1332 755 2111 803 actus imperatus voluntatis est meritorius: patet de dile¬
1323 788 2105 840 ctione proximi que imperatur a dilectione dei: tunc ad il¬
1323 820 2103 880 lum actum imperatu concurrit gratia immediate: et
1333 864 2104 909 videtur par ratio in aliis actibus imperatis siue ex¬
1327 899 2105 950 terioribus siue interioribus. ⁋ Respondetur quod non est
1324 934 2114 993 idem in actibus voluntatis: et in actibus alterius po¬
1326 975 2106 1028 tentie a voluntate imperatis: non enim facilitat actum
1327 1011 2109 1066 meritorium exteriorem: quod maior fiat cum gratia quam sine
1323 1049 2103 1101 ea: nisi indirecte pro quanto quis habens gratiam
1320 1087 2098 1137 ocvus et libentius exit in actum interiorem imperatiuum
1321 1123 2108 1172 actus exterioris: secundum illud Apost. prime ad Corinth.
1320 1163 2109 1216 xiii. ⁋ Charitas omnia suffert etc. ⁋ Ectauo argumen¬
1327 1196 2101 1248 tor sic: charitas est agens naturale: ergo quantum est ex par¬
1318 1235 2096 1282 te eius tatum inclinat in dilectionem proximi sicut in dile¬
1318 1270 2102 1329 ctionem dei: quod est absonum de instrumento speus sancti.
1323 1305 2099 1361 ⁋ Insuper tunc charitas impediet hominem a merito¬
1327 1347 2102 1396 Quod patet: quia quando quis est perplexus inter minus bonum et
1327 1384 2097 1440 magis bonum: et vult facere minus bonum: charitas in¬
1317 1425 2111 1473 clinat eum ad magis bonum: et sic impediet habentem ne
1324 1460 2099 1509 exeat in actum meritorium. ⁋ Rursus: tunc quanto quis
1332 1496 2113 1545 plixius oraret tanto plus cresceret feruor deuotionis:
1333 1536 2105 1587 onsequens est contra experientiam. Forte negas: quia enim homo est
1321 1572 2117 1624 potentia debilitabilis: vires eius fatigantur: et sic non opor
1326 1610 2111 1658 tet. ⁋ Contra ponatur quod tantum augeatur actiuitas gratiae si¬
1321 1646 2106 1697 cut est impedimentum in debilitatione membrorum: per diuturnt
1321 1688 2108 1735 tatem orationis crescit gratia. ⁋ Preterea vel gratia equa
1318 1722 2108 1771 liter agit cum voluntate multum conante et cum voluntate pa
1330 1760 2109 1808 rum conante vel inedlitur. non secundum: cum est agens naturale
1327 1800 2105 1838 equalitur inclinet quantum est er parte eius. Non primum. producetur
1336 1835 2103 1883 em actus intensior cum voluntate multum inclinante quam volun
1327 1872 2105 1924 tate parum inclinante: ergo pius facit cum magno conatu quam
1333 1910 2107 1956 cum paruo. ⁋ Ad primum dicitur quod inclinat in vtriusque di¬
1320 1945 2109 1994 lectionem: sed sicut superius dictum est quod charitas incli¬
1323 1985 2108 2026 nat in contraria: et nunc in vnum: et postea in suum op¬
1336 2021 2106 2070 positum: sic potest magis inclinare in dilectionem dei
1330 2060 2108 2110 quam proximi. ⁋ Ad secundum negatur consequentia. da¬
1333 2098 2099 2142 ta imaginatione argumenti non sequitur quod erit impe¬
1324 2135 2102 2179 dimento merenti: sed solum quod retrahit a minore me¬
1330 2169 2102 2215 rito: vt habens pius consequatur meriti: tamen ad om¬
1330 2209 2114 2248 nem actum meritorium inclinat secundum quod voluntati bo¬
1327 2247 2104 2284 ne placet eam amplicare. ⁋ Ad tertium inter arguen¬
1327 2279 2109 2331 dum ad calcem vsque sufficienter responsum est: et ad
1327 2320 2108 2367 punctum finale dicitur quod potietur equaliter: vt de Ia
1324 2358 2111 2403 cobo fratre domini contigit. ⁋ Aliud soluitur ex dictis.
1324 2393 2106 2437 ⁋ Nono argumentor sic: si gratia ad quemlibet actum
1320 2427 2105 2476 meritorium concurrit tunc inclinat in actum spei: quandao ille est
1330 2472 2103 2514 neritorius. Sed hoc est falum. spes enim immediate inclinat
1311 2505 2106 2553 in actum suum: ergo non charitas. ex opposito consequentis sequitur
1318 2544 2096 2583 quod voluntas facilius potest producere actum spei quam charitatem
1320 2582 2111 2629 cum plura habeat adiumenta. ⁋ Iterum: ponatur quod deus praeci
1318 2617 2102 2660 piat sorti diligere vt quinque et prohibeat vltra dilectionem
1324 2657 2108 2709 vt quinque: ponatur quod quattuor gradus gratie faciant
