2339 3314
237 232 1028 280 ad tres gradus actus. et quod voluntas habeat qua¬
231 272 1027 316 tuor gradus conatus: qui sufficiunt producere tres
239 311 1022 360 gradus actus. ⁋ Insuper ex isto voluntas non potest
233 348 1019 389 remittere suum actum meritorium gradualiter vni
231 387 1022 430 formiter / difformiter ab octo ad non gradum vsque
232 428 1028 471 supposito quod habeat gratiam vt octo: quia licet nul
231 466 1027 509 la gratia concurrit ad actum sine conatu volunta
232 501 1016 548 tis: tamen cum conatu gratia vt octo habet certum con¬
228 541 1016 587 cursum: quod tantum facit: puta duos vel tres gradus
228 577 1022 622 et quoniam agit secundum extremum sue potentiae: non est situm
238 619 1022 662 in facultate voluntatis remittere actum a quatu¬
228 650 1027 698 or vsque ad non gradum: vel vsque ad vnum gradum: nisi
222 692 1029 738 mortaliter peccet. ⁋ Ad primum concedo quod cha¬
225 735 1021 776 ritas inclinat in actum spei: et concedo quod spes infusa
220 764 1028 812 et charitas simul inclinant in illum actum. et facili
230 803 1025 848 us erit producere actum spei quam actum charitatis
222 843 1031 884 in aliqua intensione graduali propter maiorem cau
234 882 1022 924 salitatem. Nec sequitur. ad actum charitatis concur
216 920 1018 962 rit gratia: ergo spes infusa vel acquisita est inanis
219 959 1016 1000 quia ad idem dantur multa adminicula. sed quia omnis
231 996 1025 1039 actus spei elicitur a charitate: dummodo est in subie
225 1032 1023 1077 cto est difficultas de illarum virtutum et actuum ab eis
220 1070 1019 1113 elicitorum distinctione ad materiam tert ii spectans
231 1108 1027 1152 ⁋ Ad vltimum transeat illatum: et similis difficul
234 1144 1022 1187 tas fieri potest de illo qui habet gratiam valde in
231 1185 1021 1226 tensam an is posset incipere elicere actum merito
237 1220 1027 1266 rium a non gradu ad aliquem certum gradum inclusi
238 1256 1022 1303 ue. ⁋ Decimo arguitur: gratia concurrit ad actum non
237 1296 1025 1338 meritorium. et qua ratione ad vnum actum non me
234 1338 1022 1383 ritorium eademad alium non meritorium concurrit: et
238 1380 1025 1418 ad veniale peccatum contra proprietates quas Apo¬
252 1407 1018 1454 tolus prime ad corinthios. xiii. charitati attribuit
243 1448 1019 1491 Assumptum patet: quia concurrit ad beatitudinem actus
232 1485 1025 1526 voluntatis in patria: puta ad dilectionem dei cla¬
244 1523 1028 1570 re visi: que est actus moraliter bonus in vltimum
237 1561 1019 1607 finem optime tendens. gratia ei assistit: quid impe¬
249 1598 1025 1643 dimenti est quod non concurrit. ⁋ Item ad omnem actum
252 1635 1018 1681 meritorium gratia concurrit: aliquod peccatum est a
253 1679 1028 1722 ctus meritorius: ergo ad aliquod peccatum gra¬
259 1715 1027 1757 tia concurrit. consequentia tenet in darii. et maior patet
255 1753 1022 1793 ex positione. pobatio minoris de actu imperato a
258 1788 1027 1832 duobus sorte et platone: quorum sortes habet bo¬
259 1831 1019 1873 num actum plato malum interiorem et ob inanem
250 1871 1022 1909 gloriam. fert scumnum gratia exempli. ⁋ Responde
255 1903 1019 1946 tur quod gratia ad solum actum meritorium concurrit: beati¬
262 1939 1028 1981 tudo in patria est actus meritorius: non tamen noui pre
248 1973 1034 2026 mii distincti a bono actu. sicut actus difformes dam
256 2015 1021 2062 natorum dicuntur peccata ⁋ Ad secundum conce¬
268 2053 1033 2097 ditur quod ad peccatum concurrit gratia effectiue. pec
262 2091 1028 2145 catum fit a gratia. quando idem actus est meritum et pecca
271 2127 1022 2177 tum. quod de actu exteriori contingit. sed gratia no concu¬
268 2169 1035 2211 rit ratione qua ille actus est peccatum: sed ea ratione
262 2203 1033 2244 qua est meritum. ⁋ Sed dicis tunc idem actus est di¬
268 2243 1034 2289 gnus vita eterna et pena. hoc conceditur. Non enim
265 2282 1028 2322 valet confugere ad hoc quod est alius actus impera¬
274 2318 1025 2369 tus ab vno alio. sicut de actu interiori. illa latio er
271 2355 1028 2406 terior est lignum latum: quod est idem. Et insuper pona
271 2392 1033 2440 tur idem homo cum duobus actibus interioribus
280 2430 808 2473 veniali et merito: et sic non euades
289 2465 1034 2521 ⁋ Distinctionis decimeseptime questio quarta.
451 2507 1027 2555 Voniam locuti sumus de causalitate gratia
445 2548 1024 2589 ad actum meritorium: vlterius queremus
451 2584 1036 2638 quarto an charitas cquisita inclinet in
438 2622 1033 2672 suum actum et contra. et queremus vni
432 2650 1035 2730 uersalius an qilibet habitus efficientiam heat
1093 233 1893 286 respectu actus. ⁋ Respondetur per conclusiones sequentes.
1101 279 1889 323 ⁋ Prima est: difficile est probare habitum in nobis.
1101 316 1886 358 Probatio. nullus enim est habitus corporeus in ma
1099 358 1875 401 nu citharizantis conducens ad citharim andum. et
1099 389 1879 433 tamen post crebros actus homo promptius exit in
1093 429 1873 479 actum citharizandi quae a principio: sed habituspo
1090 469 1874 505 nitur propterea solum: quia ipsum habens prom¬
1098 506 1881 553 pte et delectabiliter exit in suum actum. Assumptum
1089 544 1877 587 probamus distinctione quarta quarti sententiarum
1096 582 1880 624 quest. prima. ⁋ Probatio fuit hec: post crebrum
1094 614 1883 667 homo velocius et expeditius currit quam a principio
1102 659 1876 695 et tamen non est habitus in membris currentis. Pro
1092 691 1882 734 batio: motus est ipsum mobile quod mouetur: er¬
1092 730 1895 774 go substantia mota pari facilitate tenebitur quod ha¬
1096 771 1889 811 bitus est substantia mota sicut actus eius. vtrobi¬
1105 808 1883 850 que quando habitus est qualitas in corpore vel in a
1090 847 1889 893 nima talis est actus eius. Quod motus sit mobile quod
1090 882 1886 924 mouetur: supponatur ex opinione communi que de¬
1089 920 1873 965 fensabilis est. Propter istam probationem diximus
1096 955 1885 1001 non esse improbabile in lumine naturali: negare ha¬
1092 994 1889 1037 bitus. ⁋ Sed possumus dicere quod argumentum non
1093 1032 1874 1075 concludit: non enim inconuenit substantiam taliter
1102 1069 1883 1113 motam producere habitum in membris rei mote. hoc
1096 1111 1886 1154 patet. quia ferrum et silex per confricationem producunt calorem
1096 1149 1880 1191 quandm producunt ignem: ergo non est inconueniens
1092 1186 1889 1224 dare habitum accidens productum a substantia ta¬
1101 1224 1887 1274 liter mota. ⁋ Secunda conclusio: ponendi sunt habi¬
1098 1260 1883 1301 tus corporei et incorporei. probatio ex tertio ethi
1089 1302 1883 1344 corum. ⁋ Secundo arguitur ad idem. dabilis est
1102 1335 1880 1376 virtus. ergo dabilis est habitus. Antecedens ab
1098 1376 1883 1427 omnibus conceditur: et consequentia tenet. secundo ethi¬
1092 1411 1882 1450 corum. virtus est habitus electiuus in mediocrita:
1104 1455 1881 1498 te consistens: prout determinat ipse sapiens. ⁋ Rui
1095 1487 1894 1529 sus non videtur quomodo homo est promptior post
1092 1527 1885 1572 multas operationes ad exeundum in actus quam erat
1101 1563 1882 1603 a principio / si nihil relinquatur post actus. ⁋ Ter
1093 1601 1871 1645 tia conclusio: habitus habet efficientiam respectu actus
1113 1636 1880 1685 Probatio per regulam communen de inuenienda cau
1095 1678 1891 1721 sa: homo expeditius exit in actus quam antea: et non nisi
1108 1711 1895 1759 quia auxilium habitus ante non habebat. Nec va
1099 1750 1883 1795 let currere ad dispositionem subiecti cum ipsum an¬
1105 1788 1892 1832 te satis bene disponebatur: et quid cause est quare homo
1101 1829 1882 1874 post habitum citius producit actum quam a principio
1099 1866 1895 1910 si nihil faciat habitus. ⁋ Item secundo de anima: sicut
1105 1902 1883 1945 scientia est quae scimus: ita anima est qua viuimus et
1096 1945 1886 1990 sentimus: sed anima est quo agimus actus: ergo sci
1095 1985 1873 2029 entia habitualis est principium exeundi in actum
1104 2015 1874 2062 ⁋ Insuper aliquis habitus est practicus et actiuus
1101 2055 1889 2103 vt prudentia. aliquis factiuus: vt ars. ergo habi¬
1096 2091 1876 2138 tus habet principium respectu actus. ⁋ Dicere cum
1101 2134 1879 2178 godefrido de fontibus. xi. quotlibeto quod substantia
1110 2172 1886 2217 actus producitur a potentia: et intensio actus ab
1107 2208 1877 2251 habitu est vnum somnium non intellectum. inter
1107 2247 1876 2288 sio enim nihil aliud est quam actus intensus: ergo si sub
1098 2286 1880 2327 stantia actus a nuda potentia producitur. et inten
1102 2319 1871 2369 sio ab eadem producitur. et si intensio ab habitum pr
1099 2361 1889 2403 ducitur: et substantia actus ab habitu producatur.
1107 2399 1877 2437 vt patet. hec intensio actus ab habitu producitur
1107 2436 1883 2483 hec intensio actus est substantia actus. igitur. ex¬
1095 2469 1879 2522 positorie. et maior patet per eum: si minor non sit ve
1095 2513 1883 2555 ra: det arguens que res est intensio actus intensi si
1101 2550 1889 2592 non sit eius substantia vel entitas. hic autem non capi¬
1095 2587 1852 2626 tur substantia vt distinguitur contra accidens.
1104 2622 1880 2668 ⁋ Quarta conclusio: actus producit habitum. proba
1092 2663 1880 2716 tur ista sicut et precedens. ⁋ Contra istas duas con¬
