2357 3308
250 223 1033 275 prius: et diminuetur tempus descendendi illius mixti
249 260 1028 311 sic scilicet quod descendet velocius quam descenderet / sine his
241 304 1028 348 decem gradibest. et sit ita quod descendet iam in octo ho
234 343 1028 391 ris vel in quantolibet breuiori tempore volueris. tunmc
238 376 1025 425 sic: quia decem gradus grauitatis duas horas tempor¬
249 414 1025 461 abstulerunt quo ad descensum: tunc alii decem gradu
236 452 1030 505 tantundem temporis tollent: et sic sexaginta gradus
249 496 1031 539 supadditi facient illud corpus a subito descende¬
250 526 1028 575 re: sed grauitas infinita non citius mouet se a suum
246 566 1034 618 subiectum. igitur. ⁋ Si dicas: quod secundi decem gradus
246 602 1030 649 non diminuent de tempore Arithimetice: sed Geometrice
249 640 1027 694 ⁋ Contra: secundi decem gradus sunt agens natu¬
238 683 1019 725 rale quod agit secundum extremum sue potentiae: ergo equa
243 716 1029 770 liter faciunt ad descensum sicut primi gradus: et
240 753 1029 801 equaliter de tempore diminuent. ⁋ Insuper: qualis est
236 789 1026 846 pportio grauitatis infinite intensiue ad subiectum in
240 836 1027 880 finite extensum: talis est prportio grauitatis finita
237 871 1030 918 ad subiectum finite magnum: ergo si grauitas infinita fa
244 907 1034 953 cit descendere subiectum infinitum in instanti: graui¬
244 942 1031 994 tas finita faciet subiectum finitum instantanee descem
241 980 1038 1028 dere. ⁋ Ad primum admitto casum quod descendit in
241 1020 1039 1069 octo horis per additionem decem graduum: sed non
240 1061 1028 1105 oportet si decem gradus duas horas temporis sub¬
231 1101 1040 1135 trahant: quod totidem gradus tantundem temporis tollent.
238 1131 1031 1175 vnum agens deiter duple virtutis ad aliud quod potest in
231 1172 1028 1213 equali tempore duplum effectum producere: vel cor¬
232 1204 1034 1257 rumpere. velocitas enim descensus prouenit: et a sub¬
244 1248 1043 1294 tiliatione medii et a grauitate ipsa. modo quando esset
249 1281 1038 1332 infinita grauitas intensiue ipsa descenderet subito
250 1324 1028 1367 vel si nullum esset medium: sed citra illud nunquam erit de
250 1361 1033 1408 scensus instantaneus. ⁋ Sed ad formam argumer
249 1395 1043 1444 ti ( quod est nodosum) dico quod non oportet secundos decem
246 1433 1039 1487 gradus grauitatis tantundem temporis tollere quam
253 1468 1040 1521 tum primos decem: esto quod sint agens naturale. vigi
250 1507 1037 1561 ti gradus grauitatis non sunt agens duplum ad di
255 1545 1040 1596 minutionem temporis ad decem gradus: sed agens est
244 1585 1038 1632 duplum in proposito quod facit mobile descendere in sub
249 1625 1037 1676 duplo tempor e. vnum mobile non descendit in duplo
253 1660 1040 1710 velocius quam altera medietas eius: non stando in reff
258 1703 1043 1749 stentia medii: sed solum quod sit equalis resistentia vt fa
254 1736 1047 1785 cile fieri potest in corpore longo descendente. ⁋ Sen
258 1773 1033 1829 per concedo quod maior grauitas facit mobile velo
246 1816 1045 1862 cius descendere: sed non oportet secundum proportionem vt
248 1849 1024 1897 tangitur in argumento: esto quod sit agens naturale.
265 1895 1039 1934 Sed de hoc alias: cum loquemur de potentia motiua
251 1925 1043 1977 super resistentiam passi. ⁋ Ad secundum nego assumptum:
255 1962 1039 2012 esto quod ponatur aer vel medium infinitum resistens ex¬
264 2001 1043 2050 tensiue. ⁋ Secundo argumentor sic: aliqua visio cau¬
264 2035 1037 2090 satur pure pertibiliter: ergo e quaelibet. tenet consequentia quia
264 2078 1049 2128 est equalis ratio. patet antecedens: ponendo vnum visibile a in
256 2119 1049 2166 minima distantia qua non potest videri a potentia
256 2157 1031 2202 visiua sortis in hoc instanti: et incipiat a visibile ap
264 2200 1049 2243 propinquare potentie visiue sortis: iam illius visio¬
264 2235 1043 2280 nis dabitur vltimum instans non esse. et illa visio per acu
265 2263 1046 2314 cessum ad sortem intenditur. et hoc semper successiue
265 2305 1049 2351 sicut semper augetur eodem modo successiue remittitur
261 2340 1042 2396 per elongationem. ⁋ Respondetur negando consequentiam
262 2388 1043 2429 qui non est equalis ratio cu vnum visibile successiu
274 2423 1054 2465 accedat: sed si deus in hoc instanti produceret vnum
275 2456 1043 2503 visibile: ipsum produceret visionem in illo instanti que
282 2496 1042 2544 producitur: concedo id quod dictum est de intensione e
282 2536 1058 2579 remissione inter arguendum: nolo enim negare quin
276 2569 1055 2618 visio potest successiue produci: vt si color in praesentia
279 2613 1054 2651 mea continue intendatur: eodem modo de remissione
279 2645 1051 2705 sicolor successiue remittatur. ⁋ Tertio argumentor
1095 217 1895 266 si sol produceretur subito produceret suum lumen in in¬
1099 261 1892 304 stanti: vel si candela fixa in hoc medio illuminaretur:
1095 301 1899 348 nunc primo: non citius produceret lumen in partem pro¬
1098 338 1892 387 pinquam quam vicinam. ergo erit infinitum lumen intensum
1104 381 1891 421 productum ab hoc luminoso naturaliter: consequentia patet a cade¬
1099 413 1889 455 la ita cito producit remissum lumen in octaua peda
1095 450 1885 491 litate a candela distante sicut intensum in pedalita
1105 490 1892 531 te vicina: sit lumen productum in octaua pedalitate
1105 525 1892 570 vnius gradus per reductionem difformis luminis
1102 563 1898 607 ad vniforme moueatur continuo a candela illud octa
1114 603 1898 641 um pedale versus: iam in quolibet instanti sequen
1105 639 1889 687 ti producit tantum luminis quantum in primo: et inter¬
1098 677 1888 719 cipitur tempus antequam est in vltimo illo pedali: et in quo
1102 714 1889 753 libet tempore quantuncunque paruo sunt infinita in¬
1099 750 1895 798 stantia: ergo erit lumen infinitum productum antequam erit
1110 790 1882 835 in octaua pedalitate. ⁋ Dices (et sic dicendum est
1099 829 1889 868 non sequitur quod erit infinitum lumen intensiue in me¬
1111 865 1885 904 dio: quia in primo instanti producit lumen a remotis
1105 904 1888 946 subito: sed patet ad sensum secundum quod successiue mouetur
1102 939 1886 978 reliquum luminis sensim producit. ratio a sensus ac
1107 976 1889 1023 hoc manuductionem nobis ministrant. in primo ter
1111 1020 1895 1059 mino manendo nihil amplius luminis produceret.
1101 1053 1894 1097 Et causa est. quia iam medium tantum illuminauit quam
1099 1091 1888 1135 tum poterat in tali situm. ⁋ Contra. est agens natu¬
1101 1133 1903 1173 rale. ergo in quolibet instanti sequenti tantum debet a¬
1095 1170 1894 1218 gere quantum in primo instanti. ⁋ hoc concedis:
1101 1205 1895 1250 qui conseruat effectum iam productum. et hoc est causa¬
1108 1243 1895 1286 re. sed quod de nouo debet tantum causare semper posterius:
1110 1281 1894 1327 nulla est apparentia: sic enim probares quod ignis produ-
1108 1315 1906 1358 ceret infinitum calorem: et demonstratio infinitam
1111 1355 1906 1401 scientiam intensiue. Sed si lumen illud esset corruptsi
1107 1392 1901 1433 tantum produceret de nouo. et illud conseruaret. Stat vo
1105 1430 1898 1476 luntatem actum aliquem meritorium vel demeritorium
1104 1468 1895 1517 producere in instanti: et tamen non potest in quolibet instan
1108 1508 1895 1553 ti sequenti tantum producere de nouo. sed reliquam partem praet
1114 1542 1891 1584 successiue intendere. ⁋ Sed contra istud argumentor
1113 1580 1907 1624 qui tunc corpus densum non pius lumini resisteret quam
1108 1624 1897 1660 rarum: quia si sic ita cito illuminabitur aqua vel vitrum si¬
1107 1657 1904 1705 cut aer ignis vel celum: quod inconuenire videtur. ⁋ In¬
1114 1695 1910 1737 super a producit lumen vniformiter difformiter cir
1111 1733 1909 1777 ca se: et plus luminis producit proe se quam remote a se:
1117 1770 1903 1815 sit ita quod producat lume in pedalitate vicina in a pum
1119 1810 1901 1850 cto: ergo in puncto in duplo proinquiori corpi lumino¬
1113 1842 1910 1890 so quam a producetur in duplo intensius lumen: et in puncto¬
1116 1880 1904 1928 in triplo proinquiori producetur triplum lumen: et ita
1107 1921 1895 1961 in infinitum. ergo semper habetur quod producit infinitum lui
1113 1957 1900 2004 men intensiue. et per infinitum spatiu: quia in fine quarte pe¬
1112 1995 1898 2041 dalitatis producitur lumem vt quatuor: ergo in puncto in duplo
1122 2031 1906 2077 distantiori producet subduplum lumen puta in octaua pe
1110 2067 1901 2123 dalitate. Et in puncto adhuc in duplo pius distante
1126 2110 1895 2155 subduplum lumen producetur: et sic sine statu. ⁋ Ad pri¬
1114 2148 1904 2192 mum conceditur quod ita cito producit lumem in parte densa sicut
1112 2182 1910 2227 rara. densitas enim passi non resistit lumini quod est acci¬
1117 2220 1903 2268 dens speiueale. ⁋ Sed non est visimile quod producat ita in¬
1113 2257 1901 2311 tensum lumen in nubem vel in materiam indispositam si¬
1114 2299 1903 2345 cut in pulchrum aerem: quia tunc candela apposita a¬
1113 2335 1913 2384 que vel vitro tantum ipsum illuminaret quantum aerem.
1122 2377 1894 2418 et sol tantum illuminaret grossam nubem quantum aeri
1124 2409 1904 2457 mundum contra experientiam. vtrobique passum bene
1113 2449 1904 2494 dispositum pius actionis suscipit ab agente quam minus
1119 2483 1906 2534 dispositum. nolumus tamen dicere quod quanto medium vel
1116 2525 1910 2573 passum est rarius: tanto plus luminis suscipiat. tunc enim
1113 2567 1909 2610 numquam luminosum tantum produceret quantum producere praet.
1125 2600 1906 2646 ⁋ Ad secundum non sequitur. si corpus luminosum producens
1114 2636 1903 2691 lumem vniformiter difformiter ab. viii. vsque ad non
