2313 3265
268 185 1058 239 ere suum actum nisi in instanti terminante illud tempus.
276 237 1049 279 et si ipsum continuet in illo instanti tunc necesse est conti¬
273 274 1049 317 nuare actum ita diu sicut pius. ⁋ Adam dicit quod non
273 308 1051 352 requiritur continuatio tanti temporis: sed causam nul
274 348 1048 390 lam affert sui dicti: propterea dicitur quod si maneat actus ita
269 379 1042 426 intensus in instanti terminante tempus in quo de necessi¬
277 421 1049 465 tate continuat durabit per ita magnum tempus de necessi¬
261 460 1051 503 tate nature sicut erat tempus praecedens hoc instans: si po¬
267 496 1063 538 nantur cetera paria cum continuatione priori: et tunc dicen
261 531 1051 574 dum esset quod in illo instanti medio tantum peccat quantum
261 571 1054 611 in primo instanti: et aggregatum ex instanti et tempore
267 604 1045 648 in quo de necessitate continuat non ponit pius peccat
272 641 1057 689 quam prima productio instantanea: et secundum hoc non
276 684 1055 724 potest cessare ab actu nisi in instanti terminante tempus.
291 716 1048 768 ⁋ Vel sic (et rationabilius) postquam actus producitur
261 755 1048 800 in instanti ille durat de necessitate per tempus secundum. se vel
262 798 1045 831 aliquid sui: hoc est si relinquatur sue remissioni natura
261 826 1049 871 li labetur tempus antequam ille actus totaliter syncate¬
261 865 1046 912 gorematice euanescet: palam enim est rem corruptibilem
261 910 1046 950 vltimum instans esse incompletum sui habere: dato quod sit na
252 944 1043 982 ture permanentis: et sic actus intensior pius temporis oc
267 978 1046 1024 cupabit antequam remittatur: quam actus remissus. ⁋ Sed
261 1016 1049 1057 contra istud arguitur: quia tunc aliquis inuite vellet ali
270 1053 1052 1097 quid. patet de isto qui inuite continuat suum actum: pona¬
265 1089 1040 1138 mus quod intendebat a principio solum suum actum tenuisse per
255 1125 1039 1164 instans: per te vltra tenet: ergo inuitus eum tenet: et sic an¬
258 1164 1040 1205 gelus habens vnum actum volendo a fore conformiter ad vo
262 1198 1037 1241 luntatem dei non potest elicere oppositum: supposito quod
255 1237 1040 1275 deus protinus velit oppositum: hoc modo aliquis erit
261 1276 1043 1315 extra statum salutis. patet: quia si circa finem vite eliciat
262 1310 1045 1356 vnum actum: ille per te durabit per tempus: ergo non potest pone
255 1350 1046 1393 re remedium suo peccato: contra doctrinam sanctorum tenen
262 1387 1043 1431 tium quod de nullo penitus est desperandum in hac vita.
276 1423 1043 1468 ⁋ Respondetur negando sequelam: simpliciter enim pote
268 1462 1049 1503 rat a principio non velle in hoc instanti: sed si velit in il¬
265 1496 1046 1537 lo instanti oportet postea velle: et sic non inconuenit hoc mo
256 1534 1037 1574 do inuite velle: vel negatur quod inuite velit: immo volun
265 1567 1040 1614 tarie vult: hoc est per actum volendi. ⁋ Ad aliud de
262 1605 1036 1648 angelo: concedo quod angelus non potest subito velle opi¬
264 1645 1045 1691 positum nisi deus specialiter actum resecet: nec deus pre¬
255 1689 1043 1727 cipiet ei facere oppositum nisi angelum beatum ad hoc
255 1722 1045 1767 iuuet. etiam multo minus temporis sufficit angelo ad
265 1759 1043 1798 resecandum suum actum productum quam anime beate: et mi
267 1797 1043 1836 nus temporis sufficit anime beate quam anime viatoris.
267 1834 1034 1874 ⁋ Ad tertium argumentum dicitur quod est equalis ponderis
269 1868 1046 1912 contra aduersarios. Probatio. sicut secundum eos homo
271 1907 1034 1952 non potest actum elicere in instanti ita etiam ipsum non potest
270 1946 1040 1982 remittere in instanti: sed ille actus durat per tempus de
261 1980 1036 2022 necessitate: et sic eodem modo potest deduci argumentum
261 2013 1046 2062 contra eos. ⁋ Secundo dico quod istud tempus est breue
268 2054 1043 2098 et breuissima morula sufficit ad resecandum actum: si vo¬
258 2093 1033 2140 luntas conuertat se ad aliud vel elaboret ad oppositum
261 2130 1042 2170 ⁋ Tertio dico quod iste non repugnant volo occidere ho¬
266 2167 1037 2210 minem et nolo offendisse deum: et sic stat quod homo peni¬
268 2204 1037 2248 teat libere pro tempore quo de necessitate continuat
267 2243 1040 2286 actum qui est peccatum: et sic peccatum continuat: et pe¬
265 2279 1033 2319 nitet de eodem. sed non continuat peccatum. hoc est non
262 2315 1043 2353 imputatur ei amplius ad penam postquam formaliter pe¬
264 2352 1043 2398 nitet: et elaborat quantum in se est ad exonerandum se ab
262 2388 1031 2427 illo actu. ⁋ Sed si ex malitia ponas elicuisse tales
274 2426 1043 2469 actus volo offendere deum: et placet mihi offendisse
274 2463 1034 2507 deum. Iam priores vie sufficiunt pro remedio: et iste
277 2498 1036 2544 inter se non repugnant: volo offendere deum et displicet
274 2535 1043 2583 mihi offendisse deum. ⁋ De anima Christi que habebat
270 2570 1039 2623 hoc velle circa instans mortis: volo mori pro redemptio
268 2614 1043 2670 ne generis humani: hoc est dissolui a corpore: non con¬
1128 184 1906 240 tinuauit illum actum post separationem anime a corpore: quia
1131 235 1900 281 specialiter deus non concurrebat ad conseruationem illius
1120 271 1900 311 actus nec decuit. ⁋ Sed contra vnum quod inter arguen¬
1119 309 1904 352 dum dicebatur arguitur sic. Si voluntas potest vnum actum
1121 347 1904 386 impertinentem elicere tempore quo de necessitate alterum
1132 384 1904 426 actum continuat puta b: sic potest duos et tres impertinen
1120 418 1895 466 tes elicere: et sic non euaditur infinitas meriti vel deme
1128 462 1895 502 riti. ⁋ Etiam forte dices continuatio naturalis non re
1123 493 1898 539 pugnat actui libero: sicut sensualitas et actus liber.
1128 532 1903 578 ⁋ Ad primum respondetur concedendo quod potest habere duos
1119 570 1889 610 vel tres actus: et tot quousque capacitas actiua volun¬
1122 607 1895 646 tatis impleatur: et tales actus sunt solum finiti. ⁋ Ad se¬
1125 643 1894 683 cundum dicitur quod immo est repugnantia formalis: quia velle
1123 681 1888 722 liberum repugnat nolle libero: et idem velle quod est liberum
1119 719 1904 756 in illo instanti postea efficitur naturale: modo quando ali¬
1119 755 1889 797 quid alicui repugnat semper illud eidem repugnat.
1112 790 1888 832 ⁋ Sed petes quomodo actus voluntatis est naturalis:
1113 830 1888 867 cum nihil sit tam in potestate voluntatis quam ipsa voluntas
1117 867 1888 906 secundum Aug. in lib. de libero arbitrio: vbi capit volunta¬
1107 903 1886 946 tem pro actu volendi. ⁋ Respondetur quod voluntas est
1107 941 1888 979 libera non quod potest actum suum ad nutum suum secludere vel
1110 976 1892 1021 habere actum qualitercumque optat: sed dicitur quod actus volun
1116 1014 1895 1054 tatis dicuntur liberi pro quanto voluntas conprincipiat actus
1107 1052 1895 1092 suos: et ipsos continuat: sed non possunt reseceri ad eius
1119 1089 1888 1131 arbitrium: vt de actum beatifico: et de actu damnatorum con
1110 1125 1889 1165 tingit. ⁋ Sed contra istud arguitur sic: deus potest destrue¬
1113 1161 1886 1206 re illum actum inmedietate illius temporis: ergo male dictum
1113 1200 1886 1242 est. ⁋ Sed dices (sicut dicendum est) quod hoc non nega
1108 1238 1888 1280 tur de potentia dei. ⁋ Sed contra: posito quod subiectum
1120 1273 1888 1312 destruatur inmedietate illius temporis: iam ille actus desi¬
1116 1311 1895 1358 net esse totaliter. ⁋ Item cuilibet iudicio recte ratio¬
1111 1348 1892 1394 nis voluntas potest se conformare: sed intellectus po¬
1110 1387 1879 1431 test habere iudicium recte rationis quod ille actus non es
1110 1421 1883 1463 vlterius continuandus. ⁋ Et si voluntas potest se confor¬
1116 1460 1892 1505 mare illi iudicio euestigio actum abolebit. ⁋ Respondetur
1113 1495 1889 1543 quod si subiectum desineret esse naturaliter accidens eius cor
1120 1538 1885 1584 rumpetur sed anima non desinet esse. ⁋ Ad aliud dicitur quod potest se
1107 1574 1885 1614 conformare iudicio rationis pro alio tempore: non autem pro tunc.
1116 1610 1892 1649 An requirat actus voluntatis cognitionem sensitivam.
1113 1648 1886 1688 a qua dependeat nunc non inquirimus. ⁋ Sed contra to¬
1117 1685 1883 1732 tum istud arguitur. continuatio naturalis peccati non pro
1107 1719 1898 1761 hibet quin homo continuo peccet nouo peccato: ergo
1114 1760 1889 1800 dicta non satisfaciunt argumento. antecedens patet: eliciens actum
1114 1792 1889 1837 malum in instanti est causa illius continuationis natu
1107 1835 1882 1877 ralis in quolibet instanti futuro. Sed hoc non excusat
1110 1874 1888 1911 a peccato: vt patet de actu ebrii vel furiosi: vbi homo in¬
1109 1906 1889 1945 currit ebrietatem vel furiam ex culpa sua. ⁋ hoc argu¬
1101 1943 1880 1990 mentum non est contra me. vt patet. xvii. distin. iiii. quaestio. ii.
1117 1978 1883 2022 vbi etiam aliquid discriminis datur de continuatione natu
1116 2022 1879 2065 rali eiusdem actus et de factis in dementia. ⁋ Sed con¬
1105 2055 1886 2097 tra solutionem principalem arguitur. dictum est quod si quis
1102 2098 1882 2135 eliciat actum in instanti potest habere actum impertinen¬
1107 2129 1880 2168 tem: ergo pari ratione potest elicere actum vt vnum in instan¬
1100 2167 1873 2210 ti: et primo intendere illum actum in tempore sequenti illud
1102 2203 1874 2244 instans ad certum gradum vsque a tunc sic. in instanti in¬
1102 2237 1883 2280 choatiuo huius temporis sortes meretur: et in quolibet
1105 2276 1877 2319 instanti sequenti est in maiore merito infinita: autem sunt
1101 2315 1885 2356 instantia in illo tempore. ergo in fine illius habebit meritum infinitum.
1101 2351 1876 2392 ⁋ Respondetur quod consequentia est dulla. vt patet si corpus lumino
1101 2388 1870 2436 sum produceretur in instanti: iam ipsum producit aliquid
1111 2423 1877 2465 luminis in partes remotas: et si continuo corpus lumino
1105 2463 1874 2503 sum moueatur partes remotas versus: tunc in quolibet
1104 2502 1873 2542 instanti sequanti temporis quo mouetur ad illas partes verum
1107 2541 1868 2581 erit dicere: plus luminis est in hoc instanti quam in aliquo
1101 2576 1871 2618 instanti precedenti: et tamen non sequitur quod sit infi¬
1104 2612 1886 2661 nitum lumen productum in ipso medio: immo quando
