2435 3270
362 177 1139 236 ⁋ Ad tertium dicitur quod argumentum est nullum: quia coruus / ce
357 220 1145 269 uus / et quercus / sunt diuturniores homine non tamen melio
362 259 1146 310 res. ⁋ Ad tertium dubium dicitur quod non: ille enim fuit error
363 295 1145 351 b eguardorum et beguinarum clementina de hereticis
351 340 1144 380 ad nostrum. ⁋ Sed contra hoc arguitur: homo poet cadere
362 367 1148 424 in furiam ante mortem: sicut plerique multitudine passio
362 410 1156 466 num priuantur vsu rationis. ratio enim priuatur successiue. ca
375 443 1145 496 pio a instans in quo tota ratio est absorpta primo. Ia¬
366 485 1158 536 iste habet totam gratiam quam potest consequi in vita. ergo beguar
363 523 1154 583 di et beguine non tenuerunt heresim. ⁋ Responderetur
363 557 1145 617 concedendo quod datur maxima gratia quam iste habuit in
372 596 1154 655 via: et quam habiturus est in patria: et maximum meritum
362 638 1156 689 quod habuit: siue capiatur pro vno actu meritorio siue
365 673 1163 726 collectiue pro omnibus meritis. nec hoc est ad intentionem
372 710 1166 766 istorum hereticorum quie volebant dicere hominem posse ad
362 748 1154 799 tantum gradum ascedere quod redderetur penitus impecca
363 786 1158 838 bilis et amplius in gratia proficere non valebit: etiam da¬
365 827 1163 874 to quod maneat viator. quod est falsum a hereticum.
374 862 1157 921 ⁋ Ex qua heresi alias deduxerunt: vt patet inlitera cle¬
373 900 1170 950 mentine allegate. si tamen sortes continuo mereretur circa
374 937 1161 988 finem vite sue ad primum instans non esse eius vsque tunc
368 976 1164 1028 in nullo instanti sue vite dabitur maximum meri¬
368 1021 1166 1064 tum quod habuit: sed in a instanti morte primo verum est dice
374 1050 1160 1106 re nunc est maximum meritum sortis: capiendo sortem pro
375 1097 1169 1142 anima eius per synecdochen: sicut dicimus de beato pe¬
372 1129 1171 1193 tro: vel nunc est maximum meritum anime que fuit sorte.
378 1175 1162 1259 ⁋ Tum autem fraterna dilectio sit deus:
377 1241 1168 1302 nec pater est nec fsilius: sed tantum spunsictuns.
416 1285 1141 1353 ⁋ Distinctionis decimeseptime questio sexta.
618 1328 1171 1380 Eliquum est septimo quaerere. An quis
617 1373 1168 1415 nereatur pius per actum interiorem et ex
620 1407 1160 1458 eriorem iuctos quam per actu interiori
616 1442 1170 1497 olum. ⁋ Circa hanc quaestionem due sunt
611 1480 1174 1535 positiones opposite: quarum vnam tenet
604 1516 1164 1576 quidam de prinia distinctione prima super
384 1558 1172 1613 illo vue bo beati augustini d libero arbitrio. non minus
387 1589 1165 1651 reus est ait) reuera magi reus est. si opus adhibeatur
389 1628 1169 1691 ⁋ Per hoc autem probatur id. quia prohibitum est malam vo
381 1664 1177 1726 luntatem in opus procedere. ⁋ Item quidam subti
378 1709 1169 1767 lis tenet. q. xviii. quodlibetorum quod sic. ⁋ Alia est mul
375 1742 1175 1808 to conior: et apud maiores et inter neotericos: quae tenet
386 1780 1174 1848 partem negatiuam: que rationi naturali a sanctorum au
393 1820 1177 1880 ctoritabus videtur conformior propterea illi magis ad
389 1858 1172 1918 hereo. ⁋ Istam questionem in duas partes partiemur
384 1894 1168 1959 in priori rationes contra priorem positionem adducemus: et
390 1933 1181 1993 eas diluere curabimus. in posteriori parte argumenta
387 1969 1166 2023 doctoris subtilis: et quae nobis occurrunt in oppositum
392 2009 1177 2069 secunde positionis euacuabimus. ⁋ Pro expeditione
396 2047 1178 2107 primi arguitur sic. si actus exterior aliquid bonitatis vel ma
395 2085 1177 2142 litie superadderet actuiin teriori: tunc dabitur de le
392 2122 1176 2185 ge aliquis qui punietur aliquae pena in inferno vel purgato
396 2163 1179 2218 torio pro aliquo tempore in aliquae intensione graduali qui po
382 2199 1178 2255 stea punitetur atrociori pena: sed hoc consequens est falsum. quo
394 2236 1178 2294 et antecedens. consequentiam probo ponendo casum quod duo dirigant
395 2274 1186 2333 duas sagittas contra duos innocentes ad eos occidem
385 2315 1181 2373 dos: et sortes occidat: plato vo vel propter vmbonem
396 2351 1175 2407 interpositum: vel propter arma resistentia non occidat
393 2390 1181 2445 sequeretur quod pius peccaret sortes quam plato. probatur: sunt
396 2436 1183 2480 duo actus interiores equales. sortes occidit: sed per poationem ag
398 2461 1187 2525 gregatum actus intior: et extiori: est peius solo actu inte¬
393 2510 1177 2564 riori ergo sortes pius peccat quam plato. ⁋ Quod si concedas pro
401 2552 1183 2600 pter euentum sequentem. Contra toto tempore quo sagitte
417 2588 1174 2631 volitant in aere sunt in equalibus peccatis: et ante earu
407 2616 1193 2674 emissionem ex arcu: et ponatur interea temporis antequam occi
1219 152 2009 220 datur ille a sorte quod sortes sit mortuus condemnatus in in
1215 213 2012 256 ferno tunc propter euentum sequentem maius peccatum eiu
1227 254 2021 294 imputabitur. ⁋ Respondetur negando consequentiam: nec argu
1227 286 2009 335 mentum probat conclusionem illatam Triplex autem potest da¬
1224 321 2021 375 ri argumento imaginatio. Prima talis: non est via¬
1219 356 2025 411 tor: et sic euentus sequens non imputatur ei ad meritum
1227 398 2021 448 vel demeritum. secus est vbi maneret suprstes. Tum
1231 432 2063 489 secundo conceditur quod sortes pius peccat quam plato. et hoc a
1227 476 2021 523 erat quando primo sagittabat: quia ille actus erat impe¬
1226 514 2021 563 ratiuus peioris actus. et propterea est peior. Si po-
1222 548 2011 599 nas quod neminem occidat plusquam plato: tunc ditur quod equa
1226 584 2022 641 liter peccant. proprie tota magnitudo peccati sortis de
1227 625 2057 681 pendet ex euentum futuro. Tertio dici potest quod equaliter at
1221 658 2027 721 peccant: et in vtroque est actus exterior. hoc est quilibbe
1215 701 2022 762 a se dirigit sagittam ex equali intentione contra viros
1227 740 2018 790 equales cum ceteris requisitis ad faciendum peccam equa¬
1221 770 2025 827 lia: modo absonum videtur quod euentus sequens faciat peccatum
1229 810 2024 874 praecedens augeri vel minui. ⁋ Secundo arguitur contra conclusio
1222 850 2020 909 nem. actus exterior naturali necessitate imperatur
1227 885 2015 945 ab interiori: ergo non addit meritum super actum interiorem
1230 927 2023 981 antecedens patet: nono metaphysice. et experientia docet quod
1234 959 2020 1022 iubente voluntate membris ei parere necesse est. consequenti
1227 1000 2017 1062 patet. quia non alias continuatio actus necessaria non impi
1235 1040 2026 1093 tatur voluntati que de necessitate sequitur actum elici
1227 1077 2021 1139 tum in instanti: vt superius in hac distinctione dixi¬
1230 1118 2018 1170 mus. ⁋ Ad secundum conceditur antecedens: et negatur consequentia secus
1233 1151 2018 1206 est in continuatione naturali eiusdem actus et in actibus
1238 1189 2020 1248 distinctis. ⁋ Et quod hoc non solum pugnet contra hanc
1241 1231 2021 1290 positionem oespenditur. plerique tenent actus ebriorum impui
1232 1264 2027 1322 tabiles ad quos homines necessitate naturali compellum
1233 1301 2033 1356 tur: etiam ii qui tenent contradictoriam conclusionis contra
1236 1343 2024 1400 quam obiectamus: ergo illud argumentum non est appro
1247 1378 2033 1443 priatum contra hanc positionem. ⁋ Item vnus actus exterior
1248 1418 2033 1473 continuo dependet ab actu libero: secus est in proposi
1243 1452 2030 1513 to. ⁋ Tertio arguitur ponantur duo volentes occidere
1250 1490 2020 1550 duos viros iniuste. quorum vnius loco ponatur ido
1245 1533 2033 1591 lum hominis: et loco alterius homo percutiant tunc ex
1242 1567 2031 1629 equali intentione: et putent in discessu duos occidisse
1250 1607 2034 1674 homines: sic casus contingere potest. tunc sic: isti duo equa¬
1245 1640 2017 1706 liter peccant: et tamen vnus occidit: alter vo non. Qui
1239 1683 2023 1744 ambo peccent patet ex hypothesi. ⁋ Respondetur quod il
1246 1720 2035 1779 la que dicta sunt primo argumento equae facilitate istud
1244 1758 2038 1819 eneruant. ⁋ Quarto arguitur secundum anselmum de conceptu
1242 1795 2031 1858 virginali cap.o iiii. si de actionibus voluntariis qua in¬
1239 1832 2041 1893 iuste fiunt arguantur membra: et sensus quibus fiunt:
1250 1870 2030 1929 sic respondere possunt. domeins nos et ptantem que in nobis
1247 1908 2036 1978 est subiecit voluntati: vt ad imperium eius non possumus.
1250 1944 2035 2007 non mouere vel non facere que vult. nec nos possu
1244 1986 2026 2049 mus per nos illi resistere: nec opera quae facit possent per
1244 2020 2036 2090 nos non fieri: domine quam dedit nobis deus nec debe¬
1256 2056 2046 2124 mus nec possumus non obedire. Et sequitur quam quam faci
1254 2100 2041 2161 ant membra sensus opera: totum imputandum est
1251 2135 2037 2198 voluntati. et ideo consequenter ostendit quod non punitur ni¬
1248 2168 2042 2239 si voluntas. et hoc est veritas (vt ipse dicit) habet causam
1248 2221 2029 2282 vsus: vt actiones quas facit iniusta voluntas voce
1257 2256 2030 2314 mus pecca: quia in voluntate qua fiunt est peccatum
1251 2289 2033 2352 nec hoc etiam proprie dicit: vt ibidem patet capitulis
1248 2328 2045 2389 iiii. et. v. vbi vult quod simpliciter nullus actus nec in
1253 2366 2030 2429 terior nec exterior proprie et per se sit peccatum: nec ali
1250 2407 2043 2473 qua essentia propiae est peccatum. et ratio eius est: quia talia
1252 2450 2042 2510 esse possunt absque hoc quod sint peccam. igitur. ⁋ Item de
1250 2487 2039 2550 prinima distu. prima cap. si cui: volutas remuneratur non
1250 2518 2036 2575 opus ⁋ Item hugo in de sacramentis expresse istud
1254 2565 2033 2616 tenet. ⁋ Respondetur iste auctoritates probant quod actus
1252 2597 2038 2670 exteriori non est peccatum nisi impetur a mala voluntate
