2407 3303
454 207 1226 274 mo: in qua propositione ponuntur tres negationes: se
444 263 1224 309 quitur quod hec esset affirmatiua: hoc est preter commu¬
447 304 1231 348 nem logicam: et colophizare videtur caput Aristotelis
453 336 1228 384 Quod sequatur patet: quia prime due negationes sunt eiul
451 375 1226 416 dem speciei: et cadunt in negationem et in terminos sy¬
444 413 1228 459 nonymos: ergo habent obiecta eiusdem speciei: et non videtur
450 453 1232 499 penes quid dabitur discrimem specificum: ergo sunt eius
453 489 1228 532 dem speciei. scimus tamen respectu eiusdem obiecti non nun¬
453 520 1229 567 quam actus specie distinctos posse dari: et vltra / sunt eiui
444 568 1232 608 dem speciei: ergo due illarum non se impediunt. Preterea
457 598 1235 643 si eadem negatio ponatur infronte propositionis et im¬
441 633 1226 680 mediate ante copulam: illa esset negatiua. hoc aute¬
457 674 1235 716 est falsum. nam duo ignes in duobus locis tantum agunt
450 714 1232 756 quantum ignis duplus. Similiter sortes in duobus lo
444 754 1226 794 cis portat duplex podus ad pondus latum in vno loco
450 783 1238 830 ergo eodemmodo de negatione posita in fronte et in prin
451 818 1232 864 cipio. Dices. cum in anima non sit situs varius. quia est im¬
450 859 1231 900 partibilis: non est idem. Item negatio in principio voca¬
447 892 1232 944 lis vel scripte / et immediate ante copulam posita reddit
461 931 1226 978 propositionem affirmatiuam: ergo a in mente. Dices
455 976 1235 1012 oportet considerare que sit mentalis illius: iam quero abs
457 1010 1235 1050 te / que sit mentalis illius. Rursus non pius aduersan
451 1045 1225 1089 tur negationes specie differentes: quam negationes eiusdem
454 1079 1235 1122 speciei. quod probo: quia si repugnarent non possent esse
457 1119 1235 1161 in eodem intellectu primo: quod est falsum. Si dicas.
459 1149 1231 1196 non repugnant ad esse simul in eodem subiecto: bene aute
462 1195 1232 1236 quo ad se impedire. Sine ratione hoc dicis. nam calidi¬
456 1226 1228 1273 tas et siccitas specie differentes nullatenus aduersar
462 1264 1231 1308 tur pius quam duo gradus caloris: licet ex his aliquod
463 1303 1226 1346 vnum confletur: non autem ex illis. nam duo agentia
456 1341 1226 1381 eiusdem speciei quo ad productionem effectuum ad
460 1378 1232 1421 uersantur: vt patet in agentibus a proposito petentibus
454 1415 1232 1458 vnum et eundem locum in licentia: potissimum circa duas
457 1457 1226 1493 vltimas sedes. In agentibus vo naturalibus vt est ca¬
451 1485 1229 1529 lor vel lumen / productum ab vno agente / impedimentum
454 1521 1226 1568 prestat ne aliud agens suum effectum producat. ⁋ Ter¬
448 1558 1235 1606 tio dicitur. quod negationes equaliter cadentes in copulam
457 1602 1241 1643 non se impediunt. Ecce si scribitur homo est animal: et gemine
451 1636 1241 1677 negationes ante propositionem: sic icilicet quod vna pona¬
451 1671 1229 1717 tur in vertice alterius: et ducantur ab eis due linee ad
451 1707 1229 1751 frontem propositionis paius scripte: sicut solemus facere
459 1747 1234 1791 in partitionibus: vt iustitiarum quedam legalis: quedam¬
451 1789 1229 1833 particularis: tunc ista propositio totalis est negatiua
452 1827 1231 1865 et copula ab vtraque istarum negatur: quia est equa ratio
466 1854 1235 1904 quod ab vna negetur sicut ab alia. Nec sequitur: due ne
453 1896 1238 1944 gationes copulam anteeunt: ergo illa propositio est
457 1939 1231 1978 affirmatiua: sed oportet addere in antecedente: et vna
459 1972 1235 2013 aliam precedit. Sic est in proposito: quia negatio si¬
459 2010 1238 2053 mul producitur: et est in subiecto impertibili: ergo nec
460 2052 1241 2090 est situs in loco nec ordo in productione secundum par
457 2080 1238 2122 tes priores et posteriores: et sic propositio est affirma¬
460 2119 1241 2160 tiua non curando de multitudine negationum. Sed con
463 2158 1234 2198 tra istud arguitur ponendo negationem successiue esse
465 2193 1237 2240 productam: sicut conceptus partibiliter producitur. quamquae
463 2229 1244 2280 enim intellectus aliquos actus subito producere potest:
454 2270 1232 2313 illos vel similes pure partibiliter producere potest
467 2307 1241 2350 ⁋ Quarto dicitur. quando signum mentale syncategoremati
456 2347 1237 2388 cu affirmatiuum vel negatiuum habet plures partes:
460 2381 1235 2421 et constituitur aliquid vnum: tunc intellectus vtitur
465 2421 1232 2464 ipso signo tanquam vno: non respiciendo ad eius partes
462 2458 1229 2501 sed ad totum: nec ad differentia specificam. vt ista script¬
466 2500 1241 2538 est affirmatiua: non bones non trahunt aratrum per cornua
460 2533 1238 2576 in gallia: esto prior negatio sit ex atramento: et secun¬
463 2566 1244 2610 da ex auro: que specie differunt. Eodem modo in mem¬
469 2605 1235 2652 tali vltimata: licet in vna sit significatio ad placitum
463 2647 1241 2698 et in alia naturalis. Et si eadem negatio scripta: vt non
1302 213 2089 277 boues per cornua sed colla aratrum trahunt in britam
1292 268 2084 316 nia: vel vocalis / ponatur geminata ante copulam: pro
1308 305 2089 346 positio est affirmatiua: quia secundum multitudinem negatio
1298 347 2097 390 num positarum significantium ad placitum formaliter vel
1299 371 2098 419 equiualenter intellectus mouetur: quando enim sunt due nega
1304 417 2105 465 tiones in voce vel vna geminata in scripto / signum est
1299 453 2092 502 quod intellectus vtitur proportionabiliter in mente ad af¬
1299 490 2092 539 firmandum. Sed dicis hoc esse voluntarium: quia sic in¬
1300 528 2098 576 tellectus potest vti tribus negationibus pro vna: et vna
1305 562 2095 608 pro duabus: et capere potest istum terminum sortes pro ne
1293 607 2093 652 gatione. Respondetur negando quod sit voluntarium. sicut
1305 640 2088 687 tu termino vteris pro illo: quod nulli rationi innititur.
1308 673 2092 716 ateor intellectum posse tribus negationibus pro dua¬
1293 708 2095 750 bus vti. sed cum nomina significent ad placitum vtem
1307 746 2097 800 tium / quando ponuntur due negationes ante copulam: di
1305 783 2087 827 cimus illa affirmatiuam: innitentes huic regule. Nega
1290 820 2092 875 tio quicquid post se inuenit destruit: et eius oppositum
1296 862 2087 910 ponit. et cum hoc dicimus quod vnus homo in duobus lo¬
1299 899 2084 948 cis tantum potest portare quantum duo: quorum vterque
1293 933 2083 971 est equaliter fortis vt ille: et duo maxima non sensibi¬
1295 966 2078 1020 lia simul iuncta causant visibile: sic idem maximum non
1290 1004 2089 1052 sensibile positum in duobus locis contiguis causat sui
1289 1039 2090 1097 sensationem. ergo eodemmodo eadem negatio in prin
1296 1083 2078 1129 cipio propositionis et immediate ante copulam posita pro
1290 1120 2072 1166 positionem affirmatiuam producit: negatio enim non mo
1301 1158 2076 1204 do destruit eam quae inuenit ab aliis plantata: sed seipsam
1299 1194 2078 1242 et suiipsius effectum alias repertu eradicat: et in se mo
1300 1227 2077 1271 litur castra: nimum negatio est malignantis nature (vt
1297 1269 2086 1315 vulgariter dicitur) quicquid post se inuenit / destruit:
1302 1302 2077 1350 et eius oppositum ponit. sicut inuidus volebat altero
1295 1343 2084 1391 oculo orbari vt socius vtroque vacaret. ⁋ Nunc po¬
1302 1379 2068 1419 nam argumenta quibus alius docior tenet praefatam con
1295 1412 2081 1463 clusionem: negans syncategoremata in mente: ponens co¬
1297 1449 2110 1499 pulam esse tota propositionem. ⁋ Quarto argumentor. A
1302 1491 2110 1540 Aima non minus potest vno actu simplici realiter apprehem c
1299 1522 2109 1566 dere a. esse b. quam iudicare a. esse b. sed iudicium est actus si
1303 1559 2073 1609 simplex. quod probatur. nam iudicium quo iudico sortem esse
1297 1602 2083 1645 animal: non componitur ex variis partibus / quarum vna erit as¬
1299 1632 2075 1683 sensus subiecti / et alia erit assensus praedicati vel copu¬
1300 1671 2076 1720 le. Et confirmatur. si omnes partes propositionis scripte
1296 1715 2072 1752 essent in eodem loco: non esset ratio quare hec pars
1300 1749 2074 1794 esset subiectum et illa praedicatum. ergo similiter in mem¬
1302 1785 2074 1825 tali. ⁋ Ad primum dicitur non esse idem: quia iudicium est respe¬
1298 1824 2075 1869 ctu complexi solum: non enim assentimus incomplexo: sed appre
1303 1858 2072 1902 hensio est respectu complexi et incomplexi: et anima apprehei
1299 1894 2084 1942 dit res que sunt: et non potest aliter se habere in re ad
1302 1935 2078 1975 apprehendendum quam res sunt oblate: modo e rationes fer
1302 1970 2081 2010 me experimentales: et communes valentum auctoritates: osten¬
1295 2006 2072 2053 dunt plures apprehensiones in mentali. Confirmatio est
1307 2048 2069 2089 nulla. iam enim non est propositio: cum sit terminorum confu
1292 2081 2072 2127 sio / vel qui fuerunt termini: sicut atramentum in cala¬
1297 2122 2078 2158 mo erit terminus: et erit propositio: si iterum ponatur
1296 2155 2075 2192 in calamo sicut paius erat: non erit propositio. sicut in si
1300 2191 2069 2240 mili dicimus: integrum panem sortes comedit: sed numquam
1303 2227 2075 2271 comedit integrum panem: et sic concedo quod non est ratio qua
1297 2262 2077 2313 re hec pars est subiectum potius quam illa: cum enim est nega
1301 2307 2078 2349 tiua / nihil ponit. ⁋ Quinto arguitur. sequitur quod intelle¬
1296 2336 2084 2378 ctus habens conceptum petri et pauli: non potest formare
1293 2376 2081 2423 istam / petrus est albus: quin formet istam / paulus est
1298 2415 2077 2458 albus. Probatur: quia ille conceptus verbalis non minus con
1305 2451 2072 2497 ponitur cum illo conceptu quam cum isto: quia est eque praesens et
1302 2498 2083 2535 eque componibilis: et quia non componitur per continua¬
1305 2524 2079 2567 tionem vel contiguationem / vel per informationem. igitur.
1296 2566 2075 2612 Et confirmatur. hec litera a. significans hominem esse animal
1304 2603 2078 2651 est propositio: et tamen non habet plures partes: qua¬
1302 2642 2084 2694 rum vna sit subiectum et alia copula: et tertia praedicatum:
