2398 3310
323 231 1106 292 proficiscitur ad sanctatum Iacobum: si talis ex voto habe¬
322 275 1112 327 at vel ex praecepto visitare sanctantum Iacobum dato quod in iti¬
324 316 1106 363 nere distrahatur: non tamen contemnit votum vel praeceptum de
321 354 1099 401 adeundo sancto Iacobo. sed melius est transire quam
316 398 1094 440 non transire: quando iste operationes sunt de consilio plerum
316 434 1099 477 que renouantur boni actus interiores. ⁋ Si petas quid
324 471 1102 514 mouet hominem quando non aduertit. ⁋ Diter quod causatur im
315 511 1109 553 petus in membris: sicut in proiecto post emissionem a
316 542 1099 593 manum proiicientis: qui mouet hominem ipso non aduen
328 583 1102 625 tente. et quando est magnus: mouet hominem ad longam distan¬
324 619 1106 665 tiam termini ad quem. sed homo potest se sistere illo impetu
321 657 1100 702 existente intenso: quando vult per nolle vlterius progredi: et
325 697 1103 741 tandem corrumpetur impetus ipse vel principium motiuum si¬
324 738 1100 778 cut in bruto mouet transeuntem non aduertentem¬
321 773 1106 816 ⁋ Tertio arguitur melius est illi qui vult sumere eu
324 811 1103 856 charistiam. et eam sumit quam illi qui vult eam sumere sed
316 850 1103 894 neminem habet ad sibi dandum eucharistiam: sed hoc
316 886 1103 929 non est nisi propter actum exteriorem: igitur. consequem
318 927 1100 967 tia tenet cum minore. probatur maior. nain illi da¬
321 957 1106 1006 tur gratia virtute operis operati: et gloria ei respon
316 999 1103 1045 dens. et tantum gratie datur ei pro opere operante
328 1033 1098 1079 sicut alteri. supponimus actus interiores esse equam
324 1076 1097 1117 les. Sic possumus argumentari in reliquis sacramen¬
328 1109 1106 1158 tis: de extrema vnctione / de ordine / confirmatione
325 1148 1109 1196 et similibus Eodem modo probatur quod pro actu exteriori
327 1186 1096 1232 alicui confertur gratia. tollitur culpa illi qui non hab¬
324 1229 1103 1271 actum interiorem: patet in baptismo paruulorum.
321 1266 1102 1310 ⁋ Respondetur ad tertiam concedendo maiorem
315 1306 1108 1348 minorem et conclusionem. Sed distinguo quod actus
316 1344 1103 1383 exterior aliquid bonitatis superaddat: vel quando
318 1381 1106 1423 prouenit bonitas virtute operis operati: et sic con
324 1415 1105 1461 cedo: vel virtute operis operantis: et sic nego. primum
325 1457 1108 1498 contingit in sacramentis. in hoc ambe positiones
327 1490 1109 1533 conuenire habent: quaniam Sacramentum est inuisibilis
315 1529 1100 1571 gratiae visibilis forma. sed contenditur de operationibus
331 1560 1103 1614 non sacramentalibus: et non priuilegiatis. ⁋ Sed di
315 1605 1108 1652 ces: si quis elinguis presbyter vellet consecrare cor
327 1640 1106 1690 pus christi: et non proferens verba debita non conse¬
325 1687 1099 1725 crat: sed veba proferens consecrat: ergo actus ex
315 1715 1102 1759 terior aliquid bonitatis superaddit Sed solutio pater
324 1755 1115 1799 ex dicte. ⁋ Quarto arguitur. decimo tertio de tri
333 1794 1118 1835 nitate cap. quinto. mala etiam voluntate vel sola
327 1831 1103 1873 quisque miser efficitur: sed miserior potestate qua dei
324 1870 1108 1913 siderium male voluntatis impletur. ⁋ Responde
321 1908 1115 1954 tur quod actus exterior crebro est causa quare inten¬
331 1946 1105 1993 ditur actus interior: etiam est noua deliberatio: et re
331 1975 1117 2030 nouatio actus interioris in executione actus exte
334 2015 1114 2065 rioris. sic homo fit miserior per actum exteriorem
340 2060 1115 2100 vt li per dicat circunstantiam cause efficientis. et non
334 2097 1108 2137 circunstantiam cause formalis. Sed istud non est
327 2131 1103 2173 contra positionem. debet enim argumentum caper¬
330 2171 1118 2213 duos habentes duos actus interiores equales: et
337 2206 1108 2255 cum hoc toto tempore quo vnus facit actum exter
333 2249 1103 2292 orem capere actus interiores eius de nouo elicito
324 2287 1111 2333 vel libere continuatos vel intensos: ponendo quod ita fe
328 2322 1109 2360 at in actu interiori alterius qui non facit opus exte¬
336 2359 1118 2401 rius: alioquin cetera erunt imparia. Etia actus ex
333 2398 1111 2441 teriores generant malos habitus in membris. et redi
340 2436 1112 2484 dunt homines procliuiores ad peccam quam antea: vel pro
333 2474 1118 2516 pter expertam libidinem (vt in intemperantia) vel quia
331 2512 1119 2561 diminuitur eorum fama que retrahit a peccato. et patet per
333 2547 1115 2592 beatum augustinum octauo confessionum capitulo quin¬
339 2587 1105 2627 to ante medium. ex voluntate praua factam est libi
340 2621 1117 2662 do: et dum seruitur libidini facta est consuetudo: et
333 2659 1117 2723 dum consuetudini non resistitur / facta est necessitas.
1180 232 1953 290 ⁋ Quinto arguitur. beata lucia dicebat ad pascha
1164 278 1949 319 sium. si inuitam me violaueris castitas mihi duplica
1174 315 1953 361 bitur ad coronam: et non nisi per actum exteriorem:
1179 358 1943 400 igitur. ⁋ Ad quintum aliqui dicunt quod duplicabitu
1179 393 1960 436 corona: quia vna per patientiam: altera per castita¬
1171 430 1949 478 tem. sed hoc non valet. quia tunc falsum esset dicere
1188 465 1958 510 uod castitas duplicaretur. ⁋ Dicitur quod intelligit per
1176 506 1957 546 intensionem actus interioris: seruando enim propositum
1176 543 1957 589 vginitatis in illo actu exteriori fuisset actus diffi
1185 577 1964 627 tilis: et non poterat esse remissus in ea si fuisset intem
1186 614 1952 662 us habitus genitus. ⁋ Sexto arex ista positiono
1182 656 1958 695 sequitur quod vidua euangelica luce. xii. ponens duo
1177 693 1961 737 minuta in gazophilatium domini non pius meruit quam con
1168 731 1952 782 stantinus magnus vel ita diues sicut cresus rex ly¬
1170 770 1957 815 dorum maiora ponens: consequens est falsum. probo
1170 810 1949 850 consequentiam supposito quod alii habuissent actus in
1180 842 1961 891 teriores equales in gradu cum vidua. ⁋ Septimo
1176 883 1951 926 arguitur: sequeretur quod domeins dans eleemosynam seruis
1177 918 1954 959 suis dandam pauperibus non pius mereretur per hoc
1177 958 1952 1001 quod seruus det vel non det: et per consequens seruus
1183 997 1949 1036 debet vel potest illam pecuniam sibiipsi applicare
1182 1032 1957 1080 ⁋ Ad sextum dicitur negando consequentiam. hoc
1173 1071 1954 1115 autem argumentum potest equaltr retorqueri contra ali¬
1180 1109 1952 1152 os. actus enim interior erat difficilior a maiorem fer¬
1173 1147 1957 1188 uorem dandi habebat quam alii diuites qui nihil faciunt
1186 1184 1958 1228 pusillam pecuniam: egre enim ad donationem illius ad
1173 1224 1961 1268 uertunt. pauper autem munusculum tribuens cum
1182 1262 1954 1307 pondere voluntatis dat. ⁋ Ad septimum concedo quod domins
1179 1299 1957 1343 equaliter meretur directe siue seruus dederit siue
1173 1337 1958 1380 non: non enim putandum est quod gratia augeatur in domino
1179 1373 1955 1423 dormiente per hoc quod seruus tunc pecuniam tribuat
1180 1408 1957 1458 pauperi. ⁋ Dixi directe. quia eleemosyna indu¬
1185 1448 1960 1492 ceret pauperem ad orandum pro domino: et sic mereretur
1186 1490 1970 1529 citius praeseruari a peccato a iuuari vt exat in actus
1186 1528 1967 1570 bonos ad merendum: sed nego quod seruus posset si¬
1180 1559 1960 1609 bi illam pecuniam appopriare. furtum ei committeret quia
1179 1600 1963 1643 alienum caperet clanculum inuito domino. et ad illius elee¬
1176 1636 1961 1681 mosine restitutionem teneretur. et sic lucrum acqui¬
1180 1675 1967 1723 reret in archa: et tamen non in anima: sed potius dam
1183 1711 1955 1757 num. ⁋ Dctauo arguitur: ponendo duos sortem scilicet
1182 1749 1970 1799 et platonem sic quod sortes det centum perauperibus ad
1186 1789 1960 1832 prandum pro defuncto: plato vellet tantundem dare
1191 1826 1969 1866 sed non habet) ad orandum pro alio defuncto: tunc
1177 1866 1970 1906 defunctus sortis citius liberabitur quam defunctus
1186 1903 1957 1949 platonis: et non nisi ratione actus exterioris. igitur
1195 1938 1963 1991 ⁋ Nono arguitur: qui vellet dare quinque duode¬
1191 1977 1973 2021 nos ad lucrandas venias eas non lucratur cum sit
1182 2016 1973 2064 pecuniarum indigus: vbi alius pecuniam dans lu¬
1185 2052 1963 2097 cratur eas: et id non fit nisi ratione actus exterio¬
1188 2089 1970 2140 ris. igitur. ⁋ Ad octauum admisso casu: conceditur
1195 2135 1966 2180 quod defunctus sortis citius liberabitur a faucibus
1194 2172 1960 2213 purgatorii quam defunctus platonis. non enim inconue
1183 2205 1964 2252 nit actum exteriorem aliquid facere ad liberatio¬
1191 2252 1976 2287 nem pene: vbi solus actus interior non satisface¬
1180 2288 1967 2325 ret: et hoc lucidius patebit in solutione argumen¬
1183 2319 1969 2372 ti sequentis: sed nego quo ad augmentum gratie
1190 2356 1972 2403 vel glorie. Unde quantum ad nonum arg. volens lucra
1181 2397 1960 2440 ri venias tantum meretur quantum eas lucrans: dum¬
1185 2430 1984 2485 modo vellet equae efficaciter cum alio: sed non assequitur.
1182 2474 1970 2517 remissionem tante pene: quia venie dantur conditionaliter pu
1178 2505 1967 2549 ta dantibus talem quotam: extante itaque conditione tenent
1193 2542 1964 2590 et ea seclusa non ponuntur. ⁋ Sed non silentio abeundum
1185 2580 1970 2626 est: quod plerique nihil habentes false iudicant si haberent
1197 2624 1973 2670 bona fortune quod magnifice et liberaliter illa in vsus
1197 2652 1965 2707 pios exponerent: sicut bene norauit Martialis in quo
