2331 3293
416 223 1213 286 posito quod sortes habeat vnum panem quo potest rele¬
415 268 1220 308 uare indigentiam vnius hominis tantum: et sint cicero
424 307 1216 351 et plato indigentes. praecipiat ei deus quod vtriusque in¬
424 340 1223 389 digentiam velit releuare. sed quod det panem platoni et
421 378 1218 432 non ciceroni. Isto casu posito si sortes dat cicero¬
426 416 1220 464 ni panem perperam agit: et tamen actus interior est
420 452 1216 502 bonus: et exterior malus. igitur. ⁋ Ad vigesimunter-
423 494 1216 541 tium respondetur: concedendo quod non est inconueniens
418 528 1222 581 quod aliquod adulterium aliqua fornicatione non sit ma
426 565 1219 618 ius: vt in casu dato. Potest dici qui cognoscit coniun¬
430 600 1220 657 ctam non suam est adulter siue sciat siue non: equaliter
426 643 1213 702 peccant adulterans et simplicem fornicationem faci
432 690 1225 735 ens in illo casu. sed adulterium cognitum tale fornica.
420 719 1214 767 tione simplici ceteris paribus est maius. vterque isto
429 755 1217 810 rum pius peccat quam simplex fornicator: et minus quam
436 805 1214 845 adulter. supposito quod transiens nullatenus vellet co
431 832 1223 885 gnoscere coiunctam si sciret eam talem. sed coniuncta
432 869 1219 918 mentiendo dicit se solutam: sed cum dant eperam rei il
424 912 1214 960 licite videtur quod pius peccat quam simplicitur fornicando
429 943 1219 999 ⁋ Ad vigesimumquartum respondetur: quod male agit dam
436 982 1232 1032 do ciceroni panem propter prohibitionem dei: et velle es
430 1023 1216 1071 ficax est peccatum quo vult ei dare interius. Si po¬
435 1056 1218 1106 nas quod deus precipiat ei habere velle efficax dand
441 1097 1223 1150 panem vtrique prohibendo ei quod det ciceroni. Casus est
433 1140 1226 1181 irrationabilis: velle enim efficax sine impedimento
435 1173 1228 1222 imperat actum exteriorem: et sic deus praeciperet ante
433 1211 1235 1258 cedens et eius oppositum. potest tamen habere voli
432 1248 1219 1297 tiones conditionatas vtrique subueniendi vel non ef¬
439 1286 1222 1335 ficaces. etiam conclusio intelligitur secundum legem vbi
430 1324 1189 1369 est consonantia actus exterioris ad interiorem
439 1372 1226 1414 ⁋ Vigesimoquinto arguitur sic. impossibile est ho¬
439 1398 1232 1448 minem saluari sine fide: sed ista positio hoc euacuat
442 1438 1220 1487 quia ponatur quod sint duo equales volitiones haben¬
433 1477 1229 1522 tes credendi aliquem articulum: alter credat: et al¬
432 1512 1232 1557 ter impediatur propoter perturbationem cerebri vel tar¬
432 1546 1226 1593 diora naturalia. vnus qui habet fidem saluabitur. er¬
429 1586 1228 1637 go a alter per positionem. ⁋ Vigesimosexto arguitur
430 1631 1223 1670 actus interior et exterior sunt res distincte quarum
433 1662 1238 1709 vtraque est peccatum: ergo sunt duo peccata. ⁋ Ad
435 1706 1232 1744 vigesimumquintum dicitur: quod fides infusa sufficit: et
443 1737 1235 1786 concedo quod iste volens credere cui displicet rebellio
438 1778 1238 1824 in oppositum laborans quantum in ipso est ad creden
438 1818 1229 1859 dum licet non credat) quantum meretur sicut credens
441 1857 1234 1901 stat enim quod duo equaliter velint credere: sed propter
444 1893 1228 1935 motum cerebri et perturbationem ingenii vnus non
450 1931 1231 1976 ita cito credit sicut alter: absit quod talis omni via an
450 1966 1237 2014 helans ad credendum damnaretur. deus enim finaliter
451 2008 1235 2049 eum iuuabit. credere autem non est actus meritorius ni¬
441 2043 1240 2083 si tanquam actus imperatus: est actus intellectus: licet
444 2079 1226 2124 imperetur ab actu voluntatis. ⁋ Ad vigesimunsex
450 2122 1241 2163 tum solent homines dicere quod est tantum vna malitia.
453 2159 1238 2199 ⁋ Contra hoc arguitur sic. actus interior est malitiat
454 2196 1241 2237 vt ipsi concedunt: et actus exterior est peccatum: et ma
448 2229 1235 2279 lum demeritorie. modo malum non distinguitur ab a¬
453 2273 1241 2320 ctu malo. ⁋ Concedo quod sunt due malitie: et duo pec
453 2305 1241 2346 cata. vt patet per glosam super illud ad Romanos primo.
458 2344 1234 2401 Plenos inuidiam et homicidiis. bene inquam dicit homo
457 2389 1241 2429 micidiis pluraliter: quia plura sunt homicidia: quia vo
454 2422 1245 2469 luntatis et operis. et hoc idem patet super illud psalmi
457 2458 1247 2500 lx viii. appoione iniquitatem. qui malum opus addit ma
456 2498 1235 2546 le voluntati iniquitatem addit iniquitati. ⁋ Item proba
466 2535 1247 2574 tur ratione: actus exterior imperatus ab actu inte¬
465 2577 1238 2620 riori malo vel est peccatum vel non peccatum. si secundum
453 2609 1243 2654 est actus indifferens vel actus bonus. sed neutrum
462 2648 1244 2696 illorum dici potest: ergo primum vioce quod est peccatum.
1297 196 2085 269 ⁋ Item vigesimosecundo contra Faustum. bea¬
1291 264 2090 305 tus Augustinus diffiniuit peccatum sic. Est di¬
1284 302 2089 351 ctum factum vel concupitum contra legem dei.
1288 337 2090 380 modo hoc totum conuenit actui exteriori. Sed tunc
1290 376 2087 426 dices. ergo tunc faciens actum interiorem et exte
1282 421 2078 462 riorem simul est peror quam ille qui facit solum actum
1288 459 2087 491 interiorem. ⁋ Distinguitur. vel extensiue: et sic conce
1290 488 2086 540 ditur: vel intensiue. et sic negatur. ⁋ Vel sic (et lucidi
1290 534 2084 571 us) distinguo quod duo peccata habet vel quorum vnu
1291 568 2083 613 malitiam habet vel bonitatem ab actu interiori¬
1284 604 2083 649 et sic conceditur. et hoc non reddit hominem peiorem:
1296 640 2078 680 vel peccata non subordinata: et sic negatur. ⁋ Sed
1287 681 2083 726 contra totum istud argumentor: actus interiores in
1297 717 2086 761 sorte habente solum interiorem: et in platone vtrum
1287 753 2084 797 que actum habente. igitur sunt equales et peccata equa
1288 793 2090 840 lia. ⁋ Dices quod habet malitiam ab interiori. ⁋ Con
1291 830 2091 877 tra. ergo est malus. et peccatum. et pro eo debetur pe
1287 872 2076 913 na distincta ab interiori: sicut actus interior ab ex
1290 907 2090 945 teriori distinguitur. ⁋ Respondetur. concedendo a¬
1287 945 2080 990 ctus interiores esse pariles in malitia. et concedo quod
1288 982 2093 1025 actus exterior platonis est peccatum et distinctum
1293 1022 2084 1069 realiter ab interiori: sed nego quod respondeat ei pe¬
1290 1057 2077 1108 na quaecunque alia a pena actus interioris. de pena in¬
1287 1096 2093 1140 flicta loquor. et causa est quando dependet ab interiori
1287 1133 2087 1180 naturali sequela: et interior actus est mere sponta
1290 1173 2083 1212 neus. sic enim nullam penam habet distinctam a pena
1296 1208 2087 1250 interioris. sicut tota malitia eius ab interiori emer
1296 1247 2080 1294 git. ⁋ Sed contra. actus exterior est peccatum. er¬
1293 1285 2092 1327 go ex solutione oportet dare vnum peccatum: pro quo
1294 1322 2081 1364 nulla pena infligetur: quia actus interiores sortis et
1302 1358 2093 1409 platonis equaliter puniuntur. et vocetur pena pro a¬
1296 1402 2089 1440 ctu interiori sortis a quatuor graduum: pena pro a¬
1296 1438 2081 1487 ctu interiori platonis ber totidem graduum. Iam sic
1303 1479 2096 1520 vel plato punitur aliqua alia pena a b vel non. si pri¬
1296 1511 2084 1554 mum. ergo plato est sorte peior. si non: habebitur ali
1297 1551 2096 1587 quod peccatum impunitum etiam non remissum in
1297 1585 2084 1629 hoc mundo vel purgatorio. ⁋ Respondetur. concen
1296 1628 2095 1676 dendo quod actus exterior est peccatum. et negatur quod
1294 1662 2093 1701 sit aliquod peccatum pro quo nulla pena infligetur
1301 1697 2090 1751 vel in hoc mundo vei in alio: quia pro peccato quoli¬
1303 1737 2084 1792 bet erit aliqua afflictio. et dico quod be pena non est se
1303 1775 2087 1826 lum pena respondens actui interiori platonis: sed
1305 1812 2087 1854 actui interiori et exteriori simul. hoc est copulatim
1309 1852 2085 1896 sicut dicimus quod actus exterior non habet aliam ma
1302 1887 2095 1931 litiam a malitia actus interioris: sed mere natura
1311 1926 2084 1970 siter ab eo dependet. nec sequitur quod actus exteri¬
1303 1967 2093 2009 or manebit inultus. quia penab tam actui interiori
1299 2003 2102 2042 quam exteriori in casu nostro respondet. ⁋ Sed contra
1309 2043 2084 2091 istud argumentor. actus exterior punitur ex solu¬
1293 2082 2085 2122 tione: vel igitur minus acerbe quam actus interior: et sic
1305 2122 2090 2164 erit minus malus: vel ita acerbe sicut actus interior:
1308 2158 2090 2199 et tunc sequitur quod actus exterior esset ita malus sicut
1311 2193 2093 2237 interior: et tamen exterior est naturalis et interior
1305 2232 2087 2272 liber. ⁋ Forte dicis: non est ita malus sicut interi¬
1309 2269 2086 2309 or: immo non distinguitur ab interiori. hoc non est in
1309 2306 2099 2350 pugnatione dignum: constat enim quod sunt res realit
1308 2346 2100 2392 distincte. ⁋ Respondetur. concedendo quod actus exte¬
1312 2383 2090 2428 rior ita acerbe punitur sicut interior. immoo eadem
1305 2418 2098 2468 pena precise: nec alia respondet ei: et est actus ita
1305 2467 2099 2504 malus sicut actus interior: et peccatum distinctum
1306 2498 2095 2548 realiter ab interiori: sed non habet aliam malitiam.
1315 2533 2092 2579 hoc est habens exteriorem cum interiori non est peior
1311 2573 2096 2620 quam habens interiorem tantum: sed non est ide peccatum. immo
1314 2609 2096 2653 aliud peccatum. sicut res alia: et alia malitia. et alia dif¬
1317 2649 2105 2701 formitas ab actu interiori. ⁋ Sed contra dicatur actus
