2410 3308
318 233 1124 288 exterior c arguitur sic: b est ita magnum peccatum si¬
331 280 1115 325 cut a: ergo tanta pena punietur in inferno: ergo pro
325 314 1120 360 c infligetur noua pena: vel manebit aliquod mor¬
325 351 1122 410 tale inultum apud inferos. ⁋ Respondetur: quod pena¬
318 391 1109 440 respondens b est ita mala sicut pena respondes ar
316 431 1123 473 et tota pena respondet b peccato: et illa eadem respon
320 469 1118 519 det e peccato. nec inconuenit duo peccata realiter di¬
325 503 1118 557 stincta puniri eadem pena. dumodo vnum peccatum
325 546 1112 588 naturaliter ab alio scateat. alioquin concedere opor
315 584 1120 631 tet auqud esse mortale pro quo nulta pena infligitur in
316 617 1109 672 infeno. Sed ex isto modo loquendi concedere opor¬
321 657 1108 704 tet platonem decedere in duobus peccatis: scilicet b et cuom
309 695 1120 740 et sortem in a. et quod b est equale ipsi a: et tamen isti duo
310 732 1109 784 equaliter puniuntur: pono quod non decedant in peccatus
318 771 1101 822 aliis: quod concedo. ⁋ Sed contra. ex isto sequitur quod a¬
316 811 1113 859 ctus exterior insequitur interiorem quo ad rationem
315 846 1106 889 peccati maioris vel minoris: sicut tumor maris se¬
315 887 1106 936 quitur lunam: hoc autem est falsum. Quod probo. stat actum
319 918 1105 970 interiorem remitti actu exteriori intenso augnen
309 954 1097 1008 tato: tunc sic: actus. exterior augetur: actus exterio:
303 1000 1107 1048 est peccatum sortis: ergo peccatum sortis augetur.
308 1039 1106 1087 ⁋ Dico quod remittitur peccatum sortis: dato quod pecca¬
309 1075 1103 1120 tum exterius augeatur. remittitur exterius peccatum
310 1107 1097 1160 sicut corrumpitur similitudo: et nulla similitudo cor¬
318 1150 1097 1201 rumpitur. sed actus exterior aduentitium modum pec⁋
306 1195 1100 1239 cati suscipit. nunc est peccatum. nunc idem manens non
303 1228 1097 1285 est peccatum: sed meritum. nunc neque meritum neque
316 1262 1104 1310 demeritum. et istud crebro contingit. sed illud non con¬
310 1303 1097 1350 uenit actui interiori. qui si semel est peccatum coniter
308 1334 1096 1388 manet tale quando est in rerum natura. ⁋ Altisio¬
316 1371 1100 1429 dorensis concedens: quod si pater a filius assumerent ean¬
318 1411 1096 1459 dem naturam humanam essent idem homo: concedere
307 1447 1094 1505 haberet quod actus interior et exterior sunt idem peccatum
316 1490 1100 1536 cum autem doeter sunt vnum peccatum ibi vnum cadit super con¬
304 1534 1091 1586 notationem termini peccatum: et non super materiale signi¬
303 1554 1094 1608 ficatum: si duo homines haberent eandem anima vel
308 1600 1100 1654 albedine essent vnum albu: vel vnum animatum. Et
306 1637 1096 1690 aliquis proteruiendo potest hoc logice sustinere: tamen
312 1675 1106 1730 hoc mihi non placet. si actus interior et exterior sunt
305 1717 1095 1765 vnum peccatu: ergo hoc vnum peccatum vel illud:
310 1757 1091 1801 posita constantia. descensus enim est disiunctiuus sub
304 1796 1091 1841 termino stante determinate: et qualibet singularis est
309 1828 1103 1883 falsa. quocumque enim demonstrato non sunt hoc vnum
310 1869 1093 1916 peccatum: demonstrando actum interiorem. nec hoc
306 1910 1087 1955 vnum peccatum: demonstrando exteriorem. Propteres
297 1942 1087 1994 concedo: quod sunt peccata realiter distincta: et equal
300 1984 1089 2032 ter mala. nec iuuat (vt patet intelligenti) volare ad
304 2019 1084 2074 suppositionem confusam tantum. ⁋ Vigesimoseptimo ar
316 2061 1094 2107 guitur sic. ex ista conclusione sequitur quod tantum mere
306 2098 1088 2145 tur volens mereri quantum ille qui meretur: et eodemmo
310 2132 1087 2180 do quod ille qui vult pius mereri quam alius: plusmeretur
309 2169 1087 2221 quam alius: sed hoc est falsum. ponatur enim quod sortes ve¬
300 2205 1088 2264 lit mereri. et plato velit pius mereri quam sortes: tunc
299 2246 1085 2299 si plato pius mereatur quam sortes: eodem modo cicero
297 2285 1087 2336 volens pius mereri quam plato: pius merebitur quam pla¬
294 2321 1085 2377 to. Quod si concedas ponatur rnrsus quod plato velit
292 2363 1082 2406 pius mereri quam cicero: petendo quis eorum pius meretur.
291 2401 1077 2454 consequentia autem patet ex positione. ⁋ Vigesimoocta
298 2438 1088 2492 uo arguitur sic. aliquis est actus exterior malus non in¬
304 2473 1067 2521 peratus ab aliquo interiori malo: ergo positio nulla
300 2511 1077 2565 Antecedens patet ponendo quod sortes dirigat sagit¬
300 2548 1073 2604 tam contra platonem: per quam plato intereat: sed quancito
300 2585 1074 2642 sagitta est emissa de manu sortis penitudine duca
304 2621 1077 2681 tur quod sagittam direxerit contra innocentem. tunc actus
303 2661 1073 2719 exterior est malus: quoniam iniuste occiditur sortes quem
1189 248 1983 317 supponimus innocentem: vel saltem innocenter occi¬
1182 288 1972 353 ditur: licet sit in peccato occulto mortali: et nocens
1173 331 1981 388 tamen in nocenter occiditur: et tamenactus interior est
1180 362 1970 430 bonus: cum sagitiarium subeat penstudo antequam sagit
1173 407 1982 466 ta attingat platonem. Vel ponatur casus sic: quod sortes
1180 441 1974 502 percutiat ciceronem in die dominiccui moriatur gratia
1179 482 1980 543 vulneris die mercurii: et interea sortem peniteat:
1183 518 1969 572 tunc sic: mors ciceronis sorti imponitur: et tamen actus in¬
1186 558 1982 606 terior non est malus. igitur. ⁋ Respondetur non oportet
1183 589 1973 655 quod ille qui habet tale velle: ego volo pius mereri quam
1182 632 1970 697 sanctus Petrus: pius mereatur quam sanctus Petrus
1176 674 1973 731 et dato quod operam adhibeat / vix decimam parte meri¬
1182 708 1959 769 torum beati petri attinget. nec istud impugnat pos
1182 747 1967 802 tionem: quia vult quod aggregatum ex actu interiori et
1180 780 1967 845 exteriori ei respondente non est magis meritum quam so
1174 816 1965 883 lus actus interior: quia paro isto sensu est pugna inter
1179 854 1970 919 sapientes. modo per illas volitiones nulla est ap¬
1177 901 1965 953 parentia contra illum sensum. nolumus enim concede
1174 939 1937 990 re quod quis tantum mereatur sicut vellet mereri.
1179 969 1960 1023 ⁋ Si dicas: voluntas reputatur pro facto. Distin¬
1176 1008 1968 1069 guo. vel quod homo mereatur tantum qauantum vellet
1182 1054 1961 1104 nereri: et sic nego. vel quod volitio efficax faciendi a¬
1167 1084 1961 1136 liquid sit ita bona: dato quod opatio exterior non se¬
1161 1130 1958 1177 quatur quando impedimentum duenit ab extrinse
1161 1158 1958 1215 co: et sic cocedo. nec oportet quod ille qui vult pius mereri
1171 1200 1963 1248 pius mereatur. stat enim quod volens minus mereri ha¬
1162 1241 1952 1297 beat actum intensiorem merendi: sed de reciprocatio
1176 1275 1952 1339 ne eorum quorum vterque vult pius mereri quam alter di¬
1174 1316 1952 1371 catur sicut dicemus in secundo de duobus quorum vter
1167 1351 1953 1410 que vult esse peior reliquo. ⁋ Ad vigesimumoctauum
1168 1391 1952 1443 respondetur: quod aliquid est certum in hoc argumento
1176 1424 1968 1481 vilicet quod iste qui penitet antequam sagitta tangat platonem
1167 1466 1954 1517 non peccat: quando sagitta tangit platonem. et siue
1171 1501 1969 1563 tangat siue non: non imputabitur ei ad culpam: et est in
1165 1546 1953 1594 gratia. sed an actus ille exterior debeat dici malus an
1164 1581 1958 1639 non malus: res non est ita lucida. et dicitur quod ille actus
1170 1617 1954 1676 exterior est malns. et ratio est: quia ad malitiam actus
1164 1657 1954 1705 exterioris sufficit quod imperetur ab actu interiori ma
1169 1690 1958 1751 lo: et hoc est verum in prposito. ⁋ Sed contra hoc ar¬
1162 1732 1950 1789 guitur. incurrens ebrietatem ex culpa sua cui displi
1171 1772 1953 1820 cet temulentia futura antequam summe coalescat non
1167 1804 1959 1864 facit actus exteriores culpabiles: hoc autem est pro¬
1168 1849 1959 1902 pter culpam emendatam per penitentiam. et cum hoc
1162 1885 1957 1939 tenendo facta ebriorum esse imputabilia. sed sic est in
1158 1923 1943 1973 proposito. ⁋ Insuper iste iniuste occiditur: quia innocens
1173 1957 1956 2014 ergo alter eum iniuste occidit: ergo peccauit in occi
1161 1994 1945 2043 sione. ⁋ Respondetur quod tales actus nec sunt demerita
1161 2032 1944 2093 imputabilia nec merita pius quam actus brutorum: nec
1162 2068 1952 2134 est smile hincinde: cu vnus actus exterior impere
1165 2113 1946 2171 tur a volitione formaliter imala: aliter autem non.
1174 2142 1939 2197 ⁋ Ad aliud concedo: quod iniuste occiditur: quia per actu
1159 2185 1951 2238 iniustum: et alter iniuste occidit eum. Concedo istam
1165 2227 1940 2278 conclusionem: aliquis iniuste occidit hominem: et est in
1156 2263 1948 2314 gratia et iustitia tempore quo alter capit viilnus letale.
1161 2302 1940 2358 ⁋ Sed contra istud arguitur capiatur totum tempus quo
1161 2338 1936 2387 vult occidere: et dicatur a in isto tempore adhuc non oc¬
1159 2372 1941 2432 cidit: quia non infligit vulnus letale: ergo non iniuste
1159 2410 1937 2469 occidit. et post istud tempus nullum actum iniustum habe
1165 2455 1943 2505 bit: ergo non occidet iniuste. ⁋ Respondetur: admisso ca¬
1150 2487 1946 2534 su dico quod in a tempore occidit. habet enim homicidium mem¬
1149 2528 1944 2578 tale. sicut Matthei. v. de mechari contingit. Et si
1159 2563 1927 2615 dicatur non vocetur homicidium nisi sequatur mors
1156 2601 1931 2655 ⁋ Dico quod sic: capiendo terminum. hoc enim dependen
1143 2646 1940 2694 ex euentum futuro: et ad homicidium sufficit inferre vul
1150 2680 1939 2727 aus actu vel proinquam: sicut ad esse patrem sufficit diffu¬
