2408 3308
282 256 1082 319 catum mortale. ⁋ Respondetur concedendo quod meri
288 312 1081 360 tum erit peccatum mortale a non est lapsus de specie es¬
298 348 1070 392 sentiali inspeciem essentialem: sed solum transitus in spe
298 385 1073 430 ciem accidetalem. quod enim actus sit primo bonus et postea
297 424 1072 467 malus dependet ab extrinseco: sicut iste dicit de actu
289 461 1073 505 imperato vt de transitum ad ecclesiam primo propter deum
298 502 1076 541 et postea propter vanam gloriam: sed de hoc tame non de
288 532 1066 577 bebat loqui: motus enim localis est ipsum mobile secun¬
294 570 1076 617 dum ipsum: transire ad ecclesiam est homo transiens ad
298 608 1070 648 ecclesiam. Quod autem idem homo sit primo bonus et postea ma
300 645 1075 684 us non vertitur in dubium: sed de illo non est insistendum:
282 681 1063 727 nollem tamen dicere more aliquorum quod sit idem actus nu
283 719 1060 760 mero vel specie specialississima: quo primo volo ire ad
282 756 1069 801 ecclesiam propter deum: et secundo volo ire propter vanam
289 788 1073 843 gloriam: illorum enim obiectorum distinctio distinctionem speci
288 823 1064 871 ficam arguit in actibus: sed isti actus voloire ad ec¬
282 864 1061 912 clesiam primo potest esse bonus et postea malus: secun¬
282 903 1065 951 dum quod ordinatur ad diuersos fines non actualiter re¬
286 940 1071 988 latos: nec hoc requiritur ad actum virtutis: et deni¬
279 976 1067 1023 que nec ad ipsam virtutem requiritur habere rectam rationen
282 1014 1064 1058 pro obiecto eius. Quis enim negabit istum actum esse bo
288 1049 1060 1090 num diligo sortem propter deum summe dilectum. ⁋ In¬
291 1087 1061 1131 super commentitium est dicere ad actum esse bonum requi¬
289 1130 1062 1173 ri circunstantias loci et temporis et sic de aliis: sed de his
280 1162 1055 1209 nunc transeo. ⁋ Ex isto pataet quod actus bonus manens
289 1198 1066 1241 in voluntate non est essentialiter et intrinsece talis.
285 1239 1052 1280 Quod dicunt veniale potest quadriphariam fieri mor
277 1278 1062 1317 tale: non tamen admittentes eundem actum successiue
276 1315 1061 1359 esse venialem e mortalem est repugnantia: et dissute lo¬
277 1346 1064 1396 quuntur: vt alias patebit. ⁋ Sed contra istud arguitur.
289 1385 1064 1425 ecundum Augustinum secundo de libero arbitrio. capitu. xxxiii.
276 1426 1051 1469 virtutes iustitia prudentia et fortitudo a temperantia
289 1457 1063 1510 sunt summa bona: necistis aliquis male vtitur: quia re¬
283 1497 1060 1535 cta ratione male vti nemo potest. Et idem patet per Ari¬
279 1532 1062 1582 stotelem in quinto libro ethicorum capitulo primo vbi
280 1564 1046 1619 inquit: virtutibus nemo male vtitur. sed stat aliquem ha
282 1605 1052 1657 bitum esse genitum ex actibus laudabilibus: et ille inclinat
271 1646 1049 1695 suapte natura in actus consimiles actibus a quibus emer
277 1679 1049 1732 sit: ergo non stat tales actus esse in voluntate malos: quioa
279 1718 1048 1762 si sic virtus inclinet ad vicium. ⁋ Respondetur quod ad ha¬
276 1754 1049 1809 bitum esse virtutem non sufficit ipsum fuisse genitum er
271 1793 1051 1833 actibus bonis: sed cum hoc requiritur quod per se inclinet in
270 1832 1058 1871 actus laudabiles: modo stat quod virtus sit genita ex acti
276 1866 1042 1920 bus bonis: et postea manens in eadem specie habitus in¬
270 1907 1040 1948 clinet in actus malos: vt nunc habitus temperantie me
264 1943 1051 1983 inclinat ad comedendum in meridie conformiter ad dicta
273 1981 1046 2026 men prudentiale: sed si deus prohiberet mihi comede¬
264 2020 1049 2053 re toto isto die: ille habitus inclinaret me ad come¬
265 2051 1057 2096 dendum eadem hora: et illa comestio est mala. ⁋ Non enim
270 2087 1058 2144 valet dicere: inclinat conformiter ad dictame prudentia
264 2120 1045 2167 le: et nunc est prudentia. ⁋ Tum primo: quia dictamen pru¬
270 2167 1054 2214 dentiale incipit esse erroneum: heri enim erat dictamen pru
274 2201 1045 2252 dentiale comedere hora duodecima: et eius iudicium pru¬
274 2240 1035 2291 dentia: hodie ex hypothesi est error et imprudentia.
264 2272 1047 2328 ⁋ Tum secundo. temperantia est habitus voluntatis incli
268 2318 1047 2369 nans naturaliter ad comedendum in meridie. et istud
258 2352 1034 2400 potest contingere naturalitur de assueto ientari hora octa
268 2390 1040 2431 ua conformiter ad dictamen prudentiale ante quadrage
258 2424 1043 2477 simam: quod male fieret in quadragesima. sicut enim non inco¬
268 2463 1043 2504 uenit propositionem de vo in falsum et contra migrare: sic
262 2501 1037 2549 prudentia in imprudentiam et contramigrat. ⁋ Ad formam
258 2536 1038 2592 argumenti conceditur quod virtutibus nemo male vtifelicitiue
270 2565 1029 2628 seum effectiuse: vittus enim nunquam inclinat effectiue in vi¬
265 2611 1037 2657 cium: non debes habere pro inconuenienti virtute abitum
256 2642 1034 2691 in vicium transire plusquam de actu dicimus. ⁋ Tertio
270 2685 1037 2750 arguitur. aliquis actus est ex natura sua alio melior.
1141 267 1927 326 patet de actibus iustitie et fortitudinis: qui prestant
1140 324 1909 366 actibus temperantie et eutrapelie. ergo aliquis actus
1149 358 1924 401 ex natura sua est bonus. patet consequentia ab exponibili copu
1146 390 1919 433 latiue ad alteram exponentem eius. ⁋ Insuper: sicut se
1144 427 1922 476 habet falsitas ad primam et summam vitatem: sic malitia
1138 466 1918 518 ad primam bonitatem: sed aliquid est ita falsum quod non po¬
1137 504 1913 549 test ita esse sicut per illam significatur nec potest ve¬
1144 540 1926 589 rificari per primam veritatem: ergo aliquid est ita bo¬
1143 576 1925 621 num quod non potest fieri quod sit malum. ⁋ Respondetur
1143 612 1919 661 licet antecedens sit verum secundum legem instituta: et secundum talem
1129 659 1917 697 naturam: tamen vterque illorum potest esse non bonus:
1129 687 1922 735 immo malus deo deacceptante et prohibente. ⁋ Ad
1140 726 1915 772 aliud dicitur quod non est simile: quia falsitas et veritas atten¬
1138 762 1907 810 duntur an ita est er parte rei sicut per propositione¬
1123 797 1911 848 significatur vel non ita est: inter quae non est dare medium: bo
1131 838 1916 881 nitas autem: respicit diuinam acceptationem. ⁋ Contra ter
1129 876 1922 924 tiam conclusionem sic arguitur: probando quod odium
1138 912 1907 961 dei patest bene fieri: et hoc sic: quicquid deus potest fa¬
1134 951 1922 992 cere cum causa secunda deus pott facere se solo: odium
1138 989 1910 1034 dei deus potest facere mediante causa secunda: ergo odium
1138 1022 1901 1067 dei deus potest facere se solo: maior est certa: et mi¬
1122 1059 1906 1108 nor probatur per psalmistam: odio oderunt me gra¬
1123 1100 1901 1143 tis aet ascendit fumus eorum qui te oderunt semper
1141 1132 1907 1177 ⁋ Sed huic respondetur concedendo quod odium dei
1138 1176 1913 1220 deus potest facere se solo extra subiectum. ⁋ Sed con
1131 1209 1908 1257 tra hoc replicat doctor tenens oppositum a hoc sic:
1138 1249 1910 1292 accepta illa maiori apponit minorem scilicet compo
1132 1280 1917 1330 situm ex anima et illo actu est effectus producibilis a
1122 1317 1908 1371 causa secunda: immo magis per se terminat productio
1121 1350 1898 1405 nem quam forma secundum Aristotelem septimo a octa¬
1132 1398 1902 1441 uo Metaphysices. ⁋ Insuper omnem formam na
1128 1430 1904 1479 tam informare aliquod subiectum deum potest po¬
1131 1468 1906 1509 nere in illud subiectum et virtus finita potest illam cau
1128 1503 1898 1553 sare in subiecto: ergo a virtus infinita poterit. ⁋ In
1122 1542 1907 1588 super: deum illam producere se solo extra subiectum
1122 1580 1906 1623 continetur duo supernaturalia et miracula: creare illam
1122 1616 1907 1657 totaliter in subiecto non continet nisi vnum illorum.
1119 1656 1916 1699 ⁋ Iste replice non mouent. ⁋ Ad primum argumen¬
1122 1690 1897 1733 tum concedo minorem et conclusionem. non sequitur
1116 1732 1906 1770 quod potest causare odium dei se solo: quia potest cau¬
1116 1765 1894 1807 sare illam animam: et illam qualitatem extra subie¬
1116 1803 1903 1842 ctum. ⁋ Ad secundum distingo antecedens: vel vo
1117 1839 1901 1882 luntate coagente et sic conceditur: vel totaliter e sic
1123 1877 1900 1922 negatur. ⁋ Ad tertium consequentia est nulla: infi¬
1120 1912 1907 1957 nita miracula deus potest producere: sed istud pro¬
1120 1950 1904 1993 ducere totaliter dedecet deum. ⁋ Forte dices: quan¬
1117 1989 1901 2030 do voluntas odit deum deus partialiter odium illud.
1110 2026 1912 2070 producit: non videtur maius inconueniens quod produ-
1114 2063 1898 2105 cat totaliter illud odium: et quod suppleat causalitatem
1110 2097 1897 2139 voluntatis etiam actu manente in ipsa voluntate.
1110 2134 1898 2178 ⁋ Non valet confugere ad hoc quod non dicatur odium
1122 2175 1900 2218 queritur que qualis eritus et an mouet voluntatem ad
1110 2212 1901 2254 nolle deum esse vel deum bene esse: vt de alio odio con¬
1113 2246 1900 2291 tingit. ⁋ Respondetur concedendo quod odium dei par
1104 2284 1885 2328 tialiter producit deus: quia enim omnem entitatem
1108 2322 1883 2364 partialiter producit: peccatum et odium dei partia¬
1110 2362 1889 2403 liter causat: alioquin non fieret in rerum natura: sed
1105 2398 1886 2440 non potest causare in voluntate odium dei se solo: si
1107 2435 1885 2478 immutet voluntatem tendendo in obiectum voluntas
1105 2471 1892 2519 iam illud odium causat. ⁋ Sed dato modo aliorum
1113 2509 1873 2553 quo voluntas potest tendere in oliquod obiectum per
1117 2547 1902 2594 actum suum absque hoc quod voluntas efficientiam ha¬
1113 2584 1879 2630 beat respectu illius actus (vt solent aliqui dicere de
1098 2614 1877 2663 beatitudine et pena damnatorum) nego adhuc quod de¬
1102 2646 1886 2700 us potest totaliter illam qualitatem se solo produce¬
1111 2696 1880 2744 re in voluntatem: istud autem non arguit creaturam ma¬
