2358 3299
460 208 1247 264 portionem premiorum esse secundum proportionem gratae: hoc enim
461 248 1245 294 multi concedunt extra hanc materiam. Sed dices si deus tol¬
457 290 1240 336 leret gratiam respondentem actibus meritoriis pro peccato venial
462 327 1238 371 quod non est ita malum sicut beatitudo est bona: deus non vide
463 367 1244 410 retur iuste punire secundum legem: quod non est dicendum: igiter. ⁋ Re
455 395 1244 445 spondetur quod tollit beatitudinem quousque iste puniatur pro ve¬
461 439 1238 482 nialibus commissis: postea tota gloriam actibus meritoriis
462 469 1241 521 debitam reddit: et secundum hoc non habetur pro inconuenienti: quod
466 510 1241 558 adultus qui habuit centum gradus gratiae decedat cum equaeli gratia
468 543 1238 595 vel minori quam vnus paruus de nouo baptizatus cum vno
462 587 1234 632 gradu gratiae decedens: sed post penam debitam venialibus
460 630 1247 667 tribuetur gratia et beatitudo respondens actibus meritoriis.
471 662 1241 708 ⁋ Septimo arguitur. ex hac positione sequitur quod venia¬
462 697 1234 744 le cum gratia multo pius noceret quam veniale sine gratia
465 740 1235 780 quia vnum gratiam diminuit: alterum nihil gratie diminuit
462 778 1247 819 ⁋ hoc argumentum non vincit: quia secundum aduersarios
450 810 1238 857 primum mortale tollit gratiam: secundum nullam tollit: quia eam non
450 856 1235 894 reperit: sed est natum tantum tollere. sicut duo sures proppo
454 886 1240 930 nut omnia bona sortis auferre: si vnus ante alium totu tol
453 925 1243 968 lit: secundo nihil relinquitur ad auferendum. ⁋ Octauo ar¬
461 960 1235 1005 guitur: vel peccatum veniale diminuit gratiam ex natura rei¬
465 993 1244 1037 vel deus demeritorie minuit gratiam propter veniale prpe¬
462 1034 1237 1080 tratum: sicut tollit omnemgratiam obmortale commissum. si
463 1070 1243 1118 primum: vel subito tollit in tempore vel successiue. ⁋ Sed quia
456 1108 1241 1153 hoc non pungeret contra positionem arguitur sic: nulla est repu
456 1145 1235 1191 gnantia inter gratiam infusam et veniale. Si dicatur ex
456 1185 1247 1230 pacto deus diminuit gratiam: tunc sic vel proportionabilitur
456 1221 1234 1262 diminuit beatitudinem illi gratiae respondentem quod numquam redeat ius
463 1265 1241 1305 ad illud primium. nec quod redeat illa gratia diminuta: et hoc
460 1299 1240 1340 profecto est irroabile. si dicatur sicut diximus inter arguendum
455 1336 1237 1380 post penam redit gratia et primium. hoc quia est vnum volutarium
465 1373 1244 1415 et contra communem scholam non est magni momenti: quod augeatur
456 1403 1241 1451 gratia post mortem. propterea illud relinquo. qui voluerit il¬
466 1436 1234 1488 lam partem fouere patet illi aditus: non amplius illam positioni
466 1483 1252 1526 impugno. ⁋ Alium modum habet quidam alius quod veni alia dimi
457 1519 1244 1560 nuunt charitatem: que simul iuncta faciunt vnum mortale.
469 1553 1250 1602 ⁋ Et arguit sic: quaelibet pars peccati mortalis est peccatum
466 1598 1253 1641 mortale et infinite sunt partes in mortali et quodlibet
456 1627 1246 1676 mortale est peius hoc veniali: ergo hoc mortale / immo
462 1659 1238 1714 quodlibet mortale est infinite malum. ⁋ Postquam suo mo¬
469 1712 1247 1753 re multa veba inculcauit dicit quod duplicitur respondedum est. vno
463 1743 1237 1788 modo sic: nulla pars peccati mortalis est peccatum mortale: sed
468 1778 1246 1825 totus actus est peccatum mortale: sed si ab isto actu intenso mor
465 1820 1250 1862 tali remoueretur vna pars: iam reliquae erit peccatum mortale.
475 1858 1241 1899 secus erat in suo toto: quod patet de parte homis quae non est homo
459 1886 1237 1942 quae per abscisionem pedis incipiet esse homo. Postea concedit quod
471 1940 1242 1976 committens vnum mortale finite plus peccat quam alius per venis
456 1968 1238 2010 le. Et stat dare nouem venialia per additionem vnius venia
461 2009 1247 2052 lis reddere aggregatum mortale: quod aggregatum gratiam
466 2043 1244 2087 tollit. ⁋ Alio modo dicit quod aliqua pars peccati mortalis
469 2082 1246 2128 quae est disticte prerceptibilis ab anima est peccatum mortale: et quia
469 2118 1256 2160 tales sunt solu finite / argumentum est solutum dicit. Et ex consequenti
469 2152 1252 2199 dat maximam partem quae non est peccatum mortale. Reliqua quae po¬
465 2188 1247 2232 nit non recito ad logum: nec de peccato nunc loquem mee in¬
469 2233 1240 2277 tentionis: sed pro quanto nostris conclusionibus obuiare videbi¬
462 2266 1244 2308 tur. ⁋ Impmis dico quod quit sunt vba ab isto viro hic de
471 2305 1241 2347 cta tot sunt ferme deliramenta: et in ipsum acies molitur
471 2340 1243 2387 Et arguitur sic. si non quaelibet pars peccati mortalis esset peccatu
471 2379 1246 2427 mortale tunc aliquae pars mortalis erit venialis / actus
471 2415 1255 2459 indifferens / vel actus meritorius: consequens est manifeste falsum.
473 2442 1244 2499 ⁋ Item diffinitio peccai mortalis cuilibet parti eius conuenit
475 2492 1235 2536 nisi fugere voluerus ad actum totalem: sed pars actus est actus
481 2530 1249 2575 dumanus: et quaritur vt supra et sic nihil dice. ⁋ Insup: homo
480 2568 1252 2611 magis trangreditur mortaliter crebro per medietatem vel
480 2602 1249 2639 duas tertias actus intensi: quam pertotum actum remissum. Sed
474 2641 1253 2695 secundus per eum est peccatum mortale: ergo et alia pars. non est
1312 207 2108 274 simile de homine a suo pede apud multos: secundum alios
1309 260 2098 303 pars homins est homo: si terminus absolute capiatur: sed ne¬
1312 297 2103 346 mo adhuc negauit partem substantie substantiam vel partem
1318 328 2099 375 accidentis accidens: et ita in talibus. ⁋ Insuper tenet cu vi
1315 369 2110 420 ris aliis sue sortem quod nulla cretura part producere aliquem
1311 409 2096 458 effectum subito: atunc vel homo praet pure partibilitur elicere
1320 446 2105 495 actum secundum se vel quidlibet sui: et tunc non datur maxia pars
1318 476 2104 524 quae non potest immutare potentiam: quia quacumque parte remissa
1318 519 2089 562 data datur vna mior quae immutat. Si dicat maxia pars qua
1311 557 2102 606 non potest immutare subito producitur cum aliqua alia parte:
1303 598 2102 642 qui illa non potest esse seorsum: tunc creatura aliquid producit
1308 628 2097 682 subito. ⁋ Aliis dictis eius (vt paucis expedia) relictus.
1312 668 2095 719 dico qualibet partem peccati mortalis peccatum mortale: et
1315 703 2087 747 quamlibet parte peccati venialis peccatum veniale: loquimu.
1314 744 2094 792 de partibus secundum intensionem et remissionem: alioquin esset
1314 775 2095 821 luctamen de peccato omissionis: quod pono illum qui omittit. et
1315 816 2092 870 absurdum est peccatum mortale ex venialibus conflari: nec vnquam
1306 851 2090 894 aggregatu venialium facit mortale peccatum. Et ad for¬
1303 892 2089 940 mam argumenti / concedo quod qualibet pars huius mortalis est
1309 930 2087 969 peccatum mortale: et quaelibet pars huius est peior hoc venia
1306 965 2103 1015 li et indignior: et infinitus crciatus extensiue cuilibet parti
1301 992 2096 1054 respondet: vel potius cuilibet parti infinitus cruciatus extensiue re¬
1312 1036 2090 1088 spondet: et infinite sunt partes categorematice in hoc mor
1303 1075 2088 1126 tali non coincantes. non sequitur quod hoc mortale est infinite
1315 1114 2099 1157 malum vel quod ei respondeat infinita pena intensiue secundum legem
1312 1148 2096 1201 in inferno. nec consequentia tenet in rebus spe distinctis sicut sunt
1305 1188 2102 1240 mortale et veniale: exemplum in sili. quaelibet pars huius
1314 1228 2100 1272 albedinis est perfectior hacnigredine et infinite sunt par¬
1309 1264 2098 1305 tes non conicantes in hac albedine: non sequitur quod hec albe¬
1309 1297 2093 1348 do est infinite perfecta. ⁋ Et si ponas duo pecca: quium vnum
1315 1337 2102 1383 est mortale a aliud veniale eiusdem speciei specialissime
1312 1377 2099 1422 entitatiue. ⁋ Dico non comparantur in rationeculpe velin
1306 1416 2096 1460 offensione diuia nec in ratione pene: bene tamen comparantur in gra¬
1311 1452 2085 1497 dibus pene debits. Et peccam ipsa comparantur in gradibus
1312 1488 2099 1531 Exemplum in sili. stylus et acetum comparantur in perfectione entita
1309 1527 2101 1569 tiua: non autem in acutie. infinitas partium inequaelium non arguit
1312 1558 2110 1610 infinitam peccati intensionem: vt patet in continuo qualibet in quae sunt
1309 1599 2099 1646 infiuite partes. ⁋ Iam argumentor contra conclusionem quam te¬
1305 1640 2117 1678 neo. omne peccatum vel malum adimit aliquod one bono: et est cor
1311 1674 2114 1722 ruptio boni secundum Augustinum Enchiridii. xiii. ca et iii
1320 1715 2096 1758 de libero arbitrio ca. xxxi. veniale est peccatum: et non cor¬
1314 1746 2103 1797 rumpit aliquod one bono nature: ergo aliquod one bono gratie¬
1320 1783 2114 1828 ⁋ Confirmatur. peccatum veniale vt coniter dicitur corrumpit fer¬
1312 1824 2105 1871 uorem charitatis. modo feruor charitatis est charitas. igister.
1317 1856 2105 1902 Quidam allegat solutionem. quod peccatum corrumpit de natu¬
1317 1896 2104 1943 ralibus et illud geometrice. ⁋ Sed hoc nihil est dictu: pro¬
1312 1931 2110 1983 pterea distinguo quod peccatum adimat. vel partem gratiae nature
1321 1973 2099 2019 corrumpendo e sic hoc est falsum. vel quod potentiam indisponit: et sic
1326 2013 2089 2059 ocedo. ⁋ Ad confirmationem solent homines dicere venia¬
1315 2048 2099 2089 le corrumpit feruorem charitatis ne ita feruidos actus ho¬
1308 2085 2098 2127 mines producere queant. ⁋ Sed contra: vel contriatur illi feruorium
1321 2126 2105 2170 et hoc non. multi enim sunt dabiles actus quibus hoc veniale vel
1306 2152 2102 2206 illud non repugnat. ⁋ Si dicas indisponit subiectum sic
1309 2197 2099 2240 scilicet quod potentia implicita multis non ita lucide et intense suos
1320 2240 2103 2285 actus charitatis facit: hoc nihil est dictu. sic enim scientia.
1306 2271 2096 2315 opinio / fides / impedirent actum charitatis: et actus indifferen¬
1306 2313 2102 2355 tes. ⁋ Respondetur quod feruor charitatis est actus charitatis
1305 2335 2101 2390 vel eius habitus cquisitus. et aliquis talis aliquando repugnat con
1309 2383 2098 2433 trarie alicui veniali actui vel habitui: et sic veniale ali¬
1317 2414 2093 2463 quod impedit gratiam ne producat ita intensum actum ac si produs
1314 2459 2099 2499 ceret sine illo peccato veniali: nullum autem est impedimentum
1306 2497 2093 2543 in impertinentibus: vt sufficienter inter arguendum dictum est.
1326 2530 2092 2577 ⁋ Si petas an charitas sine feruore prait suos actus pro
1315 2571 2098 2616 duceres/ ⁋ Dicitur quod sic. intellectus enim motiuum et fides
1318 2608 2098 2658 infusa producunt primum actum fidei sine fide cquisita: vt in
1303 2648 2087 2705 prlogo huius dictu est. ergo charitas infusa cum voluntate pro¬
