2369 3296
303 230 1088 276 mento et ceteris id genus. ⁋ Respondetur concedendo i
303 277 1090 319 las experientias. sed istud fit quia magis figuntur cum
303 311 1096 355 subiecto apposito quam a pricipio. sicut difficilius est
312 355 1094 396 cuneum post condensationem extrahere aligno quam in
309 387 1091 434 principio. ⁋ Secundo arguitur: aliqui pamni linei ma¬
313 424 1087 472 defacti successiue in aspectu solis positi albescunt
312 463 1088 509 et non generatur noua albedo. Quod patet: non eni¬
310 501 1094 545 a sole: quia sol non generat albedinem in pamno desicca
309 538 1094 583 to qui est susceptiuus illius albedinis sicut pannus
310 575 1088 620 madidus ergo aliquid est minus album: et postea maius a
304 614 1091 662 bum sine additione albedinis ⁋ Respondetur: quod ibi aliqui
303 652 1084 698 humores grossi extrahuntur a sole: et nego quod pann
297 689 1082 731 sint albiores quam antea: sed solum secundum apparentiam
309 724 1090 777 ⁋ Tertio arguitur aliquid potest esse album sine ad
298 767 1078 808 ditione albedinis. patet capiendo octo gradus albe
309 804 1085 847 dinis secundum mentem positionis quarte in eodem sul
313 838 1079 887 iecto: sic scilicet quod ex eis non constituatur aliquod vnum. quem
306 877 1097 923 admodum potest esse si poneres manus sortis parenetrati
298 915 1094 955 ue in loco cum sua albedine set enim omnes illi gradus sint
297 954 1094 1000 simul: tamen albedo vnius partis non se intendit cum al¬
312 991 1084 1033 bedine partis alterius. Et idem potest fieri destru
298 1028 1088 1077 endo subiecta illarum albedinum: vel ponendo ea in
309 1070 1088 1110 eodem subiecto adequato. ⁋ Preterea quando
310 1107 1083 1151 aliqud album rarum condensatur ipsum fit albius: et non si
312 1144 1079 1188 productionem noue albedinis: ergo eadem forma inuaria
303 1177 1084 1222 ta primo denominat subiectum minus tale: et poste¬
304 1220 1082 1262 maius tale. Quia fit albius patet. quia sic iudicatur a cont
297 1255 1082 1297 nuo vidente. ⁋ Respondetur concedendo quod aliquod totun
297 1304 1091 1339 potest esse albius quam ante erat: sed ibi erit intensior: quia
310 1330 1091 1376 erit vna forma conflata ex pluribus partibus quam ali¬
297 1375 1081 1421 qua in hoc subiecto erit. ⁋ Ad secundum nego quod illud
305 1407 1087 1451 corpus sit albius licet iudicetur esse albius. partes
303 1444 1091 1485 albedinis sibi magis coherent quam paius: et sic magis
306 1483 1082 1529 immutant potentiam videndi. ⁋ Quarto arguitu
309 1524 1091 1568 actus syncategorematicus non habet plures partes i
309 1557 1082 1608 mente: ergo nec actus voluntatis vel conceptus: quia vi
310 1597 1091 1643 detur eadem ratio. ⁋ Similiter potest fieri argumentum
310 1631 1082 1672 de characteribus in baptismo infirmatione et or
312 1670 1090 1714 dinibus impressis: et de ornatibus secundum positionem eo
298 1707 1088 1755 rum. hoc idem potest probari per relationes extrinsecus
309 1748 1088 1797 et intrinsecus aduenientes. ⁋ Respondetur quod illud non est inopi¬
313 1790 1095 1833 nabile de negationibus vt dietum est quaestione secunda pro¬
309 1820 1087 1865 logi. Ad hoc habentur rationes boni ponderis. eti
312 1864 1087 1911 am negamus antecedens probabiliter de his. ⁋ Quinto ar
309 1901 1090 1945 guitur: schola communis nominalium tenet motum loca
312 1938 1093 1980 lem esse mobilem quod mouetur: et cursum esse rem curre
319 1976 1093 2019 tem: et tamen homo velocius mouetur vno tempore quam alio es
319 2003 1090 2053 tamen non propter plures partes motus inherentes. e
310 2049 1096 2087 qua ratione istud dices in vno: eadem ratione hoc dice
312 2087 1088 2127 tur in alio. ⁋ Sexto: puncta sunt indiuisibilia ex
318 2125 1091 2172 tensiue et intensiue. Similiter linea est omnis latitudi
319 2162 1097 2204 nis et profunditatis expers: ergo istud est probabile in for
321 2202 1099 2246 mis ponere aliquid indiuisibile. ⁋ Ad quintum respon
313 2238 1094 2280 detur: quod certe difficillimum est probare identitatem vel di
313 2273 1094 2316 stinctionem rerum: sed fide constat albedinem distingu
312 2314 1087 2360 a re alba: vt patet de albedine in sacramento euch
306 2350 1091 2400 ristie remanente post transsubstantiationem corpo
318 2388 1090 2438 ris christi: cum isti ponant formam distingui a formabil
315 2427 1104 2478 praeter rationem est asserere eandem formam inuariatam nunc
322 2464 1087 2506 magis denoinare / nunc minus. Et si poneretur motus lo
318 2500 1096 2544 calis distinctus a mobili ponenda est aliquae alietas non
322 2544 1088 2589 modo ex parte spatii pertransiti: sed er parte ipsius mo
309 2574 1087 2619 tus. Quare genitarius ocissime currens pius sper
318 2616 1099 2662 tii describit in equali tempore quambos. ⁋ Ad sextum: inficia
309 2648 1094 2714 mur puncta impartibilia pariter et lineas omnis profun
1162 228 1954 286 ditatis et latitudinis expertes: sed eis datis non est
1167 279 1952 319 simile de partibus forme apud coniter loquentes:
1158 317 1950 361 immo illud probaret solum aliquos gradus indiuis
1164 353 1949 400 biles latitudinum terminatiuos: cum hoc latitudo for
1174 394 1957 436 me erit diuisibilis: et sic argumentum erit contra aduer
1164 435 1955 476 sarios. ⁋ Possunt aliqua argumenta pro hac positio¬
1161 466 1955 508 ne ex parte latitudinis difformis: et ex aliquibus au
1170 508 1955 549 ctoritatibus sumi de quibus post dicetur. ⁋ Sed du
1173 538 1954 588 bitatur an forma spumalis habens paeles partes intentio
1161 576 1958 628 nales / vt puta intellectio vel volitio potest extendi in
1168 619 1943 665 subiecto partibili: et contra accidens extensum potest po¬
1171 655 1976 701 ni in animam. ⁋ Dicit quidam doctor quod sic quaestio. ix. sui
1170 694 1955 741 primi. ⁋ Sed contra hoc arguitur sic: capiatur notitia
1164 736 1952 778 sortis quantumlet intensa / extendatur in pedali ligneo / hoc
1170 771 1949 815 est possibile per hunc doctorem. probatur quod ante de facto pin
1170 812 1951 851 anima erat qualitas infinita gradualiter: a hoc sic. volo quod
1155 848 1954 890 in prima parte proportionali hore future deus capiat
1161 882 1946 925 qualitatem extensam per primam partem proportionalem illius
1167 924 1945 966 pedalitatis: et ponat cum qualitate secunde partis pro¬
1161 959 1951 1005 portionalis. et in secunda parte proportionali hore future
1170 1001 1958 1041 capiat deus aggregatum qualitatis exntis in dua¬
1164 1034 1948 1076 bus primis paertibus proportionalibus illius corporis
1159 1078 1939 1118 pedalis: et ponat in parte posteriori: et sic consequenr semi
1164 1107 1952 1154 in qualibet parte posteriori hore capiet aggregatum
1167 1146 1951 1191 qualitatum inherentium pertibus proportionalibus illius cor
1167 1188 1955 1227 poris pedalis praecedentibus: et in instante terminante
1161 1220 1954 1266 horam ponat deus illam qualitatem in animam in qua prius
1171 1264 1951 1299 erat: tunc sic. in infinitum intensa erit ista qualitas ante
1162 1299 1951 1343 finem hore: quia in prima parte porportionali hore ipsa
1168 1337 1946 1381 erit in duplo intensior quam ante erat: in secunda parte propor
1168 1370 1958 1417 tionali erit in quadruplo intensior quam erat ante illam
1168 1410 1955 1454 horam: et sic in abyssum: ergo illa qualitas in infini¬
1171 1449 1949 1490 tum intensa erit ante finem hore. et in instanti terminante
1168 1486 1949 1534 horam erit intensior quam erat in quacumque parte propor¬
1161 1522 1955 1569 tionali hore: patet. inducendo per singulas partes propor
1171 1558 1942 1604 tionales illius hore. ergo in illo instanti erit qualitas in
1167 1595 1954 1642 finita gradualiter e ipsa non est intensior quam erat ante
1162 1637 1957 1679 quam poneretur in illud corpus pedale: ergo illa qualitas fu
1167 1671 1949 1714 it infinite intensa. Sic probare poteris quantamlibet
1172 1710 1945 1753 formam spuealem esse infinite intensionis: quod est mani
1170 1749 1951 1794 feste falsum. q⁋ Nullum est hic diffugium nisi v¬
1171 1789 1948 1833 num quod ista qualitas non possit extendi quod maneat
1174 1829 1946 1869 vniformis. modo colligendo qualitates difformes
1170 1862 1954 1902 non habebis infinitam formam gradualiter. ⁋ Sed
1174 1899 1958 1944 hec tergiuersatio est nulla si illa qualitas extendatur
1176 1940 1955 1982 deus eim potest capere illam qualitatem in toto subiecto
1163 1971 1954 2022 vel parte subiecti faciendo vniformitatem: vt patet qua
1167 2014 1946 2058 quauersum in difformibus quo ad qualitatem et quanti¬
1158 2051 1955 2098 tatem siue in finitis siue in infinitis: deus potest duas par
1161 2084 1952 2134 tes equare quo ad quantum tres et sic consequenter. ⁋ Pre¬
1170 2132 1954 2170 terea cum notitia sortis erit qualitas extensa in illo
1167 2168 1949 2209 pedali difformiter potest capere notitiam platonis fa
1174 2203 1958 2249 ciendo totam qualitatem vniforme vel partem eius. ⁋ Di¬
1167 2236 1954 2279 coergo quod qualitas spualis non potest extendi: et repugnam
1173 2279 1952 2317 tia est er parte rei: sicut deus non potest extendere animam
1163 2312 1942 2361 intellectiuam: nec facere corpus indiuisibile quid. ⁋ Et
1173 2351 1951 2396 eodem fonte deducitur quod qualitas extensa non potest po¬
1164 2388 1955 2434 ni in subiecto indiuisibili. Sed ex illo sequitur quod quaelibet
1167 2429 1954 2471 qualitas quae erat finite intensa antea quantumlibet re
1165 2464 1949 2512 missa erit infinite intensionis. ⁋ hoc aduersarius con
1167 2507 1942 2548 cederet: non enim inconuenit eandem qualitatem esse primo
1168 2539 1954 2584 minus intensam postea magis intensam per inhesionem
1170 2575 1946 2624 eiusdem subiecti: vbi partes prius variis subiectis inhe
1165 2614 1943 2662 rebant: vel perpenetrationem partium extra subiectumdi
1174 2651 1949 2701 non constituant aliquod vnum. non probatur hic quod antea quali¬
