2384 3296
402 247 1198 315 esse maximam possibilem: sed adducte sunt sophistice
406 300 1204 354 nec video quonam pacto alique sunt adducibiles
406 337 1196 393 ad probandum. ⁋ Quarta propositio probatur sic. quoc
412 375 1198 429 est perfectionis attribuendum est anime Christi vb
414 411 1202 463 non constat de opposito: ita quod si oportet ex ignoram
411 450 1201 502 tia nostra in alterum istorumincidere: vel tribuendo il¬
403 497 1204 539 li anime quod non habet: vel auferendo ab ea perfectio¬
411 531 1198 579 nem quam habet: satius est incidere in primum: sed de¬
420 567 1203 612 tens est habere magnam gratiam: et non repugnat
408 601 1201 657 aliquam esse infinitam. vt in distin. xliiii. posterius elu¬
411 638 1208 691 cescet: ergo etc. ⁋ Item per aduersarios datur illi ani¬
418 681 1198 736 me maxima gratia possibilis: addo illi positioni: quod
409 713 1202 765 nulla est maxima possibilis finita: oportet enim quod
419 751 1199 808 sit infinita. Sed hanc quartam propositionem prosequa
418 793 1189 847 mur in. xiii. distinctione. iii. ⁋ Contra secundam co
422 824 1201 887 clusionem arguitur sic. omnes anime causabiles deus
420 866 1210 925 potest causare: quo posito inesse deus nullas plures
425 904 1217 962 potest causare nec aliquas alias. antecedens patet: quia istas ani
420 944 1202 997 mas causabiles deus potest causare demonstrando
424 980 1208 1033 tres animas causabiles: et istas animas etc. potest causa
424 1016 1208 1072 re et sic sine statu. ergo omnes animas causabile s
420 1051 1208 1107 deus potest causare: tenet consequentia per ascen¬
423 1095 1204 1148 sum. ⁋ Forte dices: quod illa est vera capiendo omnis
422 1135 1208 1184 distributiue: sed non capiendo collectiue. ⁋ Con
424 1164 1218 1221 tra hoc arguitur sic. omnes anime sunt causate: ergo omnes
420 1204 1213 1258 anime possunt esse causate: ab esse ad posse sine signo
426 1244 1220 1297 distributiuo. Sed dices (et ita dicendum est) consequentia non
427 1279 1220 1332 valet cum signo collectiuo magis quam cum signo distri¬
437 1326 1214 1376 butiuo. quemadmodum non sequitur: omnes homines cui
429 1358 1214 1414 runt: ergo omnia animalia currunt. ⁋ Sed contra hoc ar
425 1395 1213 1456 gumentor. demonstro omnes homines possibiles qst
426 1437 1230 1489 obiiciuntur intellectui diuino: isti homines possunt esse
427 1473 1220 1523 causati: ergo possibile est istos omnes esse causatos.
426 1512 1224 1565 illa est vera in sensu diuiso: ergo a in sensu composi¬
426 1553 1220 1602 to. ⁋ Sed dices non sequitur: iste possunt esse vere
439 1583 1223 1641 demonstro duas contradictorias) ergo possibile
430 1626 1226 1678 est istas duas esse veras: et regula illa non habet
441 1667 1229 1718 verum in plurali numero. Proptrerea aliter ar¬
438 1699 1223 1756 guitur. ista est indefinita: omnes anime causabiles
432 1739 1226 1794 possunt esse causate siue omnes sit pars extremi
439 1777 1224 1825 siue non: supponamus autem quod non sit pars extremi¬
442 1818 1222 1863 iam anime causabiles stat confuse tantum copulatim. tunc
442 1849 1224 1906 sic: iste anime causabiles demonstrando duas: et iste
451 1888 1233 1938 demonstrando tres vel quattuor. et sic sine statu
448 1926 1229 1982 possunt esse causate. ergo omnes anime causabiles pot
438 1974 1238 2016 sunt esse causate copulatim ascendendo totum co¬
444 2003 1230 2060 pulatum supponit. Quod patet: quia quelibet parso eius sup¬
441 2040 1224 2101 ponit: ergo hoc praedicatum causate enunciatur de subie¬
453 2074 1229 2129 cto cum modo possibilitatis: et ascendens est vera. igister
443 2120 1235 2169 ⁋ Sed dices: totum subiectum non suppoit: et hoc constat
450 2154 1233 2211 tenendo omnes esse partem extremi: quia nulle praesent esse omnes
444 2191 1238 2248 anime causabiles: etiam anime causabiles non sup¬
455 2231 1231 2288 ponit: coarctatur enima signo collectiuo stare secundum
454 2270 1239 2320 exigentiam signi: vt in ista. quilibet homo currit:
453 2313 1238 2358 in qua ly homo stat pro masculis tantum. et hoc patet: quia
444 2346 1237 2400 istam concedimus: omnes apostoli dei pauciores duode
450 2387 1232 2436 cim sunt duodecim: et omnes apostoli dei: qui sunt pau
459 2426 1238 2472 ciores duodecim sunt duodecim: si ly qui referat
456 2459 1247 2509 ly apostoli dei solum: et non hoc totum omnes apostoli
460 2500 1240 2547 dei. et probabile est quod omnes non sit pars extremi: tamen
456 2540 1240 2585 si apostoli dei pauciores duodecim non staret secundum
457 2581 1238 2621 coarctationem signi collectiui illa esset falsa. vt pr
466 2615 1247 2665 inter repugnantiam subiecti et paedicati. ⁋ Sed di¬
459 2653 1251 2699 ces: tunc in ista omnes apostoli dei sunt duodecim stat
465 2690 1244 2749 solum pro omnibus: ergo non debemus descendere ad
1263 252 2065 301 duos vel ad tres copulatim cum non capimus infe¬
1267 295 2073 341 riora illius termini apostoli dei: quia secundum acceptio¬
1282 339 2066 379 nem secundum quam capitur nulla pars copulati est in¬
1275 371 2059 417 ferior ad apostoli dei. ⁋ Aid istud nego: quod non suf
1282 410 2069 453 ficienter descenditur: et transeat: quod nulla pars copu
1281 446 2072 497 lati sit inferior ad terminum illum. sufficit enim quod ille
1276 489 2066 531 simul sumpte complent inferioritatem respectu ter¬
1274 526 2066 568 mini: vt iste et iste demonstrando duodecim sunt apo
1278 562 2069 608 stoli dei: inferioritas saluatur per hoc quod destruantur. ist
1285 607 2085 642 et capiantur alii duodecimiapli: et ponendo illam in esse
1274 638 2057 680 seruetur similis coarctatio sicut in illa de possibili.
1331 681 2062 723 ⁋ Distinctionis septimedecime questio. xvi.
1466 712 2075 758 Uperiori questione locuti sumus de
1471 754 2084 796 maxima forma: nunc querendum est: an
1473 791 2075 832 detur minima forma. Et quia aliqua for
1473 828 2080 871 ma habet partes extensiuas et intensiuas:
1449 858 2089 907 aliqua intensiuas tantum: hanc materiam in
1284 903 2075 944 duas questiones partiemur: quarum prior mentionem
1272 939 2080 984 faciet de minimo sceundum extensionem: que adi¬
1282 982 2078 1024 tum praebet ad minimum secundum intensionem. ⁋ Propter¬
1288 1014 2087 1060 ea nuc queritur vniuersalius: an detur minimum. natu¬
1284 1052 2083 1097 rale. ⁋ Titulus quaestionis non intelligitur de minimo
1287 1091 2084 1136 simpliciter: quia illud non potest esse: quia si est minimum est
1287 1130 2083 1173 paruum: et per consequens quantum. et sic dato quod teneamus cum
1287 1167 2095 1210 Demoerito: quod continuum confletur ex punctis: non
1285 1204 2088 1245 datur minimum in continuo. punctum enim impartibi¬
1287 1241 2078 1289 le non est quantum: quia quodlibet quantum habet partes ex quibus
1294 1284 2084 1326 confletur. ⁋ Illo membro minimi simpliciter reie¬
1297 1314 2096 1366 cto loquimur de minimo naturali: puta an detur aliquod
1283 1359 2084 1401 ita paruum cui repugnat minus esse extra suum totum
1296 1393 2099 1443 quia in suo toto est in infinitum pua pars. Nec de
1289 1436 2099 1481 potentia dei etiam loquimur: quancunque enim partem
1287 1473 2099 1514 quantumlibet pruam deus potest conseruare extra
1287 1510 2089 1558 suum totum sicut in suo toto conseruatur. loquor ergo
1293 1546 2102 1594 naturaliter. ⁋ Et quia potest esse quaestio de paruo quod
1284 1587 2104 1635 non potest naturaliter durare per notabile tempus
1299 1624 2112 1667 vel cui repugnat esse minus: et est iste secundus sen
1291 1661 2113 1703 sus maioris momenti. Sed de vtroque membro in hac
1291 1698 2114 1747 quaestione futurus est semo. ⁋ Notabis hic varium
1290 1738 2101 1778 esse modum opinandi: aliquibus ponentibus statum in
1306 1777 2102 1824 extrinseco: aliis autem in intrinseco. Exemplum. dant
1296 1814 2111 1856 minimam quantitatem sub qua non potest esse homo: a
1308 1852 2104 1900 paruo ad magnitudinem ascendendo sub illa non po¬
1302 1891 2111 1933 test esse homo: et sub qualibet minori super extre¬
1300 1928 2110 1973 mum minimum: gratia exempli sint decem pedes mi¬
1300 1965 2110 2015 nima quantitas sub qua non potest esse homo: quia sub
1302 2002 2113 2054 illa quantitate non potest esse homo: sed sub qualibet
1305 2042 2108 2092 minori super aliud extremum. Nec datur aliquis habens
1309 2084 2117 2127 quamlibet quantitatem minorem oportet dare singula¬
1308 2126 2117 2171 res de inesse: sub ista quantitate minori potest esse ho¬
1305 2161 2127 2199 mo / demonstrando septem pedes: et ita de qualibet
1315 2192 2123 2241 alia singulari vt tuipse nosti ex logica. In alio ex¬
1312 2235 2117 2274 tremo datur maximum quod non extrinsecum. verbi
1303 2273 2123 2313 causa sit pedale. sub ista quantitate propoter quantitatem
1311 2312 2129 2358 paruam non potest esse homo: et sub qualibet minori
1318 2347 2124 2395 fieri potest: suppleas citra decem aliud extremum: et
1318 2385 2132 2440 secundum istud non dabitur maximus homo: qui
1309 2425 2125 2471 potest esse naturaliter nec affirmatiue nec nega¬
1308 2465 2132 2514 tiue. neque minimus totalis: sed maximus qui non
1314 2503 2127 2550 et minimus qui non. Et ista membra qui vult po¬
1314 2537 2134 2592 test tueri. ⁋ Rationabilius tamen est secundum
1320 2579 2138 2616 communiter loquentes dare terminum intrinse¬
1324 2618 2130 2662 cum in maximo a minimo quod sic (si extrema da¬
1320 2652 2137 2699 ri debeantus. ⁋ In illo ergo sensu procedendo de mi¬
1314 2695 2134 2736 nimo naturali partite sunt positiones: quarum vna vi
