2398 3299
309 216 1103 275 detur commentatoris in plerisque locis quam sequitur
298 271 1090 309 quidam alius doctor in commentariis primi physico¬
285 308 1094 351 b rum. alia est positio conterranei oppositum tenentis
315 348 1088 388 que opinione mea est etiam defensabilis: nec dictis
309 385 1092 432 Ar istotelis repugnat. vtrumque modum in hac quaestio¬
303 422 1091 468 ne prosequemur. ⁋ Et primo primum pro quosit con¬
307 462 1091 505 clusio fundamentalis hec: datur minimum natura¬
306 499 1090 539 le: tam in bomogeneis quam in heterogeneis. probatur i
304 534 1086 584 beterogeneis sic: non sub quantalibet peruitate repr
309 577 1087 615 bilis est homo totalis. ergo est status in minimo: et
300 614 1093 656 si in maximo quod non habeatur status. hoc instituto
307 652 1091 692 sufficit. probatur antecedens. quia daeius oppositum naturaliter
312 689 1093 731 quero a te: quare non vidisti hominem de homine
297 725 1084 770 loquens de totali intelligo vt muscas abigam. tan¬
291 761 1087 807 te paruitatis quante est formica. non potest dari ra¬
303 799 1085 842 tio: nisi quia anime hominis aduersatur informare
304 842 1100 882 tam pue molis materiam quante est materia grani
297 877 1084 927 sinapis. sic etiam de magnitudine argumentum dedu
306 919 1085 958 cere potes. Et sicut reperitur in animalibus perfectis
303 954 1084 993 et idem videtur in omnibus. ⁋ Ulterius quarto ce¬
303 988 1094 1034 li commento vigesimoquarto. finis conueniens au¬
303 1030 1088 1072 gmentabili est mensura terminata in longitudine
310 1067 1085 1107 latitudine et profunditate. verbigratia: mensura
306 1104 1096 1146 hominis non est nisi ad humanitatis mensuram natu
303 1144 1093 1185 ralem. et. viii. physicorum. commento. lxii. res naturali
304 1180 1097 1222 ter habent magnitudines terminatas. Et primo.
304 1218 1093 1261 celi commento. lxxii. Si natura alicuius forme fue
303 1250 1090 1297 rit nata esse in corpe infinito: necesse est vt natura
300 1297 1088 1338 illius forme sit infinita. hoc idem ponit in elemen¬
303 1331 1084 1373 tis. sexto physicorum. commento sexagesimosecundo
303 1370 1096 1411 Primum in omni generatione et corruptione est mi
306 1406 1091 1448 nima pars que potest inueniri de generato: mini¬
303 1447 1091 1492 mum enim de generato est determinate quantitatis. vbi
303 1486 1094 1531 gratia: minima pars est terminata scilicet minima que
297 1524 1094 1565 potest esse ignis. Et sexto Physicorum commento no¬
297 1563 1089 1606 nagesimoprimo. Omne generabile naturale ha¬
297 1595 1093 1639 bet aliquam quantitatem naturaliter in initio genera¬
306 1633 1093 1673 tionis et in fine: et ita quantitas habet extrema et me¬
306 1672 1087 1716 diuim. verbigratia: quoniam quantitates embrionum sunt
304 1710 1084 1757 terminate: scilicet minimi embrionis. et maximi em¬
291 1747 1087 1788 brionis: et similiter quantitates hominum sunt termia¬
297 1787 1093 1825 te scilicet maximi et minimi. Unde impossibile est auge¬
307 1827 1085 1865 ri in infinitum aut diminui. Nam si transiuerit natura
303 1863 1096 1905 lem quantitatem in diminutione et additione statim
303 1900 1084 1941 corrumpetur. omnis enim actio cuiustlibet entis perfi¬
304 1937 1091 1981 citur per quantitatem et qualitatem terminatam. sicut est
303 1975 1084 2018 dispositio in entibus artificialibus. Et septimo phy¬
304 2012 1081 2057 sicorum. commento secundo. Primus motus in igne es
313 2052 1093 2096 minima pars que potest esse ignis in actu. Et secundo
310 2088 1091 2132 de anima. commento. xxxvii. Caro habet in paruitate
312 2129 1090 2169 magnitudinem quam non pertransit. ⁋ Ex dictia
303 2164 1084 2208 Auerro vs habes hanc conclusionem: quod res natura
312 2201 1084 2243 lis terminatur ad minimum: sic quod nullum minus il¬
304 2238 1094 2288 lo in tali specie naturaliter potest existere seorsum si¬
310 2278 1088 2320 ue in homogeneis / siue in heterogeneis / siue in ele
312 2316 1090 2362 mentis / siue in elementatis. ⁋ Secundo habes quod quando
309 2351 1088 2403 stupa applicatur igni quod minimum naturale ignis pro¬
310 2388 1087 2434 ducitur in instanti: et hoc expresse in forma ponit con
306 2427 1090 2471 mentator. et hoc quando stupa est remota ab igne¬
315 2462 1096 2514 Si pure successiue produceretur forma ignis iam
316 2502 1091 2550 dabitur minus minimo naturali extra suum totum per
304 2542 1093 2589 instans: quinimo per tempus. secus est si poneretur
303 2576 1097 2624 stupa prope ignem: quia tunc forma ignis pure succes
315 2610 1094 2667 siue producetur in materia illius stupe: quia facit ali¬
309 2649 1096 2710 quod vnum cum priori igne. vt enim experientia do¬
1168 225 1963 277 cet: non habetur minus minimo naturali extra suum
1167 275 1957 316 totum. ⁋ Tertio sequitur: quod si minimum stupe sit pe¬
1161 312 1957 364 dale: et applicetur igni stupa pedalis cum dimidia to¬
1162 354 1951 392 tum corrumpetur in instanti: supposito quod stupa remo¬
1168 391 1946 432 ueatur ab igne. probatur corollarium: quia si non potest esse
1170 427 1955 467 ignis minor quam pedalis. ergo pedale stupe conuertetur
1171 467 1946 507 in ignem. et si aliud semipedale staret sub forma
1162 505 1946 553 stupe daretur minus minimo naturali stupe contra con
1170 543 1946 585 clusionem. secludo remouenda. hoc est impedimen¬
1162 579 1949 621 ta parui momenti que possunt impedire corollarium.
1177 616 1961 658 Ubi potes dicere quod illa stupa rarefiet ad quadru
1171 653 1951 698 plum: quia paulo mutatis terminis redit corollarium.
1155 693 1948 734 non producit totum istud in instanti de per se: quia si fuis¬
1161 731 1954 767 set minimum naturale stupe post vnam partem inflan¬
1167 769 1943 807 matam vel aliquid maius illa solum produxisset mini
1154 807 1946 853 mum naturale ignis in instanti: et reliquam partem in¬
1162 841 1946 888 cinerasset pertibiliter. ergo de per accidens hoc fecit
1152 883 1952 925 ne maneret minus minimo naturali stupe. ⁋ Quar
1162 920 1946 958 to sequitur: quod aliquod agens extrinsecum ita cito agit
1158 956 1952 997 in partem remotam sicut in partem propinquam. patet de
1162 991 1955 1037 igne incinerante secundam partem illius minimi ignis
1152 1037 1942 1078 generandi: ita cito sicut primam. non nego quin po¬
1168 1069 1952 1114 terat esse dispositio preuia (et debuit) qualitatiua¬
1158 1109 1946 1149 rum dispositionum que fit successiue: licet minimum
1164 1144 1954 1188 naturale caloris quod ad ex tensionem producebatur
1155 1186 1942 1232 subito. intensio illius caloris non sufficienter dispo¬
1159 1221 1943 1267 nebat passum ad susceptionem forme ignis: propter
1161 1258 1940 1299 ea successiue calefiebat. et quando est sufficiens ca
1162 1297 1949 1339 lefactio subito introducitur forma substantialis ignis
1155 1338 1951 1373 et hoc sensibiliter videmus calefaciendo pannum pro¬
1170 1373 1945 1412 de ignem ad habendum pannum incineratum pro com¬
1158 1411 1933 1457 seruatione ignis producti inter calibem et silicem
1155 1449 1945 1491 ⁋ Sed dices in casu tertii corollarii pedale citius
1159 1487 1948 1529 calefiet quam semipedale sequens. et in eodem instanti
1161 1523 1942 1571 producetur ignis in semipedalitate et in pedalitate. ergo
1171 1563 1953 1608 per corollarium ille ignis producetur in materiam indi
1156 1603 1946 1645 spositam: puta in sequens semipedale. ⁋ Respon
1162 1638 1940 1679 detur: quod non sequitur etiam subito introducit calo¬
1158 1672 1952 1717 rem. et saltem erit prioritas naturalis inter calorem
1161 1713 1948 1755 et formam substantialem ignis. non tamen inconuenit
1164 1752 1952 1796 quod ignis producatur sub minori caliditate vel ra¬
1158 1792 1946 1838 ritate quam forma ignis exigat ad bene existendum: quia
1159 1828 1937 1871 forma ignis introducta et raritatem et caliditaterm
1161 1866 1943 1911 forme conuenientem introducit. ⁋ Ex isto sequitur
1155 1903 1952 1946 quinto: quod maius minimo naturali generatur subi
1165 1940 1940 1984 to per modum sequele: puta quando reliquum non
1162 1982 1946 2028 potest per se existere: sed de per se solum minimum
1158 2017 1951 2060 naturale generatur subito. hoc est quando alte¬
1155 2052 1943 2092 ra pars potest per se existere. ⁋ Sexto sequitur:
1171 2089 1936 2135 quod ignis producit ignem vltra spheram sue acti¬
1168 2133 1948 2174 uitatis: in aliqua enim popinquitate ignis petest
1164 2168 1943 2213 generare ignem et in aliqua non potest: vt experi¬
1171 2208 1955 2246 nento dinoscimus. Non enim sequitur: producit
1162 2244 1944 2290 ignem in pedale remotum: ergo in aerem pedalem
1168 2284 1949 2322 propinquum: quia non est sic aer susceptiuus: et re
1155 2319 1946 2363 sistentia totius aeris impedit. Probatur corolla
1158 2358 1943 2396 rium: posito quod parua portio stupe (immo pars digi¬
1168 2394 1946 2444 talis) ponatur infra spheram actiuitatis in qua ignis
1161 2432 1948 2480 generat ignem: et reliqua pars vltra illam incinerabitur
1156 2474 1937 2513 que est minor minimo naturali: ergo pars remotior etiam
1155 2508 1952 2546 incinerabitur que est simpliciter et absolute vltra suam
1161 2545 1939 2593 spheram. licet potest sua sphera actiuitatis dici de per
1167 2585 1937 2624 accidens. non loquimur de sphera calefaciendi: sphe
1158 2622 1940 2660 ra actiuitatis producende forme ignis includitur in
1155 2656 1942 2708 sphera calefactionis. ⁋ Si ponas minimum natura¬
