2347 3313
250 235 1025 292 aliqui antiquorum ipsum negauerintore propter rationes
240 286 1024 328 quas diluere nequibant: et turpe eis visum sit succumbe
244 327 1023 370 re: tamen contra mentem negabant primum principium vt inquit
246 357 1022 405 philosophus: et primo posteriorum: dicit quod non contin¬
237 396 1031 442 git instare contra dignitatem. Item tunc cum vno par¬
241 437 1019 479 uo motiuo: immo cum scintilla rationis quispiam assenti¬
243 472 1031 516 re poterit quod non est cobustus in igne: supposito quod sit
244 510 1022 550 in mediis flammis per magnum conatum voluntatis.
240 545 1031 601 Preterea nihil debemus admittere contra pure philo¬
235 583 1018 624 sophice dicentes: nisi habeamus oppositum ex fide: ve¬
247 619 1019 666 magis quadret cum fide quam oppositum. sed Aristote
234 659 1025 703 les fuit contrarie partis: nec ex fide istud habemus: et
247 696 1019 739 videtur esse contra experientiam: ergo non debemus ad¬
232 736 1019 779 mittere quod voluntas possit facere intellectum assentire
238 768 1027 809 opposito primi principii cum quocumque sophismate: nec
237 808 1018 851 potest impedire voluntas productionem assensus eui
229 850 1023 892 dentis: cum quocunque motiuo in oppositum: cum cau
241 883 1016 928 se productiue assensus euidentis sint potiores motiuo
235 923 1025 961 quocunque et voluntate: modo ab omni proportione inequa¬
226 957 1016 996 litatis maioris fit actio. vii. physicorum. et hoc si admit¬
234 994 1018 1038 tat causas illas: quia bene pot voluntas diuertere in¬
228 1031 1021 1075 tellectum ne applicet causas ad productionem effectus.
240 1071 1019 1116 aet hoc modo assensus euidentis productionem pripedire
217 1106 1019 1156 pot. De vetula Muridani potest dici quod ipsa mentita est
240 1152 1016 1189 cum antemquis philosophis: timebat enim ab eo notari
219 1181 1022 1225 de infidelitate: vel non plene apprehendit terminos. Non
231 1219 1010 1261 sto in talibus: hoc dubitas esse verum: et hoc est primum
237 1256 1010 1301 principium: ergo primum principium dubitas esse verum: supr
234 1301 1019 1341 posito quod hec sortes currit vel non currit scribatur in pa¬
234 1333 1013 1380 pyro mea quam a te abscondo: ita vt nescias que sit pro¬
246 1367 850 1410 posito quam abscondo: an vera vel falsa.
247 1403 1019 1450 ⁋ Secundus terminus est vitas theologica. Et sic
234 1442 1019 1489 definitur. Veritas theologica est vitas de deo forma¬
238 1482 1025 1531 ta: vel de creatura vt habet reductionem ad deum: vtpu
237 1516 1019 1556 ta secundum creationem / gubernationem / reparatione / iu¬
238 1553 1028 1608 stificationem / remuneratione / et similia que considerantur
237 1579 1024 1635 in theologia. hoc patet auctoritate oti August. xiiii.
234 1631 1021 1677 de trinitate. capi. i. dicentis. Non vtique quicquid sciri ab
238 1666 1019 1712 homine potest in rebus humanis vbi plurimum supuacue
235 1710 1023 1743 vanitatis at noxie curiositatis est: huic scientie tribuo:
235 1740 1019 1793 sed illud tmmodo quo fides salumperrima que ad vi¬
235 1772 1030 1833 tam beata ducit quginitur mutritur / derenditur / et ro¬
235 1815 1019 1855 boratur. Alique aume acceptiones questione sequente
241 1850 1013 1894 explicabuntur. ⁋ Ex ista definitione sequuntur alique
240 1895 1022 1938 propositiones. Prima propositio: non omnes veritates
241 1931 1012 1968 theologice sunt fide credende: sed alique sunt opina
228 1967 1025 2013 tiue: vt deus potest facere infinitum: vel deus produ
232 2000 1015 2045 cit se solo beatitudinem. Secundo sequitur. quod hec consequentia nihil
238 2043 1028 2084 valet: cuiuslibet scientie veritates sunt de deo vel re¬
241 2077 1018 2121 bus creatis tanquam de obiecto vel obiectis. igitur perti¬
238 2115 1016 2158 nent ad theologiam: seu sunt veritates theologice: quia
232 2152 1022 2191 stat quod illarum creaturarum enunciatio non sit de redu¬
246 2190 1022 2241 ctionae ad deum: que est sufficiens ad veritatem theolo
235 2227 1018 2271 gicam. Tertio patet. quod hec propositio triangulus habet tres
247 2265 1012 2306 angulos acutos equales duobus rectis: non est vitas
235 2300 1010 2349 theologica. Quarto sequitur. quod omnis propositio de fidi
234 2340 1013 2386 est veritas theologica: sed non econuerso. Sed contra
241 2373 1018 2429 istam instatur: Vel altera istarum / deus potest facere infi
246 2411 1020 2464 nitum actu / nullus deus potest facere infinitum actu /
234 2453 1017 2507 est vitas theologicam: vel vtraque istarum est vitas thed
243 2483 1019 2533 logica. Si secundum: et altera contradictoriarum est falsa: er¬
244 2526 1024 2567 go propositio falsa / est veritas theologica: quod impli¬
249 2564 1012 2613 cat: si est veritas theologica est veritas: si altera tamen
241 2600 1023 2645 queritur que sit illa. vel capiatur propositio ad quam pos
237 2632 1019 2688 sunt equales apparentie vtrinque adduci: vel paucio¬
228 2675 1021 2727 res paulo rationes ad vnam partem. sic erit aliqua ve¬
1092 240 1871 311 ritas theologica quam mortalis homo non potest con
1099 292 1870 350 gnoscere esse theologicam: et ita frequenter contingit.
1093 332 1868 387 Propter hoc argumentum dico doctores abuti quae¬
1095 370 1879 412 rentes de veritate theologica: rectius autem quesiuis¬
1101 398 1874 458 sent de propositione vel obiecto theologico: sed loquem
1096 438 1871 495 do vt plures / secundum doctrinam philosophi secundo de ce
1093 475 1869 534 lo: questionem in illis terminis moui: et concedo quod vtrumque
1087 518 1873 563 oppositorum est obiectum theologicum / vel propositio theologi¬
1087 552 1876 603 ca. sed bene scitur quod quamlibet istarum / deus potest facere cha¬
1083 589 1872 641 ritatem infinitam: deus non potest facere charitatem infinitam:
1089 628 1870 681 est propositio theologica: sed non scitur que illarum sit veritas
1087 661 1872 721 theologica: quia hoc sciri non potest bene naturaliter.
1099 699 1871 761 ⁋ Istis notatis ponuntur conclusiones. Prima est. pos
1086 734 1881 797 sibile est viatorem de multis propositionibus theologi
1089 780 1868 834 cis habere euidentem notitiam. patet: quia philosophi de¬
1093 818 1865 874 uenerut ad notitiam euidentem istius / deus est. vt patet
1092 848 1865 902 viii. physi et xii. metaphy. saltem euidenter aliqua de
1095 885 1874 943 ducere poterant de deo vel de creaturis in ordine ad
1093 923 1864 978 deum. ⁋ Secunda conclusio. impossibile est natural
1083 961 1874 1021 ter viatorem de omnibus veritatibus theologicis ha¬
1088 997 1875 1055 bere notitiam omni fide maiorem. probatur. vel talis no
1081 1040 1868 1094 titia esset opinio vel euidentia: sed hoc nullo modo po¬
1083 1075 1873 1123 test dici. igitur. maior patet ex sufficienti diuisione: mi¬
1087 1110 1872 1162 nor probatur. primo non potest dici opinio: quia licet ali
1086 1150 1868 1205 quo modo opinio sit maior fide: hoc frequenter in mul
1096 1189 1871 1235 itudine rationum: tamen fides est supra opinionem: secun¬
1081 1221 1874 1276 dum Hugonem. de sacramentis. lib. ii. parte. x. ca. ii. di
1090 1258 1866 1320 centem. Fides est certitudo animi de rebus absenti¬
1081 1292 1868 1348 bus supra opinionem: et infram scientiam constituta. Non
1081 1328 1874 1388 potest dici quod talis notitia sit euidentia: quia hoc natu¬
1092 1376 1864 1424 raliter haberi non potest de istis tribus / deus est trinus in
1093 1411 1873 1462 personis et vnus in essentia: deus est incarnatus: cor¬
1087 1450 1873 1500 pus christi est in sacramento eucharistie. Si enim possent
1087 1488 1879 1537 rationes naturaliter acquiribiles generare euidentiam: facile
1092 1522 1829 1571 esset cogere infideles ad credendum. quod est falsum.
1243 1559 1865 1614 Irca ista dubitatur. an notitia apprehen¬
1253 1606 1869 1646 nua et adhesiua distinguantur. ⁋ Secun
1242 1638 1881 1683 do dubitatur: vtrum notitia ahesiua sit dis
1236 1677 1873 1724 lsensus oppositi: et vtrum sit propositio. ⁋ Ter¬
1232 1703 1856 1761 tio dubitatur cum quesitum sit in titulo questit
1089 1750 1870 1794 nis: an viator potest habere euidentem notitiam de veru
1087 1789 1862 1835 tatibus theologicis: quid sit vitas: ⁋ Quarto dubi
1090 1822 1862 1872 tatur an notitia abstractiua dei propria possit conicar
1083 1865 1871 1908 viatoris ⁋ Ad istas dubitationes respondetur per or
1085 1902 1862 1946 dinem. et primo ad primam. Palam est quod est aliqua notitia
1083 1938 1871 1977 apprehensiua quae est respectu incomplexorum notitia ap¬
1081 1976 1871 2020 prehensiua est respectu cuiuscumque potentis terminare
1089 2016 1865 2060 actu potentie coguitiue: siue sit complexum siue incomplexum
1083 2045 1859 2093 Actus iudicatiuus aliter adhesiuus est actus quo assen
1083 2088 1863 2134 titur vel dissentitur propositioni vere vel false: et ille est so
1083 2123 1861 2163 lum respectu complexi propositionalis. Sed an apprehensiuus
1080 2161 1861 2205 et adhesiuus respectu eiusdem complexi distinguantur: est
1092 2199 1868 2245 naior difficultas. Et dicitur in primis: quod est aliqua noti¬
1080 2238 1866 2286 tia apprehensiua respectu complexi distincta ab adhesi¬
1083 2274 1861 2319 ua eiusdem. quod patet: quia oblata mihi vna propositione neu¬
1080 2310 1868 2354 tra eam apprehendo: et tamen ei non assentio: ergo vna
1092 2347 1868 2392 starum notitiarum est ab alia separabilis respectu
1087 2389 1859 2426 eiusdem: et quando incipio illi propositionim assentire:
1084 2425 1859 2469 non videtur quod prior apprehensiua corrumpatur: cum nul¬
1080 2458 1859 2504 la sit repugnantia inter illas notitias: ergo simul ma¬
1092 2498 1870 2539 nent. Ex quo apparet quod apprehensiua et adhesiua
1089 2539 1864 2579 respectu propositionis per se note distinguuntur. licet in
1080 2572 1869 2618 primo instanti quo illa mihi offertur ei assentiam due erunt
1089 2613 1856 2657 notitie / quarum vna scilicet apprehensiua est prior porio
1087 2644 1865 2694 tate naturae adhesiua. Si vero ponamus separationem
1087 2680 1871 2736 istarum notitiarum respectu propositionis neutre: non vi
