2372 3352
218 251 1001 336 partes: ergo sic erit in proposito. ⁋ Ex quo patet secundum
224 311 982 362 conclusionem quam insequimur: si queras quam calidum est¬
217 344 994 400 corpus vniformiter difforme a non gradu ad octo vsque:
231 396 994 439 dicas a esse ita calidum sicut b vniforme vt quattuor.
228 420 995 477 ⁋ Secundo patet quod si a bipedale habeat vnam pedalita
225 459 998 512 tem coloris immunem: et aliam albam vt octo totum est album
222 499 1007 544 vt quattuor. LCicet haec directe ex conclusione secunda sequi
227 533 992 584 non videatur: tamen colligantiam habet cum ea: et probatio conclu¬
218 570 986 624 sionis probat illam: quia si quattuor gradus auferantu
228 609 995 660 ab vna medietate: et ponerentur in alia medietate: ia
228 648 994 699 vtraque medietas esset alba vt quattuor. ⁋ Si esset
215 681 991 733 extensa albedo vt quattuor per totum a esset album v
216 726 988 768 quattuor: et si minori parti inhereat minus denomina¬
222 755 998 809 bit: et si medietati solum inhereat in subduplo minus de¬
220 799 1000 846 noiabit. et si tres gradus albedinis fuerint in vna tertia
217 832 998 887 parte bcorpis nullo colore existente in aliis partibus
217 869 1001 920 b est album vt vnum. ⁋ Tertio patet quod si esset vnum cor¬
216 904 1003 963 pus difformiter difforme bipedale cuius vna medic
216 945 1004 996 tas esset alba vt quattuor / secunda vt octo: iam b corpusest
219 980 995 1033 album vt sex. hoc patet reducendo totum ad vniformita
217 1021 1004 1068 tem: capiantur enim duo gradus ab intensiori pedalitate
217 1055 1004 1110 sex relictis / et ponantur in remissiori pedalitate: iam to
216 1089 997 1144 tum erit vniforme vt sex. dicamus ergo istud corpus esse ita
216 1129 997 1187 album sicut aliud habens vniformiter albedinem vt sex
216 1167 1007 1223 ⁋ Quarto patet quod si esset vnum corpus tripedale diffor¬
216 1202 999 1254 me cuius prima pedalitas esset alba vt quattuor: secunda
219 1240 1001 1292 vt octo: tertia pedalitas vniformiter difformis a non
216 1276 1008 1338 gradu ad sex vsque: iam totum istud corpus erit album vt quin¬
220 1311 1001 1370 que. Quod patet: quia vltima pedalitas per secundam conclusionem
216 1352 1001 1405 est alba vt tria: capiamus duos gradus pedalitatis vt
220 1389 995 1441 octo a ponamus cum illa et vnum gradum ponamus cum po
216 1423 1000 1477 dalitate vt quattuor: iam quelibet pedalitas habet albe¬
215 1461 1007 1513 dinem vt quinque. ⁋ Quinto patet si vnum corpus tripeda
214 1502 1001 1553 le haberet in prima pedalitate albedinem vt quattuor et
217 1540 998 1594 tres in aliis duabus: iam totum corpus est ita album quam¬
220 1577 998 1626 tum vnum aliud corpus habens albedinem vt tria cum ter¬
219 1607 992 1665 tia parte gradus. ⁋ Sexto sequitur. quod si esset vnum corpus
215 1649 1013 1704 cuius vna medietas esset alba vniformiter vt quattuor:
219 1683 1001 1738 alia medietas vniformitur vt decem: iam totum corpus erit al¬
216 1722 995 1774 bum vt septem: septem enim equaliter distant a decem et a quattu
215 1760 998 1812 or. Et si vna medietas foret alba vt quattuor: et alia
224 1801 1010 1848 vt vndecim iam totum erit album vt septem cum dimidio: quia
215 1835 1000 1887 septem cum dimidio equaliter distant a quattuor et vndecim
213 1872 1000 1925 hoc est facile cognitu: et in aliis ita dicendum est. In¬
217 1911 1006 1961 terdum vtor termino vniformis cum latitudine vnifor¬
227 1945 1011 1996 miter difformi propter breuiloquium: sed secundum ina¬
216 1982 1001 2033 teriam subiectam hoc est facile deprehendere. ⁋ Septi¬
218 2020 1004 2075 mo patet: quod hec consequentia est nulla: a corpus habet maiorem
228 2059 1004 2114 caliditatem quam b. ergo est calidius b: patet: sit a vniformiter
216 2095 1016 2147 difforme a non gradu caloris ad octo vsque: et b vnifor
228 2134 1001 2183 miter calidum vt sex: iam antecedens est verum et consequens falsum
227 2170 1001 2223 ⁋ Ectauo sequitur quod alicuius totius secundum extensioni
231 2212 1016 2265 pars est toto intensior: patet: quia a corpus datum in sexta
228 2249 1010 2300 propositione est calidum vt quattuor: secunda medietas eius
235 2291 1010 2334 est calida vt sex: sed totum secundum intensionem est intensius sua
222 2332 1003 2378 parte sicut secundum extensionem est extensius sua parte. Sed
223 2354 1007 2405 captis toto a parte secundum equalem extensionem totum
218 2390 1004 2453 partem exuperat in intensione. ⁋ Contra primam
228 2440 1004 2482 conclusionem arguitur sic. ex illa sequitur quod quilibet gra¬
231 2477 1010 2516 dus finite intensus est ita intensus sicut remissus: consequens
225 2513 1003 2552 est falsum. Sequela tamen probatur: quia quocumque gradu dato
219 2550 1006 2595 per eandem latitudinem distat a non gradu et appopin¬
223 2587 1013 2629 quat non gradui: falsitas consequentis probatur: quia ex hoc sequare
223 2619 1010 2665 tur quod qualitas vt quattuor esset remissior quam qualitas
220 2659 1013 2701 vt duo quod est falsum. patet sequela: quia est intensior et
219 2694 1009 2754 vtraque illarum qualitatum est ita intensa sicut remissa.
1062 244 1840 310 ⁋ Ric solet dici quod remissio dupliciter capitur: vnomon
1072 301 1838 346 positiue: alio modo priuatiue vt alicuius distantie a
1066 344 1846 386 non gradu priuationem dicat. Secundo modo sunt comparabi¬
1056 375 1841 428 les intensio a remissio non autem primo modo. et hoc est cla¬
1059 412 1847 462 re dicere: distinguitur quod qualitas sit ita intensa sicut
1062 455 1837 499 remissa: et econtrario: vel si intelligatur quod per tantam la
1055 496 1840 534 titudinem est remissa per quantam est intensa: et hoc est ve
1056 523 1843 574 rum. intensio enim qualitatis et remissio nihil aliud est quam
1068 563 1840 617 qualitas intensa vel remissa: vel si intelligatur quod vna quaeli
1065 604 1846 648 tas aliam ita proportionabiliter excedit in remissione sicut
1066 636 1840 688 in intensione: et hoc negatur. hoc enim modo intensio non est con
1074 678 1846 721 parabilis remissioni: nec hoc inconuenit vt patet in aliis ma
1070 713 1837 757 teriis: motus enim circularis et circuitio mole fabri sunt
1063 749 1835 797 eadem res tamen non velocius mouetur quam circueat neque tardi¬
1068 785 1846 832 neque ita velociter. nec sequitur: hec qualitas est remissa et
1072 832 1853 869 non est ita remissa sicut intensa: ergo est magi intensa quam re¬
1069 860 1840 906 missa. hoc claret de actu meritorio a demeritorio: in
1070 903 1843 949 quaesti. ix. huius distin. quod demeritum e meritum licet quo ad
1074 939 1847 988 penas et primia gradualiter comparantur: tamen non requiritur
1067 969 1857 1019 comparatio quo ad multa: sicut punctum non comparatur linee
1063 1006 1859 1057 nec linea suprficei: sic nec pena debita peccto veniali con
1064 1043 1859 1101 paratur pene debite mortali siue origiali. ⁋ Contra se
1068 1079 1847 1128 cundam conclusionem arguitur sic. sequitur quod si esset vnum corpus
1066 1118 1852 1165 cuius prima pars proportionalis esset aliquaeliter calida: secunda
1071 1158 1850 1205 in duplo calidior prima: et tertia in triplo intensior: et sicin
1066 1195 1859 1239 abyssum: quod illud corpus esset finite calidum. hoc autem est
1065 1228 1853 1279 inconueniens cum infinitam caliditatem habeat illud corpus.
1075 1272 1859 1316 Quod sequitur patet: quia ipsum est equalis caliditatis secundum denoina
1072 1309 1853 1356 tionem sicut alid corpus finite calidum. Quod patet. nam capia¬
1081 1346 1859 1391 nus duo corpa a et b calida vt vnum volo quod hora futu
1076 1377 1860 1427 ra diuidatur per partes proportionales minoribus ad finen
1071 1413 1862 1464 hore terminatis: et quod in prima parte proportionali illius
1068 1452 1856 1502 hore prima pars proportio alis a acquirat vnum gradum ca¬
1078 1493 1862 1538 liditatis vniformiter in secunda parte proportionali secunda pars
1077 1534 1855 1584 proportionalis a ad suum duplum intendatur: et ita consequenter: tunc
1077 1562 1852 1620 palam est a esse praecise calidum vt duo in fine hore cum quali¬
1074 1597 1865 1651 bet pars proportionalis eius acquirat vnum gradum caloris
1078 1642 1862 1687 in parte proportionali hore ei respondente et vnum habuit ab
1077 1680 1859 1731 exordio ex hypothesi. ⁋ Insuper ponamus quod in illa parte
1074 1714 1858 1771 proportionali qua prima pars proportionalis a acquirit
1075 1749 1853 1798 vnum gradum: secunda pars proportionalis b corpis cumomnibus
1065 1789 1852 1846 partibus proportionabilibus sequentibus acquirat vnum graadum
1077 1829 1853 1875 caliditatis: et in secunda parte proportionali caliditas tertie
1082 1859 1866 1915 partis proportionalis ba et omnim sequentium intendatur ad du¬
1083 1902 1861 1951 plum: et sic consequenter: tunc prima pars proportionalis b. erit
1074 1940 1859 1989 calida vt vnum: secunda pars proportionalis vt duo: tertia
1080 1970 1853 2023 vt tria: et sic sine statu. simus autem in fine hore: iam a et b.
1081 2010 1862 2060 sunt eualiter calida et a est calidum vt duo: ergob est cali¬
1080 2044 1854 2097 dum vt duo. Quod sint equaliter calida patet: quia in principio
1070 2081 1858 2137 hore habebant equales calores et continuo susceperunt
1074 2122 1859 2173 equales calores tam quo ad extensionem quam quo ad inten
1074 2157 1857 2210 sionem. igite: in prima enim parte proportionali hore prima pars
1073 2194 1865 2251 proportionalis a suscepit vnum gradum caloris. et in ea¬
1072 2231 1859 2280 dem parte proportionali hore secunda pars proportionalis
1080 2273 1850 2320 b cum omnibus sequentibus suscepit vnum gradum caloris
1079 2304 1867 2359 igiter in illa parte proportionali hore a et b susceperunt
1074 2342 1858 2395 equales calores tam quo ad extensionem quam quo ad in¬
1081 2379 1852 2437 tensionem: quia secunda pars proportionalis b cum omnibus se¬
1080 2415 1865 2477 quentibus est vna pars equalis prime parte proportionali a:
1083 2450 1853 2506 et ita in qualibet parte proportionali hore tantum caloris
1077 2494 1867 2546 intensiue et extensiue suscipiet b sicut a: quod fuit probandum.
1111 2533 1856 2574 Forte concedes sequelam quod a et b sunt equaliter ca¬
1071 2563 1871 2623 lida: et licet b habeat infinita caliditatem hoc non suffi¬
1086 2599 1864 2655 cit: quia infinitum parum sufficit denominare subiectum hoc
1071 2639 1866 2699 totale aliquis calor eius. ⁋ Contra hoc arguitur: da¬
1075 2675 1859 2738 to vno corpore cuius quelibet pars habens partem prio¬
