2347 3293
427 205 1208 265 minum intrinsecum habet extrinsecum. ⁋ Sed
424 258 1205 307 contra ipsa terminatur: nec erit longior solito. Et
414 291 1209 344 argumentum aduersarii ibi soluetur qua solutio¬
415 340 1207 378 ne data: sufficit proposito. Dicere quod non potest cor
417 371 1208 419 rumpere illa duo puncta terminatiua quin produ
423 406 1212 450 cat duo de nouo: est vnum dictum voluntarium. ⁋ Se
424 448 1205 489 cundo arguitur sic. corrumpat deus omnia illa puncta
430 483 1205 532 in linea / linea conseruata: iam habebitur linea sine pum
426 521 1205 565 ctis. Quod hoc potest patet. potest enism corrumpere
423 559 1214 606 puncta terminatiua a linee: et eadem est ratio de
423 594 1201 646 aliis punctis continuatiuis que etiam terminant
435 635 1201 681 ⁋ Sed dices (et fuga nulla est alia) quod non est ide:
417 674 1212 713 de punctis continuatiuis et aliis: quia tunc mane¬
426 711 1207 759 bunt partes linee: et continuum in omnem suam par¬
424 746 1213 792 tem diuidi est impossibile: ergo cum partes sut ne
423 785 1205 832 cesse est eas continuari: et continuatio non potes
427 823 1211 871 fieri sine punctis. igitur. ⁋ Contra hoc arguitur
429 861 1210 906 sic. quandocunque sunt due creature realiter distin
424 895 1211 952 cte quarum neutra est pars alterius: deus potest quam
424 941 1214 981 cumque illarum creaturarum destruere alia corrupta:
427 972 1205 1021 sic autem est de punctis et lineis continuatiuis. ⁋ Refu
432 1012 1214 1061 gium haberet hec positio negando illam Maximam
424 1054 1208 1096 quando est dependentia vnius creature ab alia
433 1088 1196 1132 ⁋ Tertio arguitur sic. ex hac positione sequitur quo
420 1121 1215 1162 due medietates continui non sint immediate: cum
436 1162 1213 1210 inter eas aliquid mediet: puta punctum continuati
427 1199 1205 1247 uum. ⁋ Secundo ex hac positione sequitur quod da¬
432 1238 1218 1282 bitur circulus indiuisibilis: consequens implicat: ergo et
424 1275 1217 1325 antecedens. probo tamen consequentiam: qui capio centrum mo
432 1313 1214 1357 le fabri quod per hanc viam est accidens indiuisibile
426 1349 1214 1393 Tunc illud mouetur ad motum rote octauo phy¬
426 1393 1202 1431 sicorum: motis nobis mouentur ea que nobis sunt
432 1428 1218 1472 Et tunc sic: non mouetur motu recto nec mixto: mo¬
439 1463 1219 1510 uebitur ergo motu circulari. Ergo ex eius motu
427 1506 1214 1551 causabitur circulus vt patet de tropico cancri et
426 1542 1213 1590 capricorni. Et tunc sic. vel ille circulus descriptus
435 1578 1215 1623 ab illo puncto est indiuisibilis: et sic habetur inten
427 1614 1214 1660 tum: vel diuisibilis: et tunc sequitur quod punctum me¬
433 1657 1211 1703 dium non erat centrum: quia quocunque circulo dato
432 1686 1208 1736 qui describitur ab aliquo puncto illius rote dabi¬
439 1727 1222 1771 lis est circulus minor. ergo circulo descripto ab il
442 1764 1218 1805 lo punto dabilis est minor: ergo ille non erat cen¬
432 1800 1223 1848 trum. ⁋ Ad primum istorum nego consequentiam:
439 1846 1223 1885 qui mediatio puncti continuantis illas medietates
441 1877 1224 1918 non arguit eas non esse immediatas. ⁋ Ad secun¬
444 1918 1225 1959 dum nego sequelam: centrum enim rote circulariter mo¬
442 1954 1223 1999 te non mouetur. illud autem Motis nobis mouentur ea
445 1988 1217 2036 qua in nobis sunt. intelligitur de partibus nostris: non
438 2029 1219 2068 autem oportet sic esse de accidentibus. vel sic et de
441 2066 1223 2110 his et de illis hoc verum habet nisi fuerit accidens
447 2105 1214 2151 centrale. Et istud etiam intelligitur quando totum ra
447 2147 1223 2189 tione totius de per se mouetur. Si maior pars cere
444 2175 1229 2221 rarefiat tota augmentatur: et rarefit: et per consequens mo
442 2214 1223 2263 uetur: sed non oportet ita esse de qualibet parte.
453 2256 1226 2296 ⁋ Sed diceres: stella que est polus arcticus inter
447 2292 1220 2341 dum percipitur moueri: et est polus octaui celi: ergo
456 2336 1225 2369 polus corporis circulariter moti mouetur. Antece¬
444 2375 1229 2415 dens expertum est ab experimentatoribus. ⁋ Re¬
451 2407 1232 2447 spondetur quod tunc illa stella non est polus arcticus:
448 2445 1231 2485 sed punctum satis prope illam stellam quod nullate
444 2490 1231 2531 nus mouetur. Et si dicas secundum illud Alani. Ethe¬
444 2520 1229 2569 reus motus mouet omnia sidera preter Unum: sed
444 2559 1238 2602 semper permanet illud idem. hoc est non notabili
447 2599 1231 2646 ter percipitur a nautis mutare suum locum. ⁋ Quar¬
444 2630 1222 2696 to arguitur probando puncta esse immediata: et hoc
1281 211 2074 266 sic. diuisio linee cadit super punctum: volo quod diui¬
1276 257 2063 304 datur a linea pedalis in duas medietates: iam vtra
1284 291 2066 346 quam medietas terminatur puncto post separationem:
1275 338 2066 374 et ista puncta non producuntur de nouo: ergo an¬
1272 370 2071 410 te erant immediata in ista linea. ⁋ Ulterius capiantur
1285 412 2069 454 due semipedalitates cooperientes linema pedalem:
1279 447 2064 494 puncta terminatiua sunt immediata: tunc respon
1272 484 2075 529 debunt eis duo puncta diuersa in linea pedali infe¬
1285 522 2059 565 riori: et sic habentur duo puncta immediata. ⁋ Re¬
1275 557 2074 603 spondetur quod diuisio cadit super punctum et illud
1275 603 2063 641 manet in vna medietate et eam terminat et non in
1272 636 2074 683 alia medietate. ⁋ Sed contra: sequereturquod accidens
1284 672 2075 711 migraret de subiecto in subiectum: illud enim pun¬
1281 709 2069 751 ctum ambabus medietatibus paius inherebat tam
1278 750 2072 799 quam terminus in terminato: nunc autem inheret solum
1285 788 2078 832 alteri. ⁋ Iterum: non est maior ratio quod inhereat
1285 822 2066 865 vni medietati quam alteri. ⁋ Propterea minus inap¬
1276 865 2072 904 parenter dicitur quod punctum corrumpitur a diui¬
1282 900 2068 946 sore: diuisio enim cadit supra punctum hoc est ipsum
1278 937 2078 983 continuans corrumpitur et producuntur duo de no
1281 974 2077 1018 uo a diuidente. Et si plures diuidant duo producums
1279 1012 2069 1058 tur ab ambobus nisi deus impediat miraculose pro
1279 1050 2066 1093 ductionem istorum punctorum. ⁋ Sed dices si ex
1272 1093 2079 1134 duabus lineis terminatis fiat aliqua vna: iam erunt
1284 1124 2074 1165 duo puncta proxima in eadem linea. ⁋ Responde¬
1278 1164 2081 1207 tur quod alterum istorum dicere oportebit esse corru
1287 1203 2074 1247 ptum. Et cum equa sit ratio de vtroque: dicitur quod vtrum
1294 1241 2072 1285 que corrumpitur: et producitur vnum de nouo. Si
1284 1275 2081 1320 enim duo faciant illam continuationem vnus appli¬
1288 1315 2071 1363 cat semipedalitatem et alter aliam iam illa duo si¬
1291 1355 2081 1401 mul producunt vnum punctum: quod non citius produ-
1283 1394 2082 1438 citur ab illis duobus copulatim quam ab vno illorum.
1285 1430 2084 1470 ⁋ Ad secundum dicitur quod non inconuenit duo pu¬
1278 1465 2090 1514 cta variarum linearum esse immediata immo sunt in
1294 1504 2069 1543 eodem loco: et eis respondet idem punctum nume
1285 1543 2075 1588 ro in linea inferiori. Et sic non habes eiusdem li¬
1283 1581 2087 1626 nee puncta immediata. ⁋ Sed contra istud argui
1290 1618 2083 1657 tur sic. ponantur due linee pedales a b super se inui¬
1293 1653 2087 1705 cem sic scilicet: quod a superiori corrumpat deus totam quam
1294 1693 2087 1736 titatem continuam: puta omnes partes linee ipsi
1294 1731 2071 1774 us a ipsis punctis remanentibus in eisdem sitibus
1294 1766 2084 1814 in quibus erant: tunc sic: erunt duo puncta imme
1294 1804 2093 1854 diata post separationem partium linee: et non ma
1299 1844 2086 1891 gis appopinquant quam antea. ergo prius erant im
1295 1880 2091 1930 mediata. Casus non videtur negandus a potentia
1290 1917 2092 1956 dei: licet enim linea dependeat a punctis non ta¬
1281 1956 2087 2001 men econtrario. vt crebro in vsu est. Creatura enim
1290 1996 2093 2040 non potest esse sine deo: bene autem econuerso. Si¬
1291 2031 2090 2081 militer totum non potest esse sine sua materia bene
1296 2069 2093 2118 tamen contra: immo videtur vlterius in isto casu: quod
1293 2112 2093 2154 quelibet pars blinee inferioris erit cooperta ab ali
1297 2146 2081 2194 quo puncto quod erat linee superioris: ergo nihil erat in
1303 2185 2102 2224 a linea demptis punctis. ⁋ Respondetur admisso ca
1296 2222 2091 2274 su: negatur quod duo puncta erunt immediata: quia inter qua¬
1296 2256 2096 2300 cumqueduo puncta mediant infinita. nec sequitur. multi
1299 2297 2084 2341 tudo omnium istorum punctorum demonstratis omnibus
1295 2336 2099 2388 punctis aliis a puncto inchoatiuo) est immediata pum
1306 2373 2102 2412 cto inchoatiuo: ergo aliquod punctum est immedia¬
1303 2415 2091 2460 tum illi: sicut digito tangens continuum in vno extre
1306 2447 2105 2497 no quod versus erant partes proportionabiles minores:
1290 2487 2099 2530 digitus est immediatus toti multitudini illarsi par¬
1299 2523 2101 2563 tium proportionabilium a nulli parti proportionali ille
1302 2562 2089 2609 digitus est immediatus. vel ponatur super quamlibum
1290 2597 2092 2643 partem proportionabilem vnus angelus digito remo
1300 2639 2099 2696 mente in eodem situm: tunc digitus est immediatus toti
