2363 3317
414 248 1210 307 te cuius extrema sunt duo puncta. Et idem vult
429 298 1202 344 Aristoteles quinto Metaphysice dicens. omne in
420 332 1214 383 diuisibile secundum quantitatem habens positionem dicitur
427 374 1211 425 punctum. Sic megarensis suo modo suparficiemet corpus
424 417 1201 465 diffinit. ⁋ Ad hoc respondetur: quod ista sunt dicta mathe
417 447 1213 497 maticorum. Ista indiuisibilia abstrahentium que relin
427 486 1213 536 quunt metaphysice ad determinandum de entitate
426 525 1217 575 talium. Aristoteles exemplariter eis vtitur. Quia erat
430 564 1205 612 opinio famosa in diebus eius quod erant puncta indi
423 606 1207 648 uisibilia in continuo: quorum aliqui asseruerunt cont
417 635 1217 685 nuum componi ex praenctis: vt domins Democritus et
424 677 1220 727 eius collega leucippus. Alii ponebant puncta acci
431 722 1210 761 dentia. Aristoteles vsus est modo loquendi commun
424 754 1217 804 primo enim Posteriorum inquit: puncta in linea non
426 790 1201 840 sunt immediata: sed substantia linee ex his est. Quo
436 824 1211 873 aliqua geometricalia rectificare necesse sit per Me
431 866 1215 909 taphysicam. patet. est tertia positio Euclidis pri¬
424 906 1208 948 mi elementorum. omnes angulos rectos sibiinuicem
430 943 1208 985 esse equales: et tamen cum angulus rectus nihil aliud si
423 977 1210 1021 quam spatium inclusum inter duas lineas: quarum vna
432 1014 1221 1061 cadit perpendiculariter supra aliam. In istis diffini
427 1056 1216 1099 tionibus non est curandum de vacuo inter lineas: quia
436 1094 1214 1138 naturaliter loquimur: etiam tunc non erit angulus:
436 1133 1220 1172 palam est vnum angulum rectum alium includere. et
430 1172 1220 1215 hoc modo loquendi non mathematici vtuntur. dimen¬
433 1204 1222 1252 sio maxima vocatur longitudo sine latitudine et profum
430 1245 1213 1295 ditate. hoc est non habendo respectum de latitudine
418 1279 1214 1331 et de profunditate. Ad vlnam enim non respicimus ad
423 1319 1219 1368 grossitiem et latitudinem dummodo longitudinem debi
429 1355 1223 1403 tam habeat. Sic de suparficie et copore dici potest
433 1398 1213 1439 suo more: non loquimur de corpore infinite longo dif
430 1432 1213 1476 formiter lato a profundo quod nullius determinate
433 1472 1214 1516 latitudinis et profunditatis est. Quod patet de redu¬
430 1508 1211 1558 ctione ad vniformitatem: hoc est sophisma in proposi¬
433 1547 1223 1588 to. Qundam quelibet pedalitas eius est lata et profunda.
436 1584 1211 1636 Etiam ex illo concluditur quod est aliqua substantia longa
430 1623 1220 1667 lata et non profunda contra opinionem oppositam. perti¬
426 1657 1220 1711 tio enim linee cadit super punctum: non autem oportet aliquid
433 1701 1213 1743 corrumpi ad diuisionem linee. patet de diuisione pe
432 1735 1217 1782 dalis in duas medietates. ⁋ Secundo principaliter ar¬
439 1771 1217 1824 guitur sic. ex isto sequitur quod diameter circuli non esset
436 1813 1213 1858 longissima linea in circulo. consequens est contra
438 1848 1213 1893 QEuclidem tertio elementorum poositione octaua d
430 1886 1216 1940 centem. Si extra circulum puncto signato ab eo ad
430 1927 1213 1969 circumferentiam linee plurime ducantur circulum secem
435 1961 1214 2007 do / que supra centrum transierit omnium erit longiss
430 1996 1226 2047 ma. Et propositione decimaquarta eiusdem: si intra
432 2034 1217 2088 circulum plurime recte linee ceciderint diametrum
435 2071 1216 2121 eius omnium longissimam eique proinquiores remotio¬
436 2116 1217 2157 ribus longiores esse necesse est. Eodem modo non
438 2152 1217 2198 dabitur centrum in circulo a quo omnes linee recto
438 2190 1219 2233 ad circumferentiam exeuntes sibiinuicem sunt equa
436 2227 1229 2273 les: contra diffinitionem circuli primo elementorum.
439 2265 1231 2312 Qniam quia per te centrum est diuisibile vna linea potest
439 2304 1219 2349 duci ab extremo illius alia a medio: et sic ille line
436 2343 1228 2387 non erunt equales. Sequela principalis argumen
445 2379 1238 2425 ti probatur: quia diameter circuli per positionem est diui
442 2415 1229 2464 sibilis et lata. Separo ad intellectum tres partes dia¬
436 2457 1225 2497 metri a et cextremas b mediam. Tunc sic. a et c sunt
445 2494 1225 2539 breuiores b: quia magis recedunt a centro secundu
439 2532 1225 2580 Euclidem. et patet ad sensum. Et tunc sic. hec dlines
439 2578 1238 2618 componitur ex abepartibus: quarum b est longior a
454 2610 1229 2655 et longior c. ergo dlinea non est ita longa sicut bi
445 2644 1235 2691 et d est diameter circuli data: ergo propositum.
448 2678 1249 2735 ⁋ Sed forte dices: b erit diameter et longissima li
1279 254 2078 300 nea in hoc circulo. ⁋ Contra hoc argumentor sic.
1288 295 2065 336 vel b est diuisibilis quo ad latitudinem vel indiuisi¬
1285 333 2072 379 bilis. Si secundum: propositum habeo. Si primum. eodem
1285 377 2075 418 modo partiar b in tres partes secundum longitu¬
1288 405 2078 449 dinem. ⁋ Forte dices: d linea est ita longa sicut c.
1282 442 2072 493 ⁋ Contra: omnis linea habens partes difformis lon
1284 482 2065 531 gitudinis non est ita longa sicut paro eius longior
1294 523 2072 570 Signo vnum asserem cuius vna medietas est octo
1294 559 2081 602 pedalis et alia decupedalis. Totus ille asser non est
1283 595 2069 643 ita longus sicut medietas decupedalis. patet: quia
1285 634 2078 678 eadem ratione erit ita breuis sicut latus breuius.
1280 671 2078 720 Et sic esset octupedalis: ergo oportet dicere quod totus
1293 708 2075 754 ille asser est longus nouem pedibus. hoc patet se¬
1290 745 2072 789 parando ad intellectum vnam pedalitatem a latere
1282 787 2072 834 longiori et addendo coste: iam totus asser est longus
1276 822 2066 870 nouem pedibus. Et non est longior vel breuior qua
1284 865 2072 913 prius fuit. Quia sicut latus longius decreuit: ita i
1276 899 2075 949 eadem prportione latus breuius creuit: sed nunc est
1279 939 2078 983 asser longus nouem pedibus: ergo prius erat lon¬
1275 980 2078 1025 gus nouem pedibus. ⁋ Sed forte dices. sicut pun¬
1285 1012 2078 1058 ctum velocissime motum metitur motum corpis dif¬
1285 1048 2068 1094 formiter moti quo ad partes: sic totus asser denomi¬
1276 1087 2072 1132 nabitur ab vna parte longiori. Et coloratur ex commu¬
1285 1126 2078 1173 ni modo loquendi: dicimus enim hominem esse ita lon¬
1279 1160 2077 1213 gum sicut est linea ducibilis a planta pedis ad ver¬
1281 1198 2068 1249 ticem capitis. Et si illa linea fuerit longa septen
1291 1241 2068 1293 pedibus: homo dicitur tante longitudinis. Tamen ille
1286 1277 2072 1323 idem habet duas partes difformes. Patet ducendo
1290 1314 2071 1364 tres lineas a parte exteriori pedis sinistri per armum
1285 1353 2080 1398 sinistrum c: a pede dextro ad humerum dextrum b de tamn
1279 1391 2078 1444 ta profunditate ad verticem capitis vsque a. Et sic
1292 1426 2071 1474 tinea infinite longa difformiter lata erit tante la¬
1290 1465 2072 1517 titudinis sicut latissima paro eius: et eodem modo
1282 1502 2078 1552 de profunditate dicatur. Sic in proposito dicitur quod dli
1287 1538 2077 1589 nea est longior a et longior c propter bpartem longio
1284 1578 2080 1628 rem. ⁋ Sed contra hoc arguitur. licet sic dicere po¬
1287 1618 2081 1664 tes in linea difformi: cuius due partes erunt equa
1288 1657 2081 1701 liter breues: et tertia equaliter terminetur secundum lon¬
1281 1695 2081 1745 gitudinem: vt in homine vel in assere latitudinis
1291 1732 2078 1780 tripedalis: cuius due tertie extreme sunt octo pe¬
1284 1769 2087 1815 dum ae media decem pedum: tamen hoc non potes di
1288 1809 2090 1852 cere de diametro data: cum non detur longissima pars
1285 1849 2078 1896 eius. ⁋ Respondetur. negando quod non detur longissi¬
1282 1882 2078 1933 ma pars illius diametri: quia b media quae est longissi¬
1288 1929 2078 1967 ma: est ita longa sicut aliqua paro eius. Et conce¬
1289 1957 2075 2004 do quod medietas b est longior duabus extremis. Sed
1294 1995 2090 2040 non sequitur quod illa medietas sit longior b cum b
1286 2026 2080 2081 includat illam. imaginemur enim in medio illius li¬
1287 2072 2081 2120 nee lineam mathematicam: volo dicere quod b et d co¬
1296 2119 2080 2161 pulatiue est ita longa: sicut illa linea mathematica
1288 2146 2081 2198 Sicut dicunt quod rota figuli mouetur ita velociter si
1289 2181 2084 2229 cut punctum velocissime motum in ea. Et si nullum
1294 2224 2080 2271 fuerit punctum in ea mouetur indiuisibiliter vele
1296 2261 2093 2310 cius quam aliquod punctum eius. Et si diameter mundi
1294 2304 2080 2342 est longissima linea possibilis naturaliter: erit ita
1300 2335 2089 2383 longa sicut aliqua paro eius. et quelibet paro eius
1305 2373 2090 2420 media est longissima linea: et equaliter longa cum
1300 2412 2093 2465 diametro totali. ⁋ Sed dices: d diametri bpars est
1302 2451 2084 2498 longior a et cpartibus copulatiue: ergo nonem pos
1300 2494 2096 2536 sibile dare asserem difformis longitudinis: sic scilicet
1306 2530 2090 2577 quod a erit octo pedum et cocto pedum et b medium
1300 2557 2097 2608 decem pedum: sic scilicet quod partes a sint vniformis
1311 2600 2087 2646 ongitudinis: partes inquam non se includentes er
1306 2646 2087 2688 tense per longitudinem cum a potest esse diameter ha
1306 2678 2102 2729 bebit partes difformes. ⁋ Respondetur: negando
