2368 3352
151 225 1005 283 libet instanti erit vna propinquitas vel distantia que non
156 269 992 322 erat in aliquo instanti precedenti: et tot sunt distan
152 306 999 355 tie in illa musca quot sunt puncta in vniuerso. nihi
152 353 991 398 ponders habent: cum non sunt graues. sunt enim parue enti
159 383 992 437 tates. ⁋ Potest fieri argumentum quod due similitudi
164 418 1011 467 nes sunt similes: ergo eodem modo illis similitudini
173 462 998 507 bus inhe rebunt similitudines: et sic sine statu. sic po¬
170 498 1010 545 test fieri argumentum. sortes est idem specie platoni:
174 537 998 580 et differens numero ab eodem. modo identitas spe¬
170 575 1007 613 cifica sortis distinguitur a sorte: et sic oportet curre¬
171 607 998 654 re in abyvssum in identatibus et differentiis. ⁋ Princi
176 647 997 696 pium est in hac via quando aliquid est tale denomi¬
180 680 1001 726 natiuae: et aliud est formaliter tale: tunc standum est
186 722 992 763 in illo quod est formaliter tale. Etiam secundum docto
189 759 995 800 rem subtilem: sicut omnis relatio est distincta a fun
189 793 998 841 damento: quando fundamentum potest esse sine ter¬
179 829 1008 884 mino illius relationis: sic omnis relatio cuius funda¬
192 869 995 918 mento repugnat esse sine termino est eadem realiter
195 901 995 951 cum suo fundamento: et in eodem praedicamento: si
194 942 992 988 cut est fundamentum suum cum quo identificatur: vt de
200 982 998 1030 pendentia creaturae ad deum / creatio passiua. ⁋ Cir¬
195 1014 1008 1060 ca ista dubitatur: que relatio est intrinsecus adueniens
196 1052 998 1099 et que extrinsecus aduenienss ⁋ Ad hoc dicitur quod
194 1094 1005 1140 relatio intrinsecus adueniens est illa que sic se habet
197 1129 992 1176 quod positis fundamento a termino in quacunque dista
209 1166 1006 1208 tia de necessitate consurgit relatio. vt relationes sunt
210 1201 997 1251 de praedicamento ad aliquid. posito enim patre et filio
210 1242 992 1286 oritur paternitas et filiatio in quacumque popinquita
212 1272 1002 1320 te et distantia. Relatio extrinsecus adueniens est rela¬
216 1310 1008 1355 tio sic se habens quod positis fundamento a termino non
218 1347 1011 1391 de necessitate ponitur ipsa relatio. stat ignem esse pa
213 1388 1001 1435 risii et lignum esse rome: et tamen non ponitur cale¬
219 1424 1006 1468 factio actio. quia non applicatur agens passo. Simili
218 1454 1011 1501 ter quando duo entia distant: in vtroque est distantia:
227 1493 1002 1544 ipsis autem coniunctis desinit esse distantia: et si vnum cor¬
236 1525 1001 1580 pus inciperet recedere ab alio continuo esset alia eus
225 1571 1004 1613 alia distantia. nec inconuenit dare infinitas distantias
219 1606 1007 1651 ibi successiue productas: sicut diximus de similitudi¬
227 1645 1001 1688 nibus in continua intensione albedinum: et fortasse s
230 1687 1009 1725 redirent illa corpora ad situs priores rediret eadem
234 1723 1010 1769 distantia numero realiter. Aliqui istorum istud non
230 1755 1002 1800 abhorrent in absolutis: quare multo minus in respecti¬
224 1794 1006 1839 uis. ⁋ Sed forte dices: redibit eadem distantia speci¬
237 1830 1013 1873 fica: secundum aliquos istorum deus potest corrumpere re¬
234 1861 1002 1909 lationem extrinsecus aduenientem conseruatis fun¬
240 1908 1013 1946 damento a termino in debita applicatione. propte¬
232 1945 1013 1986 rea concedunt quod manet locus circa corpus Christi in
237 1974 1011 2017 sacramento eucharistiae: et tamen ipsum intrinsece est
244 2011 1010 2057 longum septem pedibus: licet non in ordine ad locum.
240 2058 998 2095 Sed difficultas est hic de quando. si enim sortes esset extra
246 2085 1007 2134 vniuersum adhuc esset in tempore. Thomiste nihil fi¬
235 2122 1014 2167 xum dicunt de sex vltimis praedicamentis. nec istud di¬
239 2160 1013 2206 scrimen vniuersaliter admittunt. ⁋ Secundo dubi¬
238 2199 1017 2244 tatur: an Priamus habens trigitia filios habeat tot
238 2231 1003 2282 parternitates:/ ⁋ Partiti sunt viri huius positionis
240 2269 1005 2317 Thomistis asserentibus vnam paternitatem sufficere
246 2308 1012 2356 eis omnibus: et si successiue omnes illi filii desinant esse ad
245 2347 999 2389 trigesimum vsque exclusiue: adhuc manet in ipso patru
240 2386 995 2438 illa paternitas: et sic vna similitudo inheret vni papi
243 2431 1005 2474 ro que sufficit in ordine ad omnia alba in vniuerso
255 2455 1004 2507 ⁋ Quo fit quod relatio realis non numeratur ad solam
249 2495 1007 2543 numerationem termini. ⁋ Secundo sequitur quod destru¬
246 2531 999 2578 cto termino per accidens manet eadem relatio: non ar
246 2565 1004 2618 tem de termino per se. hic filius (quando sunt multi¬
244 2603 1005 2649 est terminus per accidens. per se terminus illius rela¬
247 2643 995 2701 tionis paterne est filius ab eo genitus inquantum hu
1076 220 1848 277 iusmodi: non autem inquantum hic vel ille: sed si pater
1075 275 1847 317 hodie habeat vnicum filium et ille moriatur antequam ha¬
1070 303 1837 350 beat alium / cessat prima paternitas: at succedit alia
1081 340 1847 390 ⁋ Tertio sequitur quod non est simile de paternitatibus
1070 379 1842 424 respectu vnius filii: et de filiationibus respectu vnius
1077 424 1837 462 patris: quia vnicus filius non potest esse a duobue
1075 458 1835 500 patribus: sicut duo filii ab eodem patre. Sed duabi
1066 481 1856 537 relationibus existentibus in patre a in matre respondet
1069 533 1843 574 vna filiatio in filio. hoc patet apud sanctum Thomam
1075 561 1855 613 tertia parte. q. xxxi. articulo quinto in parte ad hoc
1072 602 1843 645 descendunt: quia non admittunt plura accidentia so¬
1064 639 1850 687 lo numero differentia posse inherere eidem subiecto.
1081 676 1848 723 ⁋ Aliorum est positio quod tot sunt paternitates in pa¬
1071 710 1844 754 tre quot sunt filii: cuilibet enim filiationi respondet sua pa¬
1076 753 1843 796 ternitas: et moriente vno filio perit filiatio in eo fun¬
1077 787 1851 838 data: et alia paternitas ei respondens in patre. hec con
1071 824 1859 867 sequentia nihil valet: sunt plures paternitates in Pri¬
1075 863 1854 904 amo: ergo a plures patres: quia ad multiplicatione ab
1075 898 1862 945 stractorum non multiplicatur concretum: quemadmo¬
1075 935 1859 980 dum non sequitur: sunt plures scientie in gorgia leonti¬
1066 974 1851 1020 no: ergo est plures scientes more realiu. Secunda po¬
1065 1006 1862 1057 sitio est apparens: sed prior hoc honestatis induit: quod
1071 1043 1859 1092 non multiplicat res. ⁋ Tertio dubitatur de secun¬
1061 1079 1854 1127 da intentione. ⁋ Supponatur quod intentio interdum capi¬
1070 1115 1853 1166 tur pro actu voluntatis: quemadmodum ingrediens ec¬
1065 1159 1861 1202 clesiam intendit orare: et sic non capitur in proposito:
1072 1194 1844 1238 sed magis vt spectat ad intellectum: tunc autem capitu
1072 1233 1857 1277 dupliciter scilicet materialiter et concretiue: et est illud
1080 1274 1844 1314 quod intelligitur. Alio modo formaliter et abstractiue
1064 1314 1859 1351 et tunc est respectus rationis factus per actum con¬
1068 1341 1850 1388 paratiuum intellectus comparantis vnum obiectum
1077 1379 1860 1423 cognitum ad aliud. sicut cum intellectus noster ap¬
1072 1416 1853 1464 prehendit humanitatem secundum eius propriam na
1075 1455 1855 1498 turam: et eam videt tanquam communicabilem multis:
1080 1488 1859 1539 tunc ipsam sic cognitam per actum comparatiuum
1078 1529 1863 1566 intellectus comparat ad multa differentia numero qui¬
1075 1562 1849 1610 bus illa natura est communicabilis. Et ex illa com¬
1071 1595 1859 1644 paratione derelinquitur relatio rationis que vocatur
1080 1639 1859 1684 specieitas: concretiue autem significatur per hoc no
1077 1675 1856 1720 men species: talis relatio pro fundamento proximo
1076 1714 1852 1757 habet humanitatem secundum eius esse cognitum: et
1068 1757 1847 1797 pro termino habet multa differentia numero etianm
1074 1792 1857 1836 cognita: sed pro causa efficiente habet intellectum: et
1084 1823 1849 1869 tius actum comparatiuum. ⁋ Dicitur respectus ra¬
1070 1860 1847 1902 tionis: quia fit solum per actum potentie cognitiui
1086 1894 1850 1939 vel appetitiue: quemadmodum realis que potest fier
1072 1931 1853 1979 cessante operatioe potentie cognitiue vel appetitiue:
1089 1976 1856 2017 vt similitudo paternitas: que cessante omni operatio
1079 2009 1855 2052 ne intellectus sunt tales. Unde duplex est actus intel
1082 2038 1860 2084 ligendi. quidam est notitia comparatiua: et est illa que
1070 2080 1849 2125 significat hoc esse hoc: vel hoc non esse hoc. ⁋ Ex isto
1071 2118 1847 2163 patet quod quelibet mentalis et eius iudicium vocatur
1071 2158 1861 2202 notitia comparatiua. ⁋ Notitia non comparatiua est
1077 2192 1853 2236 illa que non significat esse vel non esse: vt sunt notitie
1077 2236 1860 2277 quibus subordinantur termini incomplexi: et comple¬
1084 2267 1859 2308 xi complexione non propositionali: ista secunda in¬
1070 2304 1857 2347 tentio est in illo comparato seu in obiecto cognito de
1081 2341 1860 2387 nominatiue vel quasi snbiectiue. ⁋ Aliquid dicitur
1071 2380 1846 2424 esse in intellectum tripliciter. Uno modo obiectiue: et ic
1081 2419 1850 2460 nihil aliud est quam cognosci ab intellenctum. ⁋ Alio modo
1083 2452 1859 2500 aliquid dicitur esse in intellectum subiectiue: quod intel¬
1080 2486 1853 2536 lectui realiter inheret. ⁋ Alio modo aliquid dicitur es¬
1072 2526 1854 2570 se in intellectu quando habet precise esse in considera¬
1082 2562 1851 2608 to id est in obiecto cognito vt cognitum est. Secunda
1075 2599 1862 2640 intentio proprie non habet esse: quia potest fundari in
1072 2638 1861 2697 ente reali: et in re que non est: et relatio non habebit ve
