2372 3360
123 232 998 313 est album. supposito quod albedo maneat ita praesenus
134 290 986 352 subiecto quod erat album sicut antea: sed non inhe
123 332 979 388 reat: iam hoc non est album: et nulla est mutatio lo
140 368 986 426 calis. Similiter iste est dilectus a deo: iste non est di
141 404 975 464 lectus a deo: sine aliquo dono creato. Nego quod si
138 445 984 492 vna velatio extrinsecus adueniens que dicitur vnio
153 479 981 545 hu mane nature inherens: sed vnio humane natu¬
146 523 988 578 re passiua nihil alid est quam ipsa natura humana vni
155 553 987 619 ta. I ste terminus vnio passiua pro humananatu¬
161 598 995 655 ra supponit: connotando quod hypostatice verbo diui¬
171 631 989 690 no vniatur. inter duo illa vnio non desinit esse entia.
170 673 991 724 vnio anime ad materiam inter duo non desinebat esse: sed
176 706 995 766 desinebat esse inter duo. nec est etiam credendum
176 744 987 804 sicut putat quidam doctor quod christus tunc desierat
180 782 986 846 esse. existimat enim ipse quod christus est aggregatum
182 821 984 879 ex diuinitate et humanitate: sicut anima rationalis
180 859 995 920 et caro vnus est homo hoc autem est falsum: quia tunc
189 893 1007 953 christus non esset deus nec creatura. terminus chri
180 931 998 997 stus vtramque naturam denotat. sed in recto pro secum
192 974 998 1029 da persona in diuinis supponit: connotando quod na
195 1012 1000 1068 turam humanam assumat hypostatice. et quia tunc in
192 1046 1010 1108 ter duo non fuit assumpta vera humanitas: illo tunc
195 1086 1010 1141 non erat christus: deficiebat connotatio termini po¬
198 1120 1008 1185 sitiui: et per consequens eius suppositio. Et hoc apd
200 1163 1000 1220 communiter loquentes. Quidam tenet quod in tridud
209 1200 1000 1258 erat christus. Idem enim est christus et vnctus ab an
210 1235 1013 1294 ma. hoc est solum certare de termino a nulla est dif¬
210 1272 1010 1331 ficultas ob quam recedendum est a communi modo
210 1311 1005 1372 loquendi. Illa comparatio athanasii non dicit om¬
209 1348 1017 1406 nimodam similitudinem: sed aliqualem que est hec.
216 1385 1018 1448 Nam sicut anima rationalis et caro requiruntur ad
216 1431 1013 1485 esse hominis: sic humanitas et verbum requiruntur
216 1462 1011 1523 ad esse christi. ⁋ Ex quo patet quod non loquitur con¬
226 1503 1018 1563 sequenter ad modum beati athanasii: sed discri¬
227 1537 1017 1600 men est in hoc quod homo supponit pro aggregato ex
221 1582 1012 1633 anima et copore: christus autem pro sola persona
221 1615 1026 1672 in diuinis. modo christus fuit ab eterno: quod non
239 1651 1016 1716 potest competere termino supponenti pro illo ag
227 1690 1010 1754 gregato. Ioannis. vi ii. antequam abraham fieret ego
232 1734 1022 1787 sum. et ad hebreos. iii. christus iesus heri et hodie:
232 1763 1019 1823 ipse et in secula. ⁋ Mranardinus arguit in tracta¬
239 1803 1013 1864 tu de proportionibus in regula illa vbi dicitur: pro
239 1840 1026 1904 portiones suntequales quarum denominationes
246 1877 1028 1936 sunt equales: vt captis duabus lineis inequalibus.
245 1918 1022 1981 puta bipedali et pedali / vtraque habet equalem pro
245 1954 1023 2018 portionem ad suam medietatem: quia denomina¬
251 1990 1022 2051 tio eadem puta dupla. et tamen sunt inequales quam¬
251 2030 1033 2091 titates: ergo proportio illarum linearum distingui
254 2069 1033 2126 tur ab ipsis lineis. ⁋ Argumentum nullius est mo¬
254 2109 1027 2162 menti. ⁋ Quarto arguitur. commentator tertio phi¬
258 2141 1032 2200 sicorum commento secundo dicit. quod relatio est vna
251 2178 1045 2236 dispositio inter duo que adinuicem referuntur. et quod est
260 2217 1034 2278 quoddam interuallum inter illa. Et. v. physicorum
270 2257 1035 2311 relatio aduenit: et acquiritur alicui: et sine mutatio
268 2292 1037 2349 ne illius. et duodecimo metaphysice Commen. nono
264 2331 1048 2386 dicit quod relatio inter omnia praedicamenta est esse debi¬
273 2368 1037 2423 lioris. ⁋ Ad primum dicitur. non vult Commenta¬
269 2407 1041 2462 tor dicere quod distantia est in medio illarum rerum: se
273 2443 1032 2500 supponit pro vna illarum rerum connotando habi¬
279 2484 1039 2536 tudinem vnius ad aliam. ⁋ Ad secundum conce¬
269 2516 1043 2574 ditur quod non oportet aliquid mutari propter ince¬
272 2554 1043 2619 ptionem verificationis dicibilis de praedicamento
285 2595 1048 2647 relationis quod verificatur de ipso. eadem res sine
284 2632 1047 2690 mutatione sui nunc est dextra nunc sinistra propter
275 2669 1054 2732 mutationem alterius rei. et nunc est similitudo nunc
1053 221 1838 284 dissimilitudo propter simllem qualitatem vel dissimi
1059 278 1847 327 lem in alio extremo. propterea non est motus ad re¬
1058 304 1841 360 lationem: tamen ad relationem est per se motus vt alit
1052 342 1854 399 solent dicere. ⁋ Ad tertium respondetur quod hoc est
1059 382 1852 438 distinguendum. vel si intelligatur ista entitas est
1062 420 1840 475 minor re absoluta. et sic negatur: sed quia requiritur
1064 456 1847 516 habitudo in ordine ad aliud vocatur esse debilius.
1068 491 1847 556 hoc est ad hoc quod dicibile de praedicamento relatio
1064 528 1847 589 nis dicatur de aliquo requiritur habitudo in ordi¬
1055 568 1852 623 ne ad aliud: et sic pater filium connotat. Etiam secum
1059 606 1859 668 dum Commentatorem commento octogesimooctauo:
1065 644 1854 700 entium quedam sunt completa in quorum esse nihil
1065 680 1859 737 facit anima: alia incompleta: vt de tempore conti
1073 718 1852 780 git. Tempus enim est vera res extra animam: sed
1070 756 1861 812 non denominabitur tempus secundum multos ni
1067 793 1853 853 si ab anima. Alique relationes habent talem deno
1070 834 1849 894 minationem ab anima: vt secunde intentiones que
1070 870 1852 930 extenso termino relationes dicuntur. Relatio est
1076 907 1852 963 accidens: et accidit substantie secunde intentiona¬
1064 946 1857 1006 liter capiendo accidens. Et interdum capitur pro
1070 983 1860 1038 contingenter praedicari: vt quinto de trinitate ca¬
1080 1019 1853 1074 pitulo quinto a capitulo septimo a beato Augu¬
1079 1055 1859 1118 stino. aliqua relatio est accidens prime intentiona¬
1077 1096 1865 1149 liter. soli autem termini ponuntur in praedicamento:
1076 1131 1868 1190 et non res significate per terminos. hec omnia lu¬
1073 1165 1871 1227 cida sunt ex artibus: propterea transeo. ⁋ Ecce du
1070 1209 1870 1271 os modos oppositos relationum quibus aristotelem
1083 1237 1862 1313 quilibet nititur sibi flectere. auctoritates nisi expresse
1073 1288 1864 1347 fuerint possunt in alterutram partem flecti ad mo
1080 1321 1864 1377 dum nasicerei. Citius arbitror philosophum tenui¬
1081 1359 1867 1416 se istum modum quem noinales insequuntur: et cum
1088 1402 1864 1462 hoc quia non est petenda pluralitas sine necessitate
1086 1435 1868 1495 incassum est multiplicare res sine ratione. rationes
1083 1472 1875 1534 autem aduer sariorum non sunt magni ponderis: qua¬
1086 1508 1870 1568 rum potiores in medium adduximus: faciliores pro¬
1082 1547 1868 1610 pter facilitatem consulto reliquimus. propterea cum
1083 1588 1882 1642 seclusa affectione rationi apparentiori sit inniten
1088 1622 1873 1680 dum hunc modum amplectimur. ⁋ Aquibus ista
1094 1662 1878 1718 distinctio rerum cepit exordium me legisse non me
1092 1697 1905 1755 mini. Quidam doctor quinto metaphysice dicit. t
1093 1735 1874 1793 Simplicium multiphariam institisse ad improbam
1103 1773 1883 1833 das istas relationes: et dicit illas esse fortissimas ra
1098 1810 1882 1868 tiones stoicorum. Quidam alius in prima parte qua
1100 1847 1883 1906 stione. xxvi. dicit Gilbertum porritanum dixisse
1097 1886 1889 1945 istas relationes non esse inherentes sed coexistentes. For
1091 1924 1890 1988 te a Gilberto porritano primum habuerunt principium
1108 1963 1887 2050 ⁋ Post supradicta vlterius considerari at¬
1103 2020 1889 2099 que subtiliter inquiri oportet. Utrum propetates.
1198 2073 1848 2150 ⁋ Distinct. xxxiii. et xxxiiii. questio vnica.
1270 2112 1894 2183 Irca distinctiones trigesimantertiam et tri
1242 2162 1893 2225 gesimamquartam. Queritur vtrum in deo per¬
1254 2196 1887 2266 sona vel proprietas parsonalis distinguat
1251 2243 1895 2284 ab essentia diuina seu deitati communi perso
1246 2275 1889 2324 narum aliquo modo ex natura rei seu cit
1118 2311 1888 2365 cunscripta omni operatione anime. ⁋ Responden
1108 2350 1897 2411 per duas conclusiones. ⁋ Prima conclusio est. essen
1119 2388 1897 2446 tia diuina non distinguitur a persona vel personis
1113 2426 1907 2479 in diuinis. Probatio: quia bene sequitur: essentia di
1127 2464 1895 2519 tina distinguitur a persona: ergo essentia diuina
1115 2496 1895 2554 non est persona: ab exponibili copulatiue ad alte¬
1109 2535 1897 2597 ram eius exponentem, consequens est falsum: er¬
1109 2572 1904 2641 go et antecedens. Oppositum antecedenti est con¬
1109 2617 1898 2667 clusio posita. falsitas consequentis patet extra de
1109 2651 1908 2713 summa trinitate et fide catholica ca. damnamus.
