2340 3344
261 213 1064 287 est ens omnium dignissimum e nobilissimum: hoc autem non
274 276 1074 325 esset si non esset intelligens: aut semper actu intelli
276 312 1064 356 gens. vn si non intelligat quid vtique erit in signe aut
267 351 1069 397 venerabile: sed se habeat vt sit dormiens. ⁋ Secunda
250 390 1066 428 conclusio. sua substantia est sua intellectio. Probat
280 423 1067 476 philosophus quia alioquin perficeretur per intel
268 464 1069 502 lectione superadditam. ⁋ Tertiam conclusio. deus
259 499 1073 541 nihil aliud a se intelligit. ⁋ Ad hanc conclusionem
268 538 1069 581 recitabimus rationes Aristotelis et eius Commen¬
270 577 1063 619 tatoris. ⁋ Ad titulum questionis pono tres conclusio
265 614 1073 664 nes: due prime sunt aristotelis: tertia contradictoria
270 652 1064 704 tertie Aristotelis et Commentatoris. ⁋ Probatur
271 689 1057 739 tertiam conclusio sic. sequens rationem naturalem po¬
274 727 1065 779 nit deum intelligere: et hoc rationabiliter: quandao noie
270 765 1067 805 dei intellexerunt sapientes omnes ens optimum e nobi¬
250 793 1057 843 lissimum: cuius nobilitatem non possumus cognosce
250 825 1067 889 re nisi ex his que nobis in notescunt. Et quia nos iudi
261 878 1070 928 camus res cognoscentes perfectiores rebus non
268 918 1062 967 cognoscentibus. vt patet. xii. metaphysice capitul.o xiiii
258 962 1061 1004 et. xv. de trinita. cap. iiii. Et iudicamus ea esse per¬
271 989 1055 1038 fectiora quae plura cognoscunt: vt patet inducendo in
259 1033 1054 1076 animalibus: ideo debemus illud deo attribuere quod plu
268 1073 1056 1117 ra cognoscat. ⁋ Non valet dicere cum Commentato
268 1104 1067 1156 re commento. li. sufficit quod cognoscat aliquid quod est
267 1139 1067 1185 quodammodo omnia: quia deus est omnia causaliter et emi¬
268 1176 1046 1219 nenter. Unde commento. xxiiii. eiusdem. xii. forma ti
270 1222 1062 1271 mi mouentis est quodammodo omnes forme. ⁋ Sed hoc
258 1258 1048 1299 non sufficit. quia ratio non pobat deum esse nobilissi¬
268 1299 1060 1347 mum nisi cognoscat alia a se. ⁋ Argumentum Ari¬
268 1328 1060 1380 stote. contra compedoclem. iii. metaphysice commento.
253 1369 1058 1415 xv. et primo de anima commento. lxxx. redit in arguentem quod
268 1408 1061 1457 deus est insipientissimus. ⁋ Secundodeus cognoscit
267 1448 1052 1492 orbem quem rotat: alioquin non vniformiter rotaret
257 1484 1051 1521 ⁋ Et confirmatur: in omnium gentium cordibus scriptum
262 1518 1052 1572 est implorare auxitium diuinum: et hoc frustra fieret si
264 1553 1058 1606 ipse non cognosceret: igitur. Quomodo em deus eet sol
265 1596 1055 1645 licitus circa nos si nultatenus nos cognoscat: certe
258 1633 1051 1674 non video. Quod circa nos sit sollicitus: patet. xii. meta¬
270 1670 1055 1720 physice commento. xxxvii. et secundo celi commento. xxxiiii.
258 1715 1060 1756 et primo economicorum: sic praeordiata fuit a deo vtraque
257 1748 1052 1800 natura masculi et femine ad conicationem. ⁋ Ulte
258 1788 1060 1836 rius miseretur eis: secundo de anima commento xxxiiii. et ali
263 1821 1049 1870 qua concedit non denecessitate: secundo celi commento
265 1864 1054 1906 xxxiiii. et dat prophetiam. patet in libello de somno &
261 1899 1046 1947 vigilia. ⁋ Indubie non conduceret orare deum si non ip
261 1939 1056 1986 telligat praeces nostras. perinde enim esset sicut helias thes
265 1972 1057 2014 bites illusit sacerdotibus baal tertii regu. xvi. in qui¬
264 2009 1051 2052 ens clamate voce maiore: deus ei est: et forsitam loquitur
270 2053 1053 2101 aut in diuersorio est: aut in itinere: aut certe dormit
271 2085 1058 2127 vt excitetur. Immo excitari non posset astentore ho¬
265 2123 1054 2171 merico. ⁋ Entem auerropus quinto colliget in fine im
261 2163 1049 2217 plorat auxilium dei: vt prueniat ad vltimam perfectio
258 2204 1064 2259 nem que beatitudo sempiterna appellatur et x. ethi¬
260 2238 1053 2289 corum. deus gaudet de eo qui nititur sibi assimilari
265 2274 1054 2321 quod expones Comentator ait: dignus est ergo vt be
270 2318 1060 2355 nefaciat eis qui amant ipsum pius. et vt honorificet eos
271 2354 1063 2398 et visitet eos sicut dispositio amici cumamico. ista in
264 2389 1051 2432 ferunt deum cognoscere suos amieos. quo enim aliter
277 2431 1063 2470 possit eos visitare a honorare. Videtur certe quod mul
267 2469 1053 2515 tum probabiliter ex dictis Aristotel et Commentatoris
264 2506 1055 2553 et ab eis concessis in bona consequentia inferatur contradicto¬
261 2543 1049 2590 ria tertie conclusionis ab eis posite. sicut interdum
273 2578 1051 2619 alii latenter construunt in suis libris pugnantia
270 2617 1051 2658 ⁋ Preterea multi sunt effectus in istis inferiori¬
268 2650 1055 2719 bus quorum causas inuenire est impossibile nisi ha
1135 240 1922 294 bendo recursum ad causalitatem prime cause libe
1140 283 1914 335 re causantis: vt pote quare est quod sperma viri vel vir
1137 318 1921 373 tus seminalis disponit materiam vniformem in partes
1137 357 1923 409 difformes vt ex vna parte fiatos ex alia caro: san
1143 391 1917 448 guis: vel medulla. ratio nulla dari part. Propterea
1140 432 1922 472 apud galenum secundo creticorum capite secundo voca¬
1138 467 1925 522 tur virtus diuina. quod patet apud magistrum sententia
1128 506 1928 556 rum dist xviii. de rationibus seminalibus. No pos¬
1129 547 1919 593 sumus dare causam quare vnus gradus forme re
1140 581 1921 624 mittitur ante alium vel producitur ante alium: nisi eun¬
1140 617 1931 673 do ad concursum et libertatem prime cause. ⁋ Ampli
1140 662 1925 713 us apud plurimos expertum est plurimos plurima
1129 694 1920 749 futura praedixisse et ita euenisse: et quosdam habuisse
1134 736 1918 781 vera somnia de futuris et etiam quosdam habuisse non
1128 774 1924 813 titiam interpretandi somnia atque prophetias interprae¬
1138 811 1924 854 tatione indigentes. Et istud non solum constat apud
1128 847 1918 895 sacras historias: sed etiam ethnicorum scripta: patet apud
1137 882 1922 939 Commentatorem in eius tractatu de somno a vigilia
1125 926 1915 966 et de portentis apud grecos / persas / medos: et ro¬
1137 958 1924 1012 manos et hester. xvi. hoc tenent iudi. vbi dicitur dei quo
1135 1000 1924 1051 que cuncta cernentis arbitrantur se posse fugere senten
1131 1033 1924 1079 tiam. ⁋ Preterea deus est vniuersi totius princeps
1137 1077 1913 1120 et rector dignissimus: ergo intelligit aliud a se. Ante¬
1138 1114 1916 1165 cedens patet per Aristotelem et Commentatore. xii.
1137 1148 1918 1195 netaphysice. consequentia patet: quia non latet eum ipsum esse
1129 1183 1916 1235 dominin vniuersi. nec ignorat suum principatum. Que eius
1139 1223 1923 1276 nobilitas esset principare vniuerso: et hoc non intel
1131 1259 1929 1311 ligere. Esset certe perinde ac si vnus infans esset
1128 1305 1924 1340 rex vnius regni: et hoc eum lateret. ⁋ Amplius se¬
1140 1340 1919 1391 ueretur quod ille qui minus intelligit esset melior in hoc
1122 1383 1922 1423 quod pauca intelligit: quam ille qui plura intelligit. patet
1138 1416 1913 1463 quia magis conuenit cum deo solum seipsum cognoscen
1134 1453 1922 1503 te: hoc autem est ridiculum: igitur. ⁋ Amplius cum ca¬
1132 1494 1925 1533 rus quemlibet militem sui exercitus proprio nomine
1131 1526 1917 1584 salut auerit sine doctor e ertrinseco: et nithridates
1135 1559 1919 1619 xxii. gentium quibus impabat singuas cognouerit:
1141 1609 1919 1660 uo est illud negandum deo. ⁋ Dicimus propterea et
1124 1640 1920 1694 philosophum et eius Comentatorem in hoc non locu¬
1128 1682 1924 1729 tos pobabiliter: nec conformiter ad sua principia.
1133 1715 1929 1770 ⁋ Sed contra istam conclusionem arguitur sic. vel de
1128 1759 1921 1799 us cognoscit distincte omnia possibilia et existentia vel
1128 1790 1906 1843 non. Si secundum: pari ratione nihil aliud a se intelligit
1128 1829 1928 1881 Si primum. tunc intelligit quamlibet partem continui
1128 1865 1924 1912 distincte. Sed probo quod non. vel eius cognitio sistit
1131 1905 1915 1958 ad diuisibile: et sic non cognoscit distincte quodlibm
1136 1943 1925 1997 vel si ad indiuisibile: ergo continuum componitur ex pun
1125 1982 1924 2032 ctis. ⁋ Aid istud concedo quod quamlibet partem con¬
1122 2014 1924 2077 tinui distincte videt deus: et ad quamlibet partem ter
1132 2057 1916 2102 minatur obiectiue: et infinities infinitas partes co
1132 2099 1912 2142 gnoscit: sed quaelibet pars cognita est diuisibilis. quam
1125 2134 1922 2187 libet enim partem proportionalem a continui deus distin
1132 2176 1905 2228 cte intuetur. et rursus diuidendo quamlibet partem pr
1134 2214 1915 2256 portionalem in alias partes proportionales. et quan¬
1128 2249 1925 2298 libet earum rursum infinities. quamlibet istarum distin¬
1131 2284 1924 2338 cte cognoscit et earum distinctionem videt: et quelibet
1125 2326 1928 2367 pars cognita est diuisibilis in infinitas partes. si¬
1129 2364 1918 2410 cut in infinitum parua est aliqua pars huius con¬
1135 2400 1921 2443 tinui et nulla pars est minima: ita in infinitum paruam
1123 2440 1916 2480 partem deus cognoscit: et quelibet pars cognita est
1132 2477 1907 2518 diuisibilis. Et distinguo quod notitia dei terminetur
1131 2518 1914 2565 vel obiectiue et sic concedo. et semper in parte diuisi
1126 2548 1913 2604 bili continui: semper loquimur de cognitione par¬
1122 2586 1922 2630 tium puri continui. Vel terminetur sic quod detur vl
1126 2627 1922 2676 tima cognita. et hoc non. quamlibet enim partem vni
1129 2666 1922 2712 co actu qui est ipse deus ab eterno cognouit: opi¬
