2338 3304
268 207 1069 276 xlvi. licet res paius erat fortasse tali noine non prius
277 267 1065 312 vocabatur. Plato (vt Magister dicit distim. prima. lib.
261 305 1054 348 ii. posuit tria principia siue initia: deum / exemplat
261 342 1054 386 siue ideam: et materiam. ⁋ August. vbi supra dicit quod
273 377 1058 421 idee sunt principales quedam forme vel rationes re¬
279 412 1060 464 rum stabiles atque immutabiles: quae ipse formate non
274 453 1055 501 sunt. et prpter hoc eterne et semper eodem modo se ha¬
267 488 1060 538 bentes quio diuina intelligentia continentur: et tamen ipse
274 530 1070 576 neque oriuntur. neque intereunt: secundum eas tamen formari
271 563 1054 617 diter omne quod oriri et interire potest. ⁋ Seneca Epi
273 598 1065 652 stola lxvi. ad Lucilium enumerans. iiii causas rerum
266 639 1059 690 secundum Aristotelem subdit. quintam his Plato adiicit
273 682 1054 724 exemplar: quod ipse ideam vocat. ⁋ Ex his aucto¬
274 718 1067 771 ritatibus hincinde sparsis non est lucidum que res est
273 751 1061 806 idea. si em ponamus terminum idea in recto stare pro
271 797 1052 840 creatura: ia non erit eterna et inuariabilis: si vero
268 831 1053 880 ponamus ideam esse deum: iam idea erit inuariabilis
273 872 1060 916 et eterna: sed non erunt plures idee. et quia idea est ali¬
270 908 1048 952 quid oportet dicere quod est creator vel creatura. quic¬
268 944 1051 990 quid dixerimus oportet modum loquendi patrum expone
261 981 1063 1034 re. ⁋ Possumus itaque dicere quod idea est deus crea
265 1021 1061 1067 turas cognoscens: et sic idea est eterna: et idea pre¬
264 1050 1069 1099 cenit ideata. ⁋ Secundo sequitur: quod licet non sint plu¬
274 1092 1055 1137 res idee essentialiter distincte: tamen dicuntur plura ob
268 1132 1054 1177 pluralitatem ideatorum. hoc est vna res vocatur plures
274 1174 1059 1220 ratione oblectorum pturium inque caditratio idee. si¬
274 1209 1054 1254 cut plures reputantur potentie anime intellectiue.
268 1247 1057 1293 ⁋ Si quis voluerit dicere quod idea in recto supponit
268 1284 1061 1330 pro creaturis connotando quod cognoscantur ab essentia
268 1323 1046 1371 diuina: potest. tunc enim saluatur pluralitas idearum
261 1360 1048 1400 et idee sunt a mente diuine. et licet nulla idea fue¬
267 1400 1047 1446 rit ab eterno: ab eterno tamen fuit idea: idea est
270 1436 1055 1484 terminus ampliatiuus sicut cognosci. creatura fu
267 1471 1051 1515 it idea quando nulla idea fuit creatura. idea dicitur eter¬
267 1514 1051 1558 na: quia essentialiter cognoscitur. est inuariabilis: quia
270 1547 1052 1592 semper a deo cognoscitur siue sit siue non sit. non pot
271 1591 1049 1636 esse fortis ratio pro vna parte dicendi. prior modus est
270 1622 1058 1671 ita conformis modo loquendi Platonis Senece
263 1659 806 1708 et beati Augustini sicut posterior
274 1729 1045 1789 ⁋ Et quoniam demonstratum ex parte quo¬
268 1790 906 1844 modo omnia dicantur esse in deo.
346 1845 952 1899 ⁋ Distinctionis. xxxvii. questio vnica.
498 1895 1049 1941 Irca distinctionem. xxxvii. inqua Ma
501 1937 1051 1979 gister loquitur quomodo deus est in lo
495 1971 1054 2013 co. Et an sit vbique. Quero hunc quae¬
501 2008 1045 2049 stionis titulum. An deus sit vbique: et i
499 2046 1048 2088 infinito loco imaginario extra celum
480 2072 1048 2125 ⁋⁋ Pono conclusiones. ⁋ Prima est:
268 2121 1052 2170 deus est vbique per essentiam praesentiam et potentiam.
267 2158 1057 2206 ⁋ Secunda conclusio: deus potest esse extra celumcreatu
258 2201 1054 2245 ra ibidem existente. ⁋ Tertia conclusio. probabile est
268 2236 1046 2280 quod deus est extra celum in spatio infinito imaginario¬
268 2276 1045 2323 ⁋ Prima conclusio probatur Hieremie. xxiii. celum es
270 2313 1036 2353 terram ego impleo. Et Esaie. lxvi. celum mihi se
258 2351 1045 2393 des est: terra autem scabellum pedum meorum. Et si ascen
268 2388 1039 2439 dero in celuntum illic es: et si descendero ins infernum
273 2427 1048 2473 ades. Psal. xxxxviii. ⁋ Et patet ratione: quia deus est
269 2468 1045 2513 alicubi et non est maior ratio quod sit in vno loco quam in
271 2504 1052 2545 alio: igitur. ⁋ Ad hoc Magister varias auctorita¬
270 2541 1045 2583 tes sanctorum introducit in litera. ⁋ Secunda conclusic
274 2577 1052 2619 probatur. Possibile est Angelum vel corpus esse ex¬
270 2614 1055 2661 tra celum: et cum illo deus est. et deus potest angelum
276 2651 1050 2709 vel corpus destruere ibidem manendo. igister. Ibi inquam
1137 221 1925 283 vel in loco imaginario: mirabile esset quod deus potest
1134 267 1940 331 ibi existere cum creatura: et ea destructa non posset
1125 306 1922 365 sic prarmanere. ⁋ Tertiam conclusio probatur. deus po¬
1132 344 1927 391 test esse extra celum nulla creatura existente vltra
1135 381 1913 437 celum ex premissa: et nihil est aliud mouens quin ib
1137 421 1934 481 nunc existat: sed perfectionis est. sicut enim est infini
1126 458 1925 508 tus in vigore: et per infinitum tempus existit: sic per lo¬
1135 500 1925 554 cum imaginarium infinitum existat: alioquin circum¬
1137 532 1917 583 scriberetur loco contra dicta. ⁋ Secundo arguitur ad
1135 568 1923 630 idem. deus erat in spatio infinito imaginario extra
1121 607 1930 664 celum an creatione mundi: et vbicumque vere vel ima¬
1133 649 1926 706 ginarie erat nunc est. maior patet: quia vel erat precise
1125 690 1918 730 vbi est nunc iste mundus et non alibi vere vel ima¬
1125 725 1919 772 ginarie. Et quero causam illius. ⁋ Situ dicas quod
1135 766 1918 808 dic poterat creare mundum: sic de facto poterat
1123 805 1924 844 creare alium mundum eccentricum et concentricumet
1132 843 1912 882 infinitos: ergo pari ratione debes dixisse eum fuis¬
1125 874 1919 927 se in loco imaginario infinito. ⁋ Forte dicis quod fu¬
1124 910 1916 962 it in seipso (vt Magister dicit in litera. Et non fuit
1118 951 1928 1001 in spatio vero vel imaginario. ⁋ hoc nihil est. be
1129 990 1910 1032 ne volo quod fuit in seipso. sicut persone diuine sunt
1121 1027 1922 1078 inuicem per circuminsessionem. Sed quomodo est
1125 1062 1921 1105 intelligibile quod fuerit: et non in loco vero nec in lo¬
1122 1103 1912 1144 copossibili. ⁋ hoc etiam patet auctoritate beati
1118 1140 1927 1191 Augustini. xi. de ciuitate dei. capitu. xxv. dicentis
1121 1177 1909 1225 sic. querentibus de mundi tempore cur potius tunc
1131 1218 1925 1258 et non antea factus sit: dicatur quod ipsi respondeant
1123 1253 1910 1303 de mundi loco: nam infinita spatia temporis ante
1115 1290 1922 1344 mundum cogitant in quibus non videtur eis domins
1122 1333 1909 1381 ab opere cessare potuisse. Similiter cogitant exa
1115 1367 1916 1418 tra infinita spatia locorum: in quibus si quis dicat
1116 1410 1916 1456 non potuisse vacare. omnipotentem: consequens
1113 1440 1897 1483 erit vt innumerabiles mundos somniare cogatur
1128 1477 1903 1524 Sequitur: an forte substantiam dei a tantis spa¬
1122 1517 1909 1564 tiis locorum extra mundum absentem esse dictu¬
1126 1556 1912 1596 ri sunt: et vno tantum tam exiguo loco in quo mundus
1122 1595 1915 1633 est esse occupatam: non opinor eos in hec vanilo¬
1132 1631 1913 1675 uia progressuros. ⁋ Preterea arguitur sic. deus
1125 1658 1916 1718 est in hac bibliotheca: et in qualibet parte ipsius: vel
1116 1705 1915 1746 igitur deus potest destruere aerem huius biblio¬
1116 1742 1915 1785 thece ipso deo remanente infra latera studioli vel non.
1122 1782 1912 1831 Si primum: pari ratione potest esse extra celum nul
1123 1818 1901 1861 la existente creatura. secundum autem videtur absur¬
1116 1859 1900 1907 dum. ⁋ Ad hoc respondet doctor quidam: quod si per
1119 1896 1906 1940 impossibile ponatur locum euacuari: tunc rema¬
1123 1933 1925 1981 nere intelligitur capacitas loci priuati. capacitas
1116 1974 1909 2016 enim aliquid est: et in illa deus est. priuatio autem
1119 2008 1900 2049 nihil est: et in illa deus esse non potest. ⁋ Istud non
1122 2046 1898 2097 sufficit. deus enim potest facere vacuum (vt palam
1123 2086 1907 2129 est). ⁋ Item inquiro quid est illa capacitas passi¬
1119 2124 1900 2169 ua: et quocunque dato talis reperietur extra celum
1135 2164 1901 2207 uia itam bene natus est locus esse extra celum sicut
1122 2199 1904 2245 in hac aula: et quia ponitur deus extra celum per
1113 2240 1907 2286 potentiam quare ibi negabitur esse per essentiam.
1122 2278 1912 2324 ⁋ hoc tenebat hermes trimegistus. quod deus est
1116 2307 1904 2352 sphera cuius centrum est vbique: circumferentia
1126 2356 1898 2399 vero nusquam. ergo circunferentia eius non termina
1123 2382 1910 2435 tur in vltimo celo. Et tertum Regum. viii. si enim
1119 2430 1910 2474 celum et celi celorum te capere non possunt: quan
1123 2460 1907 2505 tomagis domus hec quam edificaui tibi. Et Ec¬
1123 2497 1901 2546 clesia canit de beata virgine. Virgo dei genitrix
1122 2541 1900 2588 quem totus non capit orbis: in tua se clausit viscera
1110 2572 1907 2625 factus homo. et c. Iob. xi. excelsior celo est et quid facies:
1122 2620 1897 2660 profundior infernoe vn cognosces: longior terra mensu
1110 2647 1900 2706 ra eius. et latior mari. Et baruch. iii. Q israel quam ma
