2338 3303
492 213 1271 268 clusio. quPmibet rem mundi possibilem deus intuitiue
507 257 1271 308 videt: et distincte. ⁋ Tertiam conclusio responsiua ac
495 298 1274 345 titulum questionis affirmatiue: cum prescientia dei de
507 333 1286 380 futuris stat rei producibilis contingentia. Probatur pri
496 375 1272 419 ma conclusio. quia deus est iudicium alicuius veri: et non
505 411 1276 455 est potior ratio vnius quam alterius: ergo cuiuslibet ve
495 442 1270 488 ri deus est iudicium: consequentia claret cum minore: proba¬
503 481 1279 534 maior. sciebat enim Iesus ab initio quis traditurus esset
501 516 1276 566 eum. Ioan. vi. et JIoannis. xviii. ipse erat sciens omnia
516 555 1286 608 ue ventura erant super eum. et quinte de ciuitate dei ca¬
500 592 1286 648 pi. ix. Nephas esset negare (dicit Augustinus) deum
505 628 1281 677 esse praesciu futurorum. Sed visum est tullio in libro de
509 670 1279 713 diuinatione quod oporteret incidere in hanc disiunctiuam
508 707 1278 750 vel negare liberum arbitrium vel scientia dei respectu
507 744 1274 789 creaturarum. a primo tanque a scilla ad charybdin
512 771 1274 827 appropinquatit: sed poterat elegisse medium: vide ar
514 819 1280 866 gumentum Tullii quinto de consolatione prosa. iii. et lib.
508 852 1280 901 primo contra maximinum Augustinus dicit quod est insania.
511 894 1286 936 hoc patet: xv. de trinitate capi. iii. multa occulta crea
504 927 1283 978 turis deus reuelauit vt diem iudicii. et ita de inume
508 963 1285 1010 ris aliis. ⁋ Sed licet tullius longe inferior erat Ari
512 1005 1283 1051 stotele in eruditione: videtur tamen quod mouebatur validio
510 1030 1283 1090 ri argumento quam Aristoteles ad neganda prescientia
504 1070 1282 1126 dei: vt saluar et libert arbitrium. riones Aristotelis. ti¬
511 1123 1288 1153 metaphysice negatis deum cognoscere creaturas non
501 1142 1289 1197 sunt tante apparentie. ⁋ hic impudenter et insulse pro¬
496 1193 1280 1232 cessit Laurentius vallensuer. de libertate arbitrii: pro hoc
510 1218 1289 1270 argumento quod tullium mouebat incidit in hoc a quo resi-
513 1266 1283 1308 iebat gentilis tullius / quod nulla relinqueretur libertas
505 1297 1277 1343 in arbitrio. patet in suo dialogo super hacmateria con
505 1334 1283 1382 fecto. ⁋ Secunda conclusio patet. aliquam creaturam deus
514 1363 1286 1419 intuitiue videt: et equa est ratio in omnibus: non enim
508 1410 1277 1455 obstat infinitas cognoscibilium: cum ipse sit infinite per
508 1452 1280 1496 fectionis in essentia et in cognoscibilitate: maior patet
510 1475 1279 1533 ad Romanos. iiii. deus vocat ea que non sunt tanquam
505 1529 1288 1567 ea que sunt. ⁋ Item ad hebreos. iiii. omnia nuda et aper¬
504 1554 1284 1602 ta sunt oculis eius. et Sapientie. xiiii. scit omnia: et intel¬
511 1600 1274 1643 ligit. ⁋ Preterea ad cuiuslibet rei productionem co
505 1629 1285 1682 currit: sed perfectissime producit scilicet per intellectum
510 1673 1276 1720 et volunntatem: ergo qualibet rem cognoscit: et hoc con
508 1698 1283 1754 cludit de quolibet possibili: alioquin aliquid pot co¬
505 1738 1286 1791 gnoscere quod ante non cognouit: quod nephas est
516 1778 1279 1827 dicere. Quod distincte patet. sicut enim nos virtute notitia
519 1814 1283 1864 intuitiue iudicamus multa contingentia de pronoins
514 1851 1283 1902 demonstrante rem cuius habemus notitiam intuiti¬
506 1889 1292 1947 uam: ita deus cognoscit omnia dicibilia virtute notitie
525 1934 1292 1978 quam habet vel que est ipse. ⁋ Insuper notitia intui¬
516 1970 1285 2012 tiua est perfectior in genere notitie quam abstractiua: et
523 2002 1288 2048 deus perfectissime cognoscit: ergo eius notitia est
520 2045 1289 2088 intuitiua: eiusque omni scientie repugnat quod fallatur: et
528 2074 1285 2125 quod fallere nequeat ostendetur inferius. Nec inconueniu¬
516 2109 1288 2161 quod naturaliter e de necessitate quamlibet rem per modum
514 2144 1299 2200 apprehensionis intelligat: et per modum iudicii assensus
514 2182 1293 2230 et scientie in futuris contingentibus contingenter iudicet
516 2224 1292 2271 hanc partem vel illam: de necessitate enim cuiuslibet veri
516 2257 1292 2308 est iudicium. et sicut contingenter vult hanc partem esse veram
522 2294 1289 2342 vel illam: ita contingenter est iudicium huius partis vel illium
519 2329 1303 2383 disiunctiue. et quindo vna pars desinit esse va desinit esse
519 2377 1306 2415 iudiciuillius partis: et tamen cum aliquid desinat esse verum
516 2408 1297 2455 est ita naturate deo desinere esse iudiciu illius sicut est
522 2443 1295 2488 naturale iudicare partem veram: quia naturale est quod nihil
523 2483 1288 2528 eum latet: et sic de necessitate est iudicium necessarii
528 2522 1304 2568 contingenter est iudicium enunciabilis contingentis. ⁋ Ter
522 2557 1295 2601 tia conclusio probatur. deus quodlibet futurum contingens
526 2593 1289 2637 cognoscit ex prima: ergo si non maneat contingens pro
513 2637 1289 2687 pter scientiam dei nullum erit futurum contingens: quod
1354 199 2122 269 est falsum. ⁋ Confirmatur: quia ista simul stant: quod ali¬
1356 261 2132 306 quod est futurum contingens: et quod illud potest non euenire. si
1354 299 2122 340 enim per impossibile ponatur quod futurum contingens non co
1348 336 2128 379 gnoscatur: illud est futurum contingens: et scientia dei accedens
1341 371 2129 415 non variat contingentiam illius: igitur. ⁋ Nec valet di¬
1354 408 2114 451 cere quod futurum contingens est contingens: sed si esset a
1356 447 2124 491 deo reuelatum non esset contingens amplius: quia ex il
1344 481 2116 525 lo sequeretur quod dies iudicii necessario erit: et quod deus po
1353 519 2128 559 test aliqua facere que non potest facere: si enim reuelaret
1354 558 2126 604 quod non faciet a iam est necessarium non facere a. ⁋ Insu
1357 597 2126 635 per: illa necessitas vel prouenit a scientia dei: et tunc
1351 630 2133 673 nihil est futurum contingens: vel res ad extra neces¬
1353 665 2125 709 sitaret deum aliquid producere ad extra. ⁋ Item pe¬
1351 703 2125 746 trus non peccaliet postquam deus ei reuelauit sui nega
1341 744 2126 787 tionem. Matthei. xxvi. quod est falsum. igitur. ⁋ Nec
1344 780 2131 817 iterum valet modus aliquorum dicentium quod contingens
1348 815 2127 865 consideratum in ordinae ad deum de necessitate est: sed
1347 849 2114 893 ipsum consideratum ad creaturam est contingens. si de
1341 886 2119 934 de necessitate iudicat illud futurum e non est impedi
1341 923 2132 973 bilis nihil erit futurum contingens. ⁋ Insuper: vel
1347 960 2120 1008 ipsum non potest non esse absolute vel potest non esse
1356 998 2122 1043 Si secundum simpliciter est contingens. si primum non
1351 1038 2132 1077 est contingens. igitur. ⁋ Propterea sic argumentor. ex¬
1350 1070 2124 1119 perimur aliquid esse futurum contingens: si nihil se
1347 1117 2122 1154 mines et terram non colas nihil vel parum in autum¬
1342 1147 2122 1190 no colliges: hoc a agricolis et viticolis liquet alioqu
1335 1187 2137 1223 t incassum ita insudarent circa labores rusticanos et ex
1351 1223 2132 1265 colendas terras et vineas. Ex hoc denique mercatori
1357 1261 2126 1307 et ciuilibus ostendi potest. ⁋ Et omne futurum contin
1358 1302 2137 1342 gens deus distincte cognoscit ex prima conclusione: quia
1356 1337 2141 1375 oe verum omni vero consonat: primo ethicorum. ergo pri¬
1347 1371 2126 1411 ma conclusio a tertia non modo stant in possibilitate: sed
1350 1408 2132 1454 in syncera veritate. ⁋ Ex his adhuc infero proposi
1350 1448 2125 1486 tiones. ⁋ Prima propositio est: deus necessario es
1356 1480 2138 1524 notitia simplicis intelligentie omnim possibilium. sicut enim
1354 1522 2134 1558 non potest esse res nisi ab eo producta partialiter: et ab eo
1360 1557 2143 1602 dependeat: sic nihil potest esse non cognitum a deo: licet enim
1356 1592 2147 1639 creatura posset creare tamen creatura creans a deo depen
1350 1633 2149 1677 det. ⁋ Secunda propositio. eadem est notitia intuitiua
1353 1666 2141 1716 et apprehensiua / simplicium / et complexorum / affirmatiuo
1353 1704 2138 1746 rum / et negatiuorum / categoricarum / et hypotheticarum.
1362 1744 2147 1791 patet de notitia dei. ⁋ Tertia propositio. notitia dei
1354 1777 2150 1826 iudicatiua de antichristo futuro est necessaria: sed deus
1359 1807 2152 1857 contingenter est iudicium antichristi futuri. Prior pars
1365 1851 2137 1895 patet: siue necesiaria habeat res pro substantiuo siui
1354 1892 2152 1934 notitia. Secunda pars patet. quia antichristus contingenter est
1362 1926 2149 1969 futurus: et deus taliter iudicat rem sicut est: quia rectis¬
1356 1965 2144 2006 sime iudicat. necessariorum enim est iudicium necessarium:
1353 2001 2143 2045 et contingentium verorum est contingens iudicium: im¬
1365 2038 2153 2081 possibilium et falsorum non est iudicium. immo est iudicium:
1363 2075 2147 2119 aet assensus eorum oppositorum. ⁋ Non insisto nunc an deus
1360 2112 2145 2155 sit iudicium huius falsi: hoc est falsum: demounstrando
1365 2152 2152 2198 eam que se falsificat: cum taliter est in re sicut per ipsam
1360 2187 2150 2226 significatur. ⁋ Quarta propositio: loquendo de noti
1362 2219 2153 2268 tia iudicatiua: aliquod enunciabile deus potest incipe¬
1356 2260 2144 2304 re scire: patet de hac Ioannes sedet: quando propositio
1362 2299 2154 2341 incipit esse vera: deus est iudicium verum illius: sed deus
1363 2334 2153 2375 non potest incipere scire enunciabile. patet per vnam eius ex¬
1372 2364 2150 2416 ponentem. ⁋ Quinta propositio. deus non potest scire
1370 2415 2143 2456 plura quam scit: etiam loquendo de notitia iudicatiua: patet
1359 2455 2151 2493 qui omnia vera scit: et si aliquod enuciabile incipiat ee
1362 2482 2147 2529 verum: eius condictoriumus si sit) incipit esse falsum: et con¬
1363 2522 2150 2562 tra. et eius possibilitas est semper praesens intellectui
1359 2557 2159 2601 diuino: hoc est semper deus cognoscit: igitur. Et istud
1368 2594 2156 2637 patet exemplariter in terminis: si sortes sedeat iam
1366 2633 2165 2681 deus scit sortem sedere: et est ipsi iudicium verum il¬
