2480 3297
354 246 1145 316 proposita posite sunt positiones. Dilbertus porritanus
353 297 1132 350 super librum Boetii de trinitate et quidam alius tenen¬
366 335 1130 386 partem affirmatiuam: vt patet in primo libro Altissiodo
359 373 1136 427 rensis capitu. xii. ⁋ Communiter tamen doctores te¬
348 407 1138 461 nent partem negatiuam ad quam sunt auctoritatens san
357 445 1145 503 ctorum et philosophorum. Ad hoc est Augustinus. xxii.
348 487 1124 541 contra Faustum eapi. iii. quisquis dicit si orpotens est de
353 514 1145 576 faciat vt hec que facta lunt non fuerint: non videt ac si
353 559 1136 614 diceret si omnipotens est faciat quod ea que vera sum
356 596 1137 647 eo ipso quod vera sunt falsa sint. potest deus facere vt al
353 631 1142 690 quid non sit quod erit. hanc autem sententiam qua dici¬
359 668 1136 722 mus aliquid fuisse et deum facere quod non fuerit / falsam
353 706 1135 764 iudicamus. Anselmus enim secundo cur deus homo. capi. xvii
354 743 1133 792 quando deus facit aliquid: postquam factum est non potes
354 783 1135 829 non esse factum: respodet quod hoc non est potentia: sed
353 825 1137 867 impotentia. et prosolo. vi. quomodo est omnipotens
367 862 1136 904 si omnia non potestus aut si non potest corrupi aut moue
355 895 1142 944 riaut facere verum esse falsum autem quod factum est non esse
360 931 1144 982 factum / Respondet quod hoc est impotentia et non potentia.
360 969 1142 1017 ⁋ Item de concor. capi. ii. in re preterita est quiddam
372 1002 1145 1061 uod non est inre praesenti vel futura: nunquam enim fi eri
370 1039 1135 1098 potest vt res que preterita est fiat non preterita: sed res
373 1079 1144 1135 que est presens potest fieri non praesens et res quae est futu
359 1113 1139 1169 ra potest fieri vt non sit futura. ⁋ Item Hieronymus
369 1149 1160 1205 ad Eustochium: audacter loquar: posset deus omnia susci-
381 1192 1157 1236 are: reparare non potest virginem potest ruinam. ⁋ Item
359 1220 1151 1280 in postersoribus articulis parisiensibus dicitur quod deus potest
363 1259 1141 1315 facere omnem rem preteritam non fuisse: et quod potest facere
369 1296 1158 1356 Magdalenam non peccasse error est: et sexti Ethicorum.
369 1333 1157 1391 ca. secundo habetur recte agathon dicit. hoc solo priua
372 1377 1147 1425 tur deus etec. ⁋ Qui aliam partem fouent dicunt illud
343 1412 1147 1461 intelligi de potentia dei ordinata. ⁋ Quidam doctor
344 1449 1156 1500 evtramque partem elaborat tueri asserens quod adhuc aliqui
365 1488 1150 1542 viuentes doctores vniuersitatis anglicane tenent: di¬
365 1522 1147 1577 centes quod non videtur aliquam contradictionem implicar.
370 1561 1147 1613 vel sequi ex eo quod Adam preteritus ponatur non fuisse
371 1597 1158 1652 ⁋ Sed argumentor pro parte affirmatiua sic. ad ali¬
359 1636 1148 1688 quam rem preteritam non fuisse: non sequitur primum
391 1673 1163 1721 rincipium non esse verum non pius quam ad antichristum
366 1712 1145 1760 non fore. ⁋ Preterea deus potuit voluisse numquam pro
371 1746 1163 1796 duxisse Ada: ergo nunc potest quia si semel erat possi¬
366 1789 1160 1838 bile iam erit possibile: nec contingens labitur in necesse.
392 1819 1159 1878 ⁋ Respondet iste negando assumptum: et est ratio: quia
360 1857 1153 1910 sunt multa qua includunt contradictoria tamen non potest evi
372 1898 1147 1945 denter ostendi quod ad ea antecedant verbi gratia quod deus non
369 1933 1145 1982 sit trinus personaliter. hoc vtique includit contradi
365 1969 1154 2018 ctionem: et tamen non potest euidenter ostendi. ⁋ Ad
368 2012 1163 2057 secundum dicit quod licet aliquando hec: Adam non fuit /
369 2049 1160 2095 fuerit vera: et per consequens non per se antecedit
364 2083 1163 2130 ad contradictoria: tamen quia nunc sua opposita est neces¬
371 2118 1157 2167 saria propter transitionem in preteritu ipsa est impos¬
381 2155 1166 2205 sibilis. Quidam alius doctor tenens partem negati¬
380 2191 1157 2241 uam post eum conuenit in sententia eadem in soluendis
374 2230 1157 2285 argumentis. ⁋ Neutra istarum solutionum sufficit. non es
375 2276 1166 2316 est euidens an totum dicat tertiam entitatem a suis par¬
380 2304 1163 2354 tibus: vel quod non detur maxima qualitas possibilis fi¬
378 2342 1154 2391 nita. hoc non obstante pars illa est tenenda que est
369 2379 1157 2434 pius conformis rationi. Sic in proposito cum omnis
378 2415 1150 2464 ratio probans preteritum non posse fuisse non preteri
375 2460 1162 2499 tum equaliter probet de futuro: et nihil negandum
372 2490 1164 2535 est a potentia dei: vbi non constat de opposito: ergo so¬
369 2530 1151 2575 lutio nulla. nec analogia data est pro eo sed in opposi
360 2568 1144 2608 tum. Fide enim constat quod hec est impossibilis: hec essenti
371 2601 1156 2652 diuina non est tres persone: si vero non esset fides: sed
378 2640 1162 2688 certandum foret in lumine naturali: vtique diceremus quod
358 2685 1157 2739 nulla essentia diuina est tres prsone prlonalitur distincte
1206 242 1975 297 ⁋ Tertia etiam solutio nihil valet et petit principium
1211 289 1978 337 oluendo: dicendo hanc necessariani Adam fuit: cum
1200 321 1988 371 argumentum conatur deducere ad oppositum. ⁋ Si
1207 367 1978 416 dicas potest non fuisse ponatur in esse iam colligitur
1207 404 1990 450 quod fuerit ex hypothesi et non fuerit. ⁋ Nonne vides
1208 436 1978 496 hoc argumentum equaliter concludere de antichristo
1204 477 1984 524 futuro: antichristus est futurus. Si dicas machome
1201 513 1982 562 tum antichristum fuisse in persona. Hoc non refert capia¬
1209 546 1985 597 tur aliud futurum contingens vtputa dies iudicii erit
1206 585 1986 635 Adhuc concedes antichristum posse non fore vel quae¬
1206 621 1979 676 libet dies iudicii potest non fore: et illa negatiua posi¬
1204 657 1982 710 ta in esse deponitur eius oppositum: quia cum est obli¬
1212 701 1984 753 gatus tenere vnum oppositorum deobligatus esse a reli¬
1218 741 1987 781 uo nequit: eodem modo diceretur in illis de praeterito.
1222 779 1984 824 ⁋ Ad reliquas rationes huius doctoris non respon
1206 806 1992 860 deo nec ad argumenta posterioris: quia solutio vnius
1212 844 1996 901 est solutio omnium. ⁋ Tertio arguitur pro parte affir¬
1205 885 1986 933 matiua: si ad preteritum nulla esset potentia: sequitur quod
1215 926 1991 975 deus posset fallere: consequens est falsum: ergo a ante¬
1212 958 1987 1009 cedens: et consequentia patet supposito quod deus reuele
1212 993 1987 1047 reuelatione exteriori vel interiori aliquod futurunm
1210 1036 1996 1080 contingens: puta quod petrus negabit Christum: vel quod ga
1214 1063 1988 1122 briel viderit in vbo christum incarnandum: adhuc Petr
1217 1104 1990 1160 potest non negare Christum: et Christus potest non incarnari
1215 1140 2006 1190 quo facto Iacobus habuisset assensum tilsum: quia assentie
1215 1183 1987 1233 bat huic Petrus negabit Christum: illud autem est praeteritum e
1222 1218 1990 1272 necessarium. ⁋ Sed dices: non necessario est reuelatio
1218 1254 2002 1302 vel prophetia: quia illi termini connotant / quod sit de vero:
1218 1283 1994 1338 sed illud iudicium necessario fuit: sed non necessario fuit
1217 1327 1996 1374 significatiuum saltem significans vel necessario illius signi¬
1213 1364 1987 1412 ficati significatiuum. ⁋ Contra. non est possibile illud
1220 1398 2003 1449 iudicium vel illam qualitatem esse in intellectum formali¬
1218 1439 2008 1496 ter quin intellectus per ipsum iudicet: alioquin non
1218 1476 1990 1533 esset discrimen inter actum et habitum. Similiter quod
1217 1512 2010 1566 erit iudicium eiusdem complexi sicut antea erat: patet:
1217 1550 2004 1597 quia si potest esse iudicium sui oppositi tunc iudicium
1217 1585 1997 1636 istius sortes erit potest esse iudicium istius deus est et cu¬
1225 1620 2009 1671 iuslibet alterius propositionis: quod est absurdum.
1227 1657 2002 1717 Si dicatur nolumus. admittere quod deus potest fallere
1221 1698 1997 1746 nec hoc admittit doctor ille contra quem argumentor
1225 1738 2008 1791 Sed sicut dicit quidam doctor quest. xii. sui primi: nulla est
1224 1783 1993 1827 alia via reperibilis: sed tenendo quod ad preteritum est po
1227 1807 2006 1863 tentia nullas patiemur angustias: ergo satius est illud
1227 1850 2002 1900 tenere. malo sic dicere: semper tamen saluo saniori iu
1219 1886 2003 1942 dicio sicut dixi in hac parte in artibus quod ista est disti¬
1235 1919 2003 1977 guenda deus potest facere preteritum non fuisse: vel si
1224 1957 2002 2010 lye potest capiatur in toto ambitu sue ampliationis in
1225 1992 2002 2052 ordine ad presentia et preterita: vt tantum valet quantum
1224 2033 2006 2090 potest et potuit tunc est potentia ad praeteritum: et hoc
1230 2080 1996 2120 nulli cadit in dubium. ⁋ Alio modo secludendo am¬
1223 2105 2006 2164 pliationem ad preteritum: sed figendo obtuitum ad fu
1226 2145 2009 2192 turum sic scilicet quod deus potest facere Adam non fuis¬
1219 2184 1997 2228 se: id est nunc habet potentia et potest facere quod Adam non
1227 2217 2006 2266 fuerit: et sic (quicquid dicant alii) non est mihi impre¬
1228 2254 2002 2304 sentiarum intelligibile quod deus potest facere: et si istud
1225 2292 2002 2344 sit verum non oportet currere ad positiones oppositas nec
1233 2330 2017 2382 dicere naturaliter vel supernaturaliter: de potentia dei
1224 2366 2007 2416 ordinata vel absoluta. ⁋ Et sic propositio de prete¬
1224 2404 2003 2455 rito vera: cuius veritas non dependet ab vna de fu¬
1236 2451 2000 2489 turo contingenti sine signo est necessaria. Dixi cuius ve¬
1225 2488 2014 2528 ritas non dependet ex vna de futuro contingenti: pro¬
1225 2518 2006 2572 pter hac et similes: antichristus fuit futurus: cuius veri¬
1224 2560 2012 2607 tas dependet ab hac autichristus erit. Dicitur vbi non po¬
1225 2591 1999 2639 nebatur signum: propter hanc et similes: Saul fuit omnis
1230 2626 2011 2679 rex israel: que erat vera ante regimen Dauidis: sed
1233 2663 2011 2727 postea falsificabatur: sic de ista. Adam fuit omnis homo:
