2365 3288
252 261 1031 316 gister allegat in litera. sicut Malachie primo. Iacotus
256 310 1027 352 dileci: Esau autem odio habui. cui vult miseretur et quem
256 347 1031 384 vult indurat. Et Augustinus in libro de praedestinatione
252 384 1030 425 sanctorum. et vere satis quadrat Aplus ad Romanos. ix
249 421 1037 465 et istud a plerisque tenetur. Placet aliis quod reprobationis
253 456 1027 502 est aliqua causa: ita quod deus non prius aliquem reproba¬
259 494 1028 540 nisi in eo sit peccatum preuisum. Sed mere gratis praede
258 532 1039 576 stinat. ⁋ Alii autem volunt quod aliquos gratis pradestinat
252 571 1033 609 vt beatam virginem / Joannem baptistam: et sanctificatos in vte
262 608 1031 650 o. Alios autem propter merita praedestinat. ⁋ Ab aliis te
259 643 1024 684 etur quod nec praedestinat aliquem gratis nec sine causa
252 679 1040 718 reprobat: sed quia videt aliquem decessurum in meritis et
250 716 1028 760 in gratia illum praedestinat: quem videt decessurum in peccato mor
246 752 1031 792 tali vel originali ab eterno illum reprobat. ⁋ hec que
246 791 1036 830 stio est altissima quod innuit Apulus dicens. Q altitudo di
234 829 1030 870 uitiarum sapientie et scientie dei: quam incomprehensibilia etc.
226 864 1022 911 ⁋ Ponuntur conclusiones. ⁋ Prima conclusio est: deus
226 897 1027 953 faliquos praedestinat sine eorum meritus. patet de paruulis
238 935 1021 988 baptizatis: vel cum aliis sacramentis mox decedentibus
261 976 1027 1023 ⁋ Quare aliquis praedestinat non proptiobonum vsum liberi
246 1013 1018 1058 arbitrii ( et hec est ratio beati Augustini in de praedestinatio
237 1047 1037 1097 ne sanctorum. Non valet quod propter vsum quem habuissent si
244 1084 1025 1130 vixissent eos praedestinauit: nullus enim / vt palam est) pre¬
234 1123 1036 1169 miatur do meritis quae nuquam factet: sed solum sunt in poten
241 1155 1025 1200 tia ⁋ Sed dices: forte praedestinat istum propter po¬
235 1200 1031 1249 num vsum liberi arbitrii in isto vel in alio hunc baptizan¬
244 1234 989 1277 te: vel quia videt quod iste finaliter decedet in gratia.
246 1275 1028 1314 ⁋ Preterea arguitur: hoc est contra apostolum ad Ro¬
234 1309 1024 1353 manos. viii et ix. dicitur enim ad Romanos. ix. cum enim
238 1350 1031 1386 nondum nati fuissent: aut aliquid egissent boni aut ma¬
234 1380 1031 1423 li: et secundum electionem propositum dei maneret non ex ope¬
243 1419 1024 1463 ribus: sed ex vocante dictum est ei ete. Iacob dilexi:
241 1458 1025 1496 Esau autem odio habui. glosa marginalis: in Iacob noi
240 1492 1025 1540 hil inuenit amandum nisi milericordie sue donum. vuli
238 1526 1025 1574 dicere suum beneplacitum erat causa quare Iacob erat
234 1571 1027 1614 predestinatus. Et interlinearis glo. dicit Malachias
240 1605 1034 1648 dicit de iam praeteritis quod Iacob gratia electus non meri¬
238 1638 1031 1682 to: et ista vltima ratio currit de omnibus praedestinatis.
247 1678 1031 1723 ⁋ Preterea: ordinate volens prius vult finem et postea
238 1719 1031 1757 media ad illum finem: deus est agens ordinatum: et bea¬
238 1750 1025 1794 titudo est finis creaturarum: ergo deus prius natura vult
231 1789 1034 1837 beatitudinem: et postea gratiam / fidem / bonum vsum liberi
234 1825 1024 1868 arbitrii: ergo deus predestinat mere gratis praedest
238 1869 1028 1906 nat vniuersaliter gratia dicit glo. magistralis) / est pre¬
234 1905 1024 1944 destinationis effectus. hoc tenet expresse Magister
231 1936 1034 1981 in hac distin. capi. ii. et patet in Enchiridio. ca. lxviii.
228 1972 1024 2016 ⁋ Secunda conclusio probabilis. Reprobationis est ali
243 2012 1028 2058 qua causa. probatur. deus non est prius vltor quam ali¬
234 2044 1022 2098 quis est peccator: secundum Augustinum super Genelim.
240 2079 1022 2129 xlii. ergo non vult prius prioritate nature aliquem pu¬
235 2124 1025 2165 nire quam sit ille peccator. hoc patet auctoritate Augusti
237 2164 1018 2200 ni in libro de praedestinatione sanctorum: et Magister in litera
235 2194 1028 2239 allegat. ⁋ Preterea ad Romanos. viii. quos praesci-
237 2233 1018 2274 uit et praedestinauit. glosa: non enim sic praeparauit sanctos
237 2271 1025 2314 ad iustitiam percipiendam sicut preparauit iniquos ad
231 2306 1021 2352 iustitiam amittendam: quia prauitatis preparator nunquam
235 2343 1021 2385 fuit. hoc summe notabis in glo. marginali. ⁋ Ter¬
244 2382 1027 2425 tio probatur per Augustinum de praedestinatione contra
226 2418 1021 2460 spelagianos dicentem. deus prescius futurorum non per¬
234 2453 1025 2503 sonarum acceptione: sed iudicio equitatis quosque mise
235 2498 1022 2536 ricordia gratuita predestinat ad vitam eternam: cete¬
241 2535 1019 2569 ros autem debita pena punit: quos ideo punit: quia
231 2566 1029 2609 quid essent futuri prescuit. Sequitur. iudam enim
226 2603 1025 2643 cum presciuisset deus in vitiis poprie voluntatis pessi¬
228 2641 1024 2687 mum fore et electione discipulatus mala vsurum: penam
235 2678 1032 2728 ti predestinauit ex merito: et tandem concludit quod hec re¬
1102 249 1911 325 gula inconcusse tenenda est: peccatores in peccatis pre¬
1098 303 1882 356 icitos esse non predestinatos: penam aut esse prepara¬
1099 347 1884 392 tam: sed quod presciti sunt: et ponitur in glora super illud.
1098 382 1802 424 Ad Romanos octauo. nam quosque vocauit. etc
1098 416 1879 459 ⁋ hoc etiam patet. xxiii. quest. iiii. capi. Nabucho¬
1108 458 1877 494 lonosor. o. cum vero: cum vero aliquos a deo autem tradi¬
1104 494 1880 533 tos desideriis suis: aut obduratos legimus aut reli¬
1093 532 1880 581 ctos magnis pectis suis / hoc ipsos meruisse profite¬
1096 570 1879 613 mur: quia talia eorum crimina precesserunt: vt ipi sibi pe¬
1102 603 1883 643 nam debuerint: qua eis etia supplicium verteretur in
1099 642 1895 688 reatum: atque neque de iudicio dei querimur quo deserit
1099 678 1904 730 meritos deseri: et misericordie eius gratias agimus t
1104 718 1883 759 qua liberat meritos liberari. Et sequitur. vires vtique
1092 754 1867 794 obedientie non ideo cuiquam subtraxit quia eum non pre¬
1101 790 1883 831 destinauit: sed ideo eum non predestinauit: quia recessu¬
1092 826 1870 869 rum ab ipsa obedientia preuidit. ⁋ Preterea hic mo
1101 861 1873 904 dus plebi et populo satisfacit: esto quod a celebribus vi¬
1098 900 1889 944 ris teneatur oppositum probabiliter. cum plerique famati
1111 939 1889 976 iri hanc viam insequantur: non videtur esse periculum
1098 975 1883 1024 qui non certitudinaliter constat de opposito: et vtrinque
1105 1003 1879 1054 criptura sacra exponitur. ⁋ Contra primam conclusio¬
1099 1047 1880 1088 nem arguitur: ex ea sequitur quod deus est acceptor prsonarum
1098 1084 1888 1125 contra batantum Lucam Actuum. x. patet: quia praedestinauit Iacob
1110 1121 1877 1161 t non Esau. ⁋ Pretetea praedestinatio includit ele¬
1105 1161 1889 1203 ctionem iuxta illud ad Ephesios primo. Elegit nos an¬
1101 1194 1880 1234 te mundi constitutionem: sed electio non est inter equa¬
1098 1233 1879 1273 les omnino: ergo inter electos et non electos reperitur
1098 1270 1889 1314 diuersitas propter quam isti eliguntur et non illi. ⁋ Ad
1095 1306 1879 1352 primum nego consequentiam. deus enim nulli obligatur: sed bea
1092 1344 1879 1387 tus Lucas dicit ad illud propositum: quod deus non vult solum
1105 1379 1888 1427 udeos saluos: sed grecos et alios gentiles. patet con
1104 1417 1882 1460 sideranti literam. ⁋ Ad secundum dicitur electio bifa¬
1101 1453 1882 1499 riam accipitur. Uno modo specialiter prout sequitur de
1092 1491 1883 1531 liberationem et sententiam consilii: sicut Aristoteles
1101 1529 1880 1567 definit tertio Ethicorum. Electio est desiderium consilia¬
1098 1566 1889 1605 bile. et talis non cadit inter penitus equalia ante consi¬
1092 1602 1886 1643 lium scita esse talia. Alio modo electio capitur pro libe
1099 1636 1874 1678 ra acceptione vnius ante alterum: et potest esse inter
1095 1673 1879 1717 equales. patet de episcopo conferente beneficium alteri
1093 1712 1879 1753 duorum equalium. ⁋ Secundo arguitur: agens vniuer¬
1098 1746 1877 1791 sale agit in omne quod non habet impedimentum. patet
1093 1785 1880 1827 de sole: sed deus est agens vniuersale qui solem suum facit
1098 1825 1873 1863 oriri super bonos et malos: et per consequens omnibus
1092 1861 1873 1902 dat gratiam: et quemlibet praedestinat nisi in eo reperiat
1102 1897 1886 1941 impedimentum. ⁋ Insuper posita gratia finali in ali¬
1099 1934 1883 1977 quo ille est predestinatus: a gratia finali non posita ta¬
1102 1965 1876 2016 lis non est predestinatus: ergo preuisio finalis gratie
1095 2007 1874 2050 est causa praedestinationis. ⁋ Ad primum istorum dicitur
1098 2044 1877 2085 quod maior est falsa in agente libero. patet in exemplo Apo
1099 2083 1873 2124 stoli de figulo. ⁋ Ad aliud distinguo illam de abla¬
1102 2114 1877 2163 tiuo. Vel si exponatur per si: et sic concedo. loquendo
1104 2158 1871 2204 de lege ordiata sic si exponitur per dum. Si exponatur
1104 2195 1867 2238 per quia et sic nego hanc causalem: sed hanc causalem concedo
1101 2232 1873 2277 quia sortes est predestinatus sortes discedet finaliter in
1095 2266 1880 2313 gratia. primum tamen in intentione est vltimum in exe¬
1089 2311 1874 2347 cutione. Ita hic imaginaberis in praedestinatione si¬
1090 2342 1877 2384 cut est secundum legem communem in beneficiis: quod nullus
1105 2385 1876 2421 romoueatur ad episcopatum nisi fuerit dignus et do¬
1092 2418 1873 2458 ctus: et sacerdos diaconus et ita de aliis ordinibus.
1101 2453 1880 2495 t supposito quod sit in potestate mea omnia ista conferre
1096 2490 1874 2531 concurrente libero arbitrio hominis: tunc si sortes puer
1093 2533 1867 2570 mihi offeratur per intellectum ego ex gratuita volunta¬
1086 2569 1868 2612 te intendo a volo ex nunc dare ei pro tali tempore a epi
1087 2602 1876 2650 scopatum: et quia iuxta leges positas exigitur quod sit sa¬
1096 2638 1868 2683 cerdos: ideo volo ipsum promoueri ad sacerdotium.
1092 2673 1877 2724 et quia ad hoc peruenitur per diaconatum / subdiacona¬
