2374 3317
36 1089 463 1221 ilxib es hiod
58 1203 317 1286 Pytum: vphu v
378 1259 446 1325 Test
42 1255 382 1340 asltet ex cone. Pr
1078 190 1352 300 pploroia.
634 261 1963 378 loatines hesalor professorum ⁋leologis tiimus et domino
637 362 1970 449 eorgio epburnensi laudatissimm ecenobum de pxbrothi ab¬
659 427 1957 526 bati dignissimo: eodc serenissimi ccotorum regis a secretis pru
663 490 1658 576 dentissimo ac fidelissimo cum obseruantia. S.
990 554 2122 651 onimam antio superiore pater cum primis veneran
991 624 2119 699 de: elucindatiunculas quasdam on ab auditoribus non
993 680 2117 765 stris quotindiano ferme conuincio eftlagitatas in quar
992 744 2122 846 tum magistri sententiarum cum earu qualibuscunque
984 814 2120 905 decisionibus questiunculas emisimuoremissas expla
993 883 2110 957 auimus: explanatasque studiosis theologine aluminis in
992 938 2122 1031 lioestissimo preslontisacuti apud arxlusios collegior
988 1010 2128 1092 domo milum nutrince semperque cum veneratione nomin
915 1035 996 1134 a
972 1066 2122 1163 nanda: sub magistro nostro patale Deda: eiusdem col¬
503 1133 2116 1232 legii primario quoc vigilantissimo doctissimo: vel eo absente sub magistro
491 1187 2122 1276 hsicolao hnsclio  reuero: viro sane docto: fructifere disputatimonis examine
496 1256 2125 1342 discutiendas subministrauimius: eorundem aliorumque quim meas non nihisi sa
490 1333 2116 1421 ciunt sucubratiunculaoroc oppoxtunis otc importunis bortationibus es pre¬
491 1386 2118 1482 cibus euinctus: pritum praefatim magistri sententiarum nostra theologinca bssi¬
484 1466 2115 1531 nerua vtcunque elucindatum exire permisi in tuum patex lionorande: optatissi¬
485 1528 2119 1606 mum onc tutissimum sinum. quem vt tuae veneratioum nuncupatum beniuole
475 1581 2110 1679 suscipias malorem in modum obsecro. hon enim est cuim mea quantulacumqu
484 1638 2112 1748 sint dicare oc praescribere aut lubentius velim autem iustius possim:tum proter
490 1710 2115 1798 prudentissimam humanitatem tuam: tunm propter incunabulorum nostro¬
482 1784 2110 1866 rum coniunctionem argctissimam. v sex etetumm ab llalis: domo cessituditus tue
478 1844 2120 1922 altrince: ter mille natus oc educatus sum passibus. Sines ingitr tanc quoqui opellam
475 1902 2119 2001 tiostram praeclare bibliotlieca tua accedere: nosque dignaberis dedititiorunmi
475 1972 2106 2057 cuorum consortio ascribere. vale let hslonteacuto ad septimum calendas sa
485 2043 2106 2118 nuarias: quam no salutis nostre hysillesimo Quingentesimo poono. smpressit au¬
488 2091 1233 2183 tem iam hadius Ititio hesp conchso.
825 2162 1589 2231 ialogus demateria Lheologo tractanda.
571 2192 2008 2300 hialogus inter duos famator viros magistrum Sauuinum ouglaiseum virum non
571 2270 2011 2346 rminus eruditum quae nobilem: ecclesiaem beati Aegidii Edinburgensis pefectum: eue magistrum
572 2320 2008 2395 hauidem Crenstonem in sacra theosophia baccalaureum formatum optime meritum.
726 2374 781 2429 zaes
802 2376 2097 2459 lue praesecte dignissime. S. dalue eue tum vir charissime. ded quae te huc asfla¬
520 2369 697 2474 hmera
811 2441 2112 2515 uit auraldere enim oratum vt de re literaria tecum comminiscar exotare vt nos
815 2498 2095 2574 visas non potui. D. homon voluntas: sed facultas parendi defuit: verum eam ob rem
804 2542 2110 2609 nunc vltro aduenio. d cptata loqueris. hoc triduo primum sententiarum tma¬
502 2504 670 2637 ifeti¬
808 2592 2106 2659 gistri nostri bsaioris legi quem iamiam emisit in auras: quem permonitum ve
478 2603 798 2714 ⁋lihesumcat
792 2651 2106 2709 lim vt relictis selolicis exercitiis natale solum repetat: atque illic vineamdo¬
467 2708 2109 2784 tminicam colat: es concionando semina euangelica: vnde optimos sructus anima fidelium demetant
461 2753 2099 2850 late longeque dispergat. hlid quidem se aliquand facturum proponit: sed interea temporis ab hoc munere
