<?xml version="1.0" encoding="UTF-8" standalone="yes"?>
<PcGts xmlns="http://schema.primaresearch.org/PAGE/gts/pagecontent/2013-07-15" xmlns:xsi="http://www.w3.org/2001/XMLSchema-instance" xsi:schemaLocation="http://schema.primaresearch.org/PAGE/gts/pagecontent/2013-07-15 http://schema.primaresearch.org/PAGE/gts/pagecontent/2013-07-15/pagecontent.xsd">
    <Metadata>
        <Creator>prov=University of Rostock/Institute of Mathematics/CITlab|PLANET AI GmbH/Gundram Leifert/gundram.leifert@planet-ai.de:name=cod-jmUUUK-m6(htr_id=25403)::::v=2.6.6
prov=University of Rostock/Institute of Mathematics/CITlab|PLANET AI GmbH/Tobias Gruening/tobias.gruening@planet-ai.de:name=de.uros.citlab.module.baseline2polygon.B2PSeamMultiOriented:v=2.6.6
prov=University of Rostock/Institute of Mathematics/CITlab|PLANET AI GmbH/Tobias Gruening/tobias.gruening@planet-ai.de:name=/net_tf/LA73_249_0mod360.pb:de.uros.citlab.segmentation.CITlab_LA_ML:v=2.6.6
Transkribus</Creator>
        <Created>2020-06-18T16:55:20.402+02:00</Created>
        <LastChange>2020-07-28T03:16:55.593+02:00</LastChange>
        <TranskribusMetadata docId="415252" pageId="16480790" pageNr="14" tsid="35513410" status="IN_PROGRESS" userId="25065" imgUrl="https://files.transkribus.eu/Get?id=YDPTTRVGQOCVQBVFAVWDBIMP&amp;fileType=view" xmlUrl="https://files.transkribus.eu/Get?id=OSUHWSZXQYSKVYUAWBVOXDZY" imageId="12274600"/>
    </Metadata>
    <Page imageFilename="13.jpg" imageWidth="2408" imageHeight="3307">
        <ReadingOrder>
            <OrderedGroup id="ro_1595939689478" caption="Regions reading order">
                <RegionRefIndexed index="0" regionRef="r1"/>
                <RegionRefIndexed index="1" regionRef="r2"/>
                <RegionRefIndexed index="2" regionRef="r3"/>
            </OrderedGroup>
        </ReadingOrder>
        <TextRegion orientation="0.0" id="r1" custom="readingOrder {index:0;}">
            <Coords points="461,213 461,2404 1263,2404 1263,213"/>
            <TextLine id="r1l1" custom="readingOrder {index:0;}">
                <Coords points="828,247 858,247 867,256 886,245 921,249 932,241 954,241 969,248 968,191 953,186 941,195 925,185 905,188 891,200 854,180 847,186 827,186"/>
                <Baseline points="833,236 859,235 885,234 911,234 937,233 963,234"/>
                <TextEquiv>
                    <Unicode>abula</Unicode>
                </TextEquiv>
            </TextLine>
            <TextLine id="r1l2" custom="readingOrder {index:1;}">
                <Coords points="637,350 1252,349 1246,302 637,303"/>
                <Baseline points="642,339 672,338 702,338 732,336 763,336 793,336 823,336 853,336 884,336 914,338 944,338 974,338 1005,338 1035,338 1065,338 1095,338 1126,339 1156,339 1186,339 1216,339 1247,338"/>
                <TextEquiv>
                    <Unicode>Allemereti per infinitum tempus non es</Unicode>
                </TextEquiv>
            </TextLine>
            <TextLine id="r1l3" custom="readingOrder {index:2;}">
                <Coords points="634,390 1253,388 1253,348 634,350"/>
                <Baseline points="639,380 669,380 699,378 730,378 760,378 791,378 821,377 852,377 882,377 913,377 943,377 973,377 1004,377 1034,377 1065,378 1095,378 1126,378 1156,378 1187,378 1217,378 1248,378"/>
                <TextEquiv>
                    <Unicode>rmetitotium. po. hyii. co. iiii. . hviii. co. i.</Unicode>
                </TextEquiv>
            </TextLine>
            <TextLine id="r1l4" custom="readingOrder {index:3;}">
                <Coords points="646,424 1249,431 1249,388 1210,385 646,388"/>
                <Baseline points="651,417 680,417 710,417 739,417 769,417 799,417 828,418 858,419 888,419 917,420 947,420 977,420 1006,420 1036,422 1066,421 1095,420 1125,420 1155,419 1184,419 1214,416 1244,414"/>
                <TextEquiv>
                    <Unicode>vu eniale non tollit peratiam. folev. co. pertirna</Unicode>
                </TextEquiv>
            </TextLine>
            <TextLine id="r1l5" custom="readingOrder {index:4;}">
                <Coords points="558,454 563,455 579,445 585,448 588,446 593,449 596,447 607,451 616,417 607,416 585,379 577,377"/>
                <Baseline points="567,438 603,447"/>
                <TextEquiv>
                    <Unicode>at</Unicode>
                </TextEquiv>
            </TextLine>
            <TextLine id="r1l6" custom="readingOrder {index:5;}">
                <Coords points="612,473 1255,477 1239,430 612,428"/>
                <Baseline points="617,453 648,453 680,455 711,455 743,455 775,456 806,456 838,456 870,456 901,456 933,456 965,456 996,456 1028,456 1060,456 1091,458 1123,458 1155,458 1186,458 1218,459 1250,459"/>
                <TextEquiv>
                    <Unicode>quam venialia nen componunt mortale. so. hv</Unicode>
                </TextEquiv>
            </TextLine>
            <TextLine id="r1l7" custom="readingOrder {index:6;}">
                <Coords points="570,514 626,513 681,501 695,513 721,504 736,505 744,514 765,504 775,510 781,508 781,463 676,470 620,488 590,478 570,489"/>
                <Baseline points="575,495 600,498 625,500 650,498 675,498 700,498 725,497 750,497 776,500"/>
                <TextEquiv>
                    <Unicode>nu con teitia.</Unicode>
                </TextEquiv>
            </TextLine>
            <TextLine id="r1l8" custom="readingOrder {index:7;}">
                <Coords points="462,547 939,548 949,507 901,519 873,502 774,516 462,512"/>
                <Baseline points="467,539 492,539 517,539 542,539 567,539 592,539 617,539 642,538 667,537 692,537 718,538 743,539 768,539 793,539 818,539 843,539 868,539 893,539 918,540 944,540"/>
                <TextEquiv>
                    <Unicode>eritas theologica qua sit. fo. vii</Unicode>
                </TextEquiv>
            </TextLine>
            <TextLine id="r1l9" custom="readingOrder {index:8;}">
                <Coords points="465,589 1255,592 1256,543 465,549"/>
                <Baseline points="470,579 509,579 548,579 587,578 626,578 665,578 704,578 743,578 782,578 821,578 860,578 899,578 938,578 977,579 1016,579 1055,579 1094,579 1133,581 1172,581 1211,582 1250,582"/>
                <TextEquiv>
                    <Unicode>beritaa secundm teales est tespectus rationis. fo. viii. co. niii</Unicode>
                </TextEquiv>
            </TextLine>
            <TextLine id="r1l10" custom="readingOrder {index:9;}">
                <Coords points="468,630 1249,637 1263,591 468,589"/>
                <Baseline points="473,620 512,620 551,618 590,618 629,618 669,618 708,618 747,618 786,618 825,618 865,618 904,618 943,619 982,620 1021,620 1061,620 1100,620 1139,621 1178,621 1217,621 1257,621"/>
                <TextEquiv>
                    <Unicode>eritas on falsitas seunm eosdem in comparatione intel</Unicode>
                </TextEquiv>
            </TextLine>
            <TextLine id="r1l11" custom="readingOrder {index:10;}">
                <Coords points="460,668 804,667 796,628 533,635 490,624 479,633 459,620"/>
                <Baseline points="465,659 490,659 516,660 541,660 567,660 593,660 618,659 644,659 669,659 695,659 721,658 746,657 772,657 798,657"/>
                <TextEquiv>
                    <Unicode>lectus consistit. ibidem.</Unicode>
                </TextEquiv>
            </TextLine>
            <TextLine id="r1l12" custom="readingOrder {index:11;}">
                <Coords points="469,709 1184,713 1184,671 1121,658 984,677 469,668"/>
                <Baseline points="474,699 509,699 544,699 579,699 615,699 650,699 685,699 720,699 756,699 791,699 826,699 861,698 897,698 932,698 967,698 1002,698 1038,698 1073,698 1108,699 1143,699 1179,699"/>
                <TextEquiv>
                    <Unicode>eritas simpliciter est propositio vera. fo. ii. co. i.</Unicode>
                </TextEquiv>
            </TextLine>
            <TextLine id="r1l13" custom="readingOrder {index:12;}">
                <Coords points="461,746 1249,752 1242,698 1076,726 462,708"/>
                <Baseline points="467,738 505,738 544,739 583,740 622,740 661,740 700,740 738,738 777,738 816,738 855,738 894,738 933,738 972,738 1010,738 1049,738 1088,738 1127,740 1166,740 1205,741 1244,741"/>
                <TextEquiv>
                    <Unicode>veritas theologica multifatiam capitur. fo. xco. iiii</Unicode>
                </TextEquiv>
            </TextLine>
            <TextLine id="r1l14" custom="readingOrder {index:13;}">
                <Coords points="465,795 1262,800 1262,764 1190,745 465,747"/>
                <Baseline points="470,780 509,780 548,779 588,779 627,779 666,779 706,778 745,777 784,777 824,777 863,779 902,779 942,779 981,779 1020,779 1060,780 1099,780 1138,780 1178,782 1217,782 1257,782"/>
                <TextEquiv>
                    <Unicode>v eritates theologice non simnt semper fidectedende. fo¬</Unicode>
                </TextEquiv>
            </TextLine>
            <TextLine id="r1l15" custom="readingOrder {index:14;}">
                <Coords points="472,828 641,827 655,840 689,827 752,833 751,797 588,801 472,793"/>
                <Baseline points="477,821 503,821 530,821 557,821 584,821 611,821 638,822 665,821 692,821 719,820 746,819"/>
                <TextEquiv>
                    <Unicode>vii. columna ptima</Unicode>
                </TextEquiv>
            </TextLine>
            <TextLine id="r1l16" custom="readingOrder {index:15;}">
                <Coords points="467,866 1264,877 1264,825 1219,818 467,829"/>
                <Baseline points="473,860 512,860 551,860 590,860 630,860 669,860 708,860 748,858 787,858 826,858 866,858 905,858 944,858 983,858 1023,858 1062,858 1101,859 1141,860 1180,861 1219,862 1259,864"/>
                <TextEquiv>
                    <Unicode>eritati propositionis non sufficit quod cvtrema pro eodem</Unicode>
                </TextEquiv>
            </TextLine>
            <TextLine id="r1l17" custom="readingOrder {index:16;}">
                <Coords points="459,908 1017,910 1039,908 1039,867 963,882 883,865 459,870"/>
                <Baseline points="464,900 492,900 521,900 549,900 578,900 606,900 635,900 663,900 692,899 720,899 749,899 777,899 806,898 834,897 863,897 891,897 920,897 948,897 977,899 1005,899 1034,900"/>
                <TextEquiv>
                    <Unicode>supponant. fo. Aii. co. iiii. o. hxiii. co. ii</Unicode>
                </TextEquiv>
            </TextLine>
            <TextLine id="r1l18" custom="readingOrder {index:17;}">
                <Coords points="456,943 1255,951 1244,900 456,909"/>
                <Baseline points="461,941 500,939 539,938 579,938 618,938 658,936 697,936 737,936 776,938 816,938 855,938 894,938 934,939 973,939 1013,941 1052,941 1092,942 1131,942 1171,942 1210,944 1250,944"/>
                <TextEquiv>
                    <Unicode>vetula duridam mentita est vel non plene appereheri¬</Unicode>
                </TextEquiv>
            </TextLine>
            <TextLine id="r1l19" custom="readingOrder {index:18;}">
                <Coords points="456,988 1263,1006 1262,948 456,949"/>
                <Baseline points="461,980 500,980 540,980 580,980 620,980 660,980 699,978 739,978 779,978 819,978 859,978 898,977 938,977 978,977 1018,977 1058,978 1097,978 1137,978 1177,980 1217,981 1257,983"/>
                <TextEquiv>
                    <Unicode>dit terminos dubitans an deus potest facete eam esse coer</Unicode>
                </TextEquiv>
            </TextLine>
            <TextLine id="r1l20" custom="readingOrder {index:19;}">
                <Coords points="472,1030 508,1027 521,1037 608,1026 627,1035 690,1024 740,1037 758,1026 830,1026 830,999 821,998 728,1006 686,1001 667,986 511,980 492,997 472,996"/>
                <Baseline points="477,1020 503,1020 530,1020 557,1020 584,1020 610,1020 637,1020 664,1020 691,1020 717,1020 744,1020 771,1020 798,1020 825,1020"/>
                <TextEquiv>
                    <Unicode>non esse. fo. vii. co. prima</Unicode>
                </TextEquiv>
            </TextLine>
            <TextLine id="r1l21" custom="readingOrder {index:20;}">
                <Coords points="465,1067 1264,1070 1253,1024 465,1029"/>
                <Baseline points="471,1056 510,1058 549,1059 589,1061 628,1061 668,1061 707,1061 746,1061 786,1061 825,1061 865,1059 904,1059 943,1059 983,1059 1022,1058 1062,1058 1101,1059 1140,1059 1180,1059 1219,1061 1259,1062"/>
                <TextEquiv>
                    <Unicode>iator est qui est in statu merendi conr demerendi. folio. i.</Unicode>
                </TextEquiv>
            </TextLine>
            <TextLine id="r1l22" custom="readingOrder {index:21;}">
                <Coords points="754,1112 760,1111 762,1106 764,1105 768,1104 772,1107 778,1106 771,1076 767,1077 765,1079 756,1078 755,1080 746,1082"/>
                <Baseline points="756,1101 771,1097"/>
                <TextEquiv>
                    <Unicode>r v</Unicode>
                </TextEquiv>
            </TextLine>
            <TextLine id="r1l23" custom="readingOrder {index:22;}">
                <Coords points="465,1109 544,1109 563,1117 602,1108 727,1111 727,1075 715,1072 540,1079 465,1064"/>
                <Baseline points="470,1098 495,1100 520,1100 545,1101 570,1101 596,1101 621,1100 646,1100 671,1100 696,1100 722,1101"/>
                <TextEquiv>
                    <Unicode>columna secunda</Unicode>
                </TextEquiv>
            </TextLine>
            <TextLine id="r1l24" custom="readingOrder {index:23;}">
                <Coords points="462,1144 1220,1161 1266,1148 1266,1090 1155,1116 462,1108"/>
                <Baseline points="467,1139 506,1140 546,1140 585,1140 625,1140 665,1139 704,1139 744,1139 784,1139 823,1139 863,1139 903,1139 942,1139 982,1139 1022,1139 1061,1139 1101,1140 1141,1140 1180,1140 1220,1140 1260,1140"/>
                <TextEquiv>
                    <Unicode>iator potest de vetitatibus aliquibus theologicis csed </Unicode>
                </TextEquiv>
            </TextLine>
            <TextLine id="r1l25" custom="readingOrder {index:24;}">
                <Coords points="457,1186 1264,1204 1264,1149 457,1147"/>
                <Baseline points="462,1178 501,1179 541,1179 581,1179 621,1181 661,1181 701,1181 740,1179 780,1179 820,1179 860,1179 900,1179 940,1179 980,1179 1019,1179 1059,1179 1099,1179 1139,1180 1179,1181 1219,1181 1259,1184"/>
                <TextEquiv>
                    <Unicode>non de omnibus) habere notitiam euidentem maiorem</Unicode>
                </TextEquiv>
            </TextLine>
            <TextLine id="r1l26" custom="readingOrder {index:25;}">
                <Coords points="464,1226 545,1226 584,1235 616,1226 641,1237 654,1226 684,1232 698,1229 699,1196 676,1187 651,1198 623,1187 607,1193 593,1188 572,1199 559,1189 533,1188 519,1196 501,1185 465,1186"/>
                <Baseline points="470,1218 497,1217 525,1217 553,1218 581,1220 609,1220 637,1221 665,1221 693,1220"/>
                <TextEquiv>
                    <Unicode>fide. so. vii. co. ii.</Unicode>
                </TextEquiv>
            </TextLine>
            <TextLine id="r1l27" custom="readingOrder {index:26;}">
                <Coords points="471,1269 1262,1279 1262,1222 471,1228"/>
                <Baseline points="476,1257 515,1259 554,1259 593,1259 632,1259 671,1259 710,1259 749,1259 788,1259 827,1259 866,1259 905,1259 944,1259 983,1259 1022,1259 1061,1259 1100,1259 1139,1260 1178,1260 1217,1260 1257,1262"/>
                <TextEquiv>
                    <Unicode>b irtus an per per se motum acquitatur. fo. hiiiii. co. i.</Unicode>
                </TextEquiv>
            </TextLine>
            <TextLine id="r1l28" custom="readingOrder {index:27;}">
                <Coords points="474,1307 1258,1311 1258,1266 475,1267"/>
                <Baseline points="480,1298 518,1298 557,1299 595,1299 634,1299 673,1299 711,1299 750,1299 789,1299 827,1299 866,1299 905,1299 943,1299 982,1299 1021,1299 1059,1299 1098,1299 1137,1300 1175,1301 1214,1302 1253,1302"/>
                <TextEquiv>
                    <Unicode>b ittutes diligi propter se dupliciter intelligitur. folio</Unicode>
                </TextEquiv>
            </TextLine>
            <TextLine id="r1l29" custom="readingOrder {index:28;}">
                <Coords points="468,1349 530,1348 542,1356 557,1346 625,1352 642,1345 651,1353 763,1346 763,1313 739,1309 700,1319 658,1318 642,1308 535,1318 524,1309 498,1317 468,1311"/>
                <Baseline points="473,1338 498,1340 524,1340 550,1340 576,1340 602,1340 628,1338 654,1338 680,1337 706,1337 732,1337 758,1338"/>
                <TextEquiv>
                    <Unicode>pii. columna tertia</Unicode>
                </TextEquiv>
            </TextLine>
            <TextLine id="r1l30" custom="readingOrder {index:29;}">
                <Coords points="467,1385 1253,1391 1240,1338 468,1348"/>
                <Baseline points="473,1379 511,1379 550,1379 589,1379 628,1379 666,1379 705,1379 744,1379 783,1379 821,1379 860,1379 899,1379 938,1379 976,1379 1015,1379 1054,1379 1093,1380 1131,1381 1170,1382 1209,1383 1248,1385"/>
                <TextEquiv>
                    <Unicode>v irtutibus nemo male vtitur effectiue. so. heiiii. col. in</Unicode>
                </TextEquiv>
            </TextLine>
            <TextLine id="r1l31" custom="readingOrder {index:30;}">
                <Coords points="472,1430 980,1432 980,1391 811,1403 686,1384 556,1400 471,1386"/>
                <Baseline points="477,1419 503,1419 529,1419 555,1419 581,1418 608,1418 634,1418 660,1418 686,1418 712,1418 739,1418 765,1418 791,1418 817,1418 843,1418 870,1418 896,1418 922,1418 948,1419 975,1419"/>
                <TextEquiv>
                    <Unicode>bisio an siat in instanti. to. liii. co. i.</Unicode>
                </TextEquiv>
            </TextLine>
            <TextLine id="r1l32" custom="readingOrder {index:31;}">
                <Coords points="467,1471 1258,1473 1240,1422 468,1428"/>
                <Baseline points="473,1458 512,1458 551,1458 590,1458 629,1458 668,1458 707,1458 746,1458 785,1458 824,1458 863,1458 902,1458 941,1460 980,1460 1019,1460 1058,1461 1097,1461 1136,1462 1175,1463 1214,1463 1253,1464"/>
                <TextEquiv>
                    <Unicode>u mbra diminuitur ad auomentum luminosi. folio</Unicode>
                </TextEquiv>
            </TextLine>
            <TextLine id="r1l33" custom="readingOrder {index:32;}">
                <Coords points="466,1509 583,1503 678,1506 691,1516 785,1505 785,1477 759,1470 679,1479 572,1467 540,1481 466,1470"/>
                <Baseline points="471,1500 496,1500 522,1500 548,1500 574,1500 599,1500 625,1500 651,1500 677,1500 702,1500 728,1500 754,1500 780,1500"/>
                <TextEquiv>
                    <Unicode>lti. columna quarta¬</Unicode>
                </TextEquiv>
            </TextLine>
            <TextLine id="r1l34" custom="readingOrder {index:33;}">
                <Coords points="459,1546 1249,1558 1249,1517 1163,1503 459,1507"/>
                <Baseline points="464,1536 503,1538 542,1539 581,1539 620,1541 659,1541 698,1541 737,1541 776,1541 815,1541 854,1541 893,1541 932,1541 971,1541 1010,1541 1049,1541 1088,1542 1127,1544 1166,1544 1205,1546 1244,1548"/>
                <TextEquiv>
                    <Unicode>nio non distineuitur a re vnita fo. &amp;ci. columna prima</Unicode>
                </TextEquiv>
            </TextLine>
            <TextLine id="r1l35" custom="readingOrder {index:34;}">
                <Coords points="462,1583 1234,1602 1258,1601 1259,1564 462,1548"/>
                <Baseline points="467,1577 506,1577 545,1577 584,1578 624,1578 663,1578 702,1578 742,1578 781,1580 820,1580 860,1580 899,1580 938,1580 977,1581 1017,1581 1056,1581 1095,1581 1135,1583 1174,1583 1213,1583 1253,1584"/>
                <TextEquiv>
                    <Unicode>nitas praedicamentalis non distinguitur a te vna. fo.</Unicode>
                </TextEquiv>
            </TextLine>
            <TextLine id="r1l36" custom="readingOrder {index:35;}">
                <Coords points="459,1628 551,1626 574,1637 652,1623 663,1633 682,1623 712,1634 815,1628 815,1590 805,1588 746,1597 728,1587 629,1585 594,1597 563,1585 522,1598 459,1584"/>
                <Baseline points="464,1619 490,1620 517,1620 543,1620 570,1620 597,1619 623,1619 650,1619 676,1619 703,1619 730,1619 756,1619 783,1619 810,1620"/>
                <TextEquiv>
                    <Unicode>hxe vii. co. ii. o sequenti.</Unicode>
                </TextEquiv>
            </TextLine>
            <TextLine id="r1l37" custom="readingOrder {index:36;}">
                <Coords points="456,1663 1228,1682 1249,1680 1250,1622 456,1627"/>
                <Baseline points="461,1658 500,1658 539,1658 578,1658 617,1659 656,1659 695,1659 735,1659 774,1659 813,1659 852,1659 891,1659 930,1659 969,1660 1009,1661 1048,1661 1087,1662 1126,1662 1165,1663 1204,1664 1244,1665"/>
                <TextEquiv>
                    <Unicode>vnitas dei non est euidenter nota in lumine naturali</Unicode>
                </TextEquiv>
            </TextLine>
            <TextLine id="r1l38" custom="readingOrder {index:37;}">
                <Coords points="465,1707 717,1705 758,1716 850,1707 850,1668 700,1677 662,1665 619,1676 582,1664 465,1664"/>
                <Baseline points="470,1698 495,1698 520,1697 545,1697 570,1697 595,1697 620,1697 645,1697 670,1697 695,1697 720,1698 745,1698 770,1698 795,1700 820,1700 845,1701"/>
                <TextEquiv>
                    <Unicode>folio. xxi. columna prtima</Unicode>
                </TextEquiv>
            </TextLine>
            <TextLine id="r1l39" custom="readingOrder {index:38;}">
                <Coords points="459,1742 1238,1769 1262,1766 1263,1713 459,1706"/>
                <Baseline points="464,1736 503,1736 543,1736 582,1737 622,1737 662,1737 701,1739 741,1739 781,1739 820,1740 860,1740 900,1740 939,1742 979,1742 1019,1742 1058,1743 1098,1743 1138,1743 1177,1745 1217,1745 1257,1745"/>
                <TextEquiv>
                    <Unicode> nitas scientie attenditur penes vnitatem subiecti at¬</Unicode>
                </TextEquiv>
            </TextLine>
            <TextLine id="r1l40" custom="readingOrder {index:39;}">
                <Coords points="459,1783 904,1792 898,1748 864,1760 824,1746 692,1746 680,1758 655,1744 460,1743"/>
                <Baseline points="464,1776 489,1776 515,1776 540,1776 566,1778 591,1778 617,1778 643,1778 668,1778 694,1779 719,1779 745,1779 771,1779 796,1779 822,1781 847,1781 873,1782 899,1782"/>
                <TextEquiv>
                    <Unicode>tributionis. fo. xvii. co. prirma.</Unicode>
                </TextEquiv>
            </TextLine>
            <TextLine id="r1l41" custom="readingOrder {index:40;}">
                <Coords points="461,1825 1258,1841 1258,1791 1222,1786 462,1787"/>
                <Baseline points="467,1817 506,1817 545,1817 584,1818 624,1818 663,1818 702,1818 742,1820 781,1820 820,1820 860,1820 899,1821 938,1821 977,1822 1017,1823 1056,1823 1095,1824 1135,1824 1174,1824 1213,1826 1253,1827"/>
                <TextEquiv>
                    <Unicode>vnum est transcendens otr dequolibet dicitur. Eolio</Unicode>
                </TextEquiv>
            </TextLine>
            <TextLine id="r1l42" custom="readingOrder {index:41;}">
                <Coords points="460,1868 646,1868 656,1864 656,1824 635,1828 572,1822 563,1829 547,1824 485,1834 460,1826"/>
                <Baseline points="465,1857 491,1857 518,1857 544,1857 571,1857 597,1857 624,1857 651,1857"/>
                <TextEquiv>
                    <Unicode>hxe: vii. co. i.</Unicode>
                </TextEquiv>
            </TextLine>
            <TextLine id="r1l43" custom="readingOrder {index:42;}">
                <Coords points="460,1902 998,1905 1150,1928 1208,1916 1209,1862 460,1868"/>
                <Baseline points="465,1895 501,1896 538,1896 575,1897 612,1898 649,1898 686,1898 723,1898 760,1899 797,1899 834,1899 870,1899 907,1899 944,1901 981,1901 1018,1901 1055,1902 1092,1904 1129,1905 1166,1905 1203,1907"/>
                <TextEquiv>
                    <Unicode>vnum tripliciter capitur. fo. hexxvii. co. ii. quod sequen¬</Unicode>
                </TextEquiv>
            </TextLine>
            <TextLine id="r1l44" custom="readingOrder {index:43;}">
                <Coords points="460,1944 953,1949 1042,1977 1078,1951 1265,1966 1266,1918 460,1906"/>
                <Baseline points="465,1937 504,1937 544,1937 584,1937 624,1938 663,1938 703,1938 743,1940 783,1940 822,1941 862,1941 902,1943 942,1943 981,1944 1021,1944 1061,1945 1101,1946 1140,1946 1180,1947 1220,1947 1260,1947"/>
                <TextEquiv>
                    <Unicode>vniuersale non prius cognoscitur quae singulare. sto. xex v.</Unicode>
                </TextEquiv>
            </TextLine>
            <TextLine id="r1l45" custom="readingOrder {index:44;}">
                <Coords points="459,1984 604,1995 620,1983 639,1992 701,1983 832,1997 848,1989 849,1952 754,1954 740,1944 695,1959 642,1945 459,1947"/>
                <Baseline points="464,1977 489,1976 514,1976 539,1976 565,1976 590,1977 615,1977 640,1977 666,1978 691,1979 716,1979 741,1979 767,1980 792,1980 817,1980 843,1979"/>
                <TextEquiv>
                    <Unicode>columna ptima oe secunda</Unicode>
                </TextEquiv>
            </TextLine>
            <TextLine id="r1l46" custom="readingOrder {index:45;}">
                <Coords points="462,2027 1241,2066 1264,2060 1266,1986 463,1986"/>
                <Baseline points="468,2015 507,2015 547,2015 586,2016 626,2016 666,2018 705,2018 745,2019 784,2021 824,2022 864,2023 903,2024 943,2025 982,2027 1022,2028 1062,2030 1101,2030 1141,2031 1180,2033 1220,2034 1260,2034"/>
                <TextEquiv>
                    <Unicode>v olens peccate per maius tempus magis peccat. fo¬</Unicode>
                </TextEquiv>
            </TextLine>
            <TextLine id="r1l47" custom="readingOrder {index:46;}">
                <Coords points="462,2065 532,2064 555,2074 657,2061 681,2075 693,2064 766,2068 766,2036 557,2028 502,2039 462,2027"/>
                <Baseline points="467,2058 493,2058 520,2058 547,2057 573,2057 600,2057 627,2057 654,2057 680,2057 707,2057 734,2059 761,2061"/>
                <TextEquiv>
                    <Unicode>hyi. columna quarta</Unicode>
                </TextEquiv>
            </TextLine>
            <TextLine id="r1l48" custom="readingOrder {index:47;}">
                <Coords points="465,2106 1240,2145 1267,2143 1269,2067 466,2067"/>
                <Baseline points="471,2096 510,2096 550,2096 589,2096 629,2096 669,2097 708,2097 748,2098 787,2099 827,2100 867,2101 906,2103 946,2103 985,2105 1025,2106 1065,2108 1104,2108 1144,2109 1183,2111 1223,2112 1263,2114"/>
                <TextEquiv>
                    <Unicode>u olens percutere clericum si non pecutiat non est excommimi¬</Unicode>
                </TextEquiv>
            </TextLine>
            <TextLine id="r1l49" custom="readingOrder {index:48;}">
                <Coords points="456,2143 534,2148 563,2137 595,2153 612,2142 645,2141 745,2153 745,2114 635,2113 618,2123 573,2113 552,2122 542,2112 455,2107"/>
                <Baseline points="461,2138 486,2138 511,2138 537,2138 562,2136 587,2136 613,2136 638,2136 663,2136 689,2136 714,2138 740,2139"/>
                <TextEquiv>
                    <Unicode>catus. to. se col. mi</Unicode>
                </TextEquiv>
            </TextLine>
            <TextLine id="r1l50" custom="readingOrder {index:49;}">
                <Coords points="462,2185 800,2182 918,2210 1117,2194 1251,2224 1253,2143 1027,2164 463,2147"/>
                <Baseline points="467,2177 506,2177 545,2177 584,2177 623,2177 662,2177 701,2178 740,2180 779,2180 818,2181 857,2183 896,2184 935,2184 974,2186 1013,2187 1052,2189 1091,2190 1130,2190 1169,2192 1208,2192 1247,2193"/>
                <TextEquiv>
                    <Unicode>volens pius mereri non semper pius meretur. hii. cobi</Unicode>
                </TextEquiv>
            </TextLine>
            <TextLine id="r1l51" custom="readingOrder {index:50;}">
                <Coords points="474,2227 1015,2237 1010,2192 913,2203 475,2185"/>
                <Baseline points="479,2217 505,2216 532,2216 558,2216 585,2216 611,2216 638,2217 664,2217 691,2217 717,2219 744,2219 771,2220 797,2220 824,2222 850,2222 877,2223 903,2224 930,2225 956,2226 983,2226 1010,2228"/>
                <TextEquiv>
                    <Unicode>b olitio non est cognitio. fo. xi. co. iiii</Unicode>
                </TextEquiv>
            </TextLine>
            <TextLine id="r1l52" custom="readingOrder {index:51;}">
                <Coords points="480,2264 1250,2282 1251,2223 1154,2242 1057,2224 1015,2246 481,2229"/>
                <Baseline points="485,2256 523,2256 561,2256 599,2258 637,2258 675,2258 713,2259 751,2259 789,2261 827,2261 865,2262 903,2264 941,2264 979,2265 1017,2266 1055,2267 1093,2268 1131,2270 1169,2270 1207,2271 1245,2271"/>
                <TextEquiv>
                    <Unicode>b olitio aliqua est naturalis. fo. xxiii. columna tertia.</Unicode>
                </TextEquiv>
            </TextLine>
            <TextLine id="r1l53" custom="readingOrder {index:52;}">
                <Coords points="468,2306 1161,2328 1255,2319 1256,2282 469,2266"/>
                <Baseline points="473,2297 511,2297 550,2297 589,2297 628,2297 667,2298 706,2298 744,2300 783,2301 822,2302 861,2303 900,2304 939,2306 978,2307 1016,2309 1055,2309 1094,2310 1133,2312 1172,2312 1211,2312 1250,2313"/>
                <TextEquiv>
                    <Unicode>volitio efficam non semper hiabet qu vult. xii. coli.</Unicode>
                </TextEquiv>
            </TextLine>
            <TextLine id="r1l54" custom="readingOrder {index:53;}">
                <Coords points="476,2345 1255,2364 1256,2318 1232,2316 477,2305"/>
                <Baseline points="482,2337 520,2337 558,2339 597,2339 635,2340 674,2340 712,2342 751,2343 789,2343 828,2345 866,2346 904,2346 943,2347 981,2348 1020,2349 1058,2349 1097,2349 1135,2351 1174,2351 1212,2351 1251,2351"/>
                <TextEquiv>
                    <Unicode>b olitio efficam exit in actum semoto impedimento. fe</Unicode>
                </TextEquiv>
            </TextLine>
            <TextLine id="r1l55" custom="readingOrder {index:54;}">
                <Coords points="462,2384 470,2386 483,2386 486,2383 491,2386 495,2384 504,2392 516,2393 518,2364 513,2363 505,2353 501,2355 498,2352 490,2351 484,2346 479,2345 464,2345"/>
                <Baseline points="467,2379 512,2382"/>
                <TextEquiv>
                    <Unicode>lio.</Unicode>
                </TextEquiv>
            </TextLine>
            <TextLine id="r1l56" custom="readingOrder {index:55;}">
                <Coords points="1091,2411 1109,2406 1143,2422 1263,2422 1264,2370 1251,2364 1169,2355 1137,2365 1129,2357 1092,2353"/>
                <Baseline points="1097,2390 1124,2391 1151,2391 1178,2393 1205,2393 1232,2393 1259,2394"/>
                <TextEquiv>
                    <Unicode>lis. coliiii.</Unicode>
                </TextEquiv>
            </TextLine>
            <TextEquiv>
                <Unicode>abula
Allemereti per infinitum tempus non es
rmetitotium. po. hyii. co. iiii. . hviii. co. i.
vu eniale non tollit peratiam. folev. co. pertirna
at
quam venialia nen componunt mortale. so. hv
nu con teitia.
eritas theologica qua sit. fo. vii
beritaa secundm teales est tespectus rationis. fo. viii. co. niii
eritas on falsitas seunm eosdem in comparatione intel
lectus consistit. ibidem.
eritas simpliciter est propositio vera. fo. ii. co. i.
veritas theologica multifatiam capitur. fo. xco. iiii
v eritates theologice non simnt semper fidectedende. fo¬
vii. columna ptima
eritati propositionis non sufficit quod cvtrema pro eodem
supponant. fo. Aii. co. iiii. o. hxiii. co. ii
vetula duridam mentita est vel non plene appereheri¬
dit terminos dubitans an deus potest facete eam esse coer
non esse. fo. vii. co. prima
iator est qui est in statu merendi conr demerendi. folio. i.
r v
columna secunda
iator potest de vetitatibus aliquibus theologicis csed 
non de omnibus) habere notitiam euidentem maiorem
fide. so. vii. co. ii.
b irtus an per per se motum acquitatur. fo. hiiiii. co. i.
b ittutes diligi propter se dupliciter intelligitur. folio
pii. columna tertia
v irtutibus nemo male vtitur effectiue. so. heiiii. col. in
bisio an siat in instanti. to. liii. co. i.
u mbra diminuitur ad auomentum luminosi. folio
lti. columna quarta¬
nio non distineuitur a re vnita fo. &amp;ci. columna prima
nitas praedicamentalis non distinguitur a te vna. fo.
hxe vii. co. ii. o sequenti.
vnitas dei non est euidenter nota in lumine naturali
folio. xxi. columna prtima
 nitas scientie attenditur penes vnitatem subiecti at¬
tributionis. fo. xvii. co. prirma.
vnum est transcendens otr dequolibet dicitur. Eolio
hxe: vii. co. i.
vnum tripliciter capitur. fo. hexxvii. co. ii. quod sequen¬
vniuersale non prius cognoscitur quae singulare. sto. xex v.
columna ptima oe secunda
v olens peccate per maius tempus magis peccat. fo¬
hyi. columna quarta
u olens percutere clericum si non pecutiat non est excommimi¬
catus. to. se col. mi
volens pius mereri non semper pius meretur. hii. cobi
b olitio non est cognitio. fo. xi. co. iiii
b olitio aliqua est naturalis. fo. xxiii. columna tertia.
volitio efficam non semper hiabet qu vult. xii. coli.
b olitio efficam exit in actum semoto impedimento. fe
lio.
lis. coliiii.</Unicode>
            </TextEquiv>
        </TextRegion>
        <TextRegion orientation="0.0" id="r2" custom="readingOrder {index:1;}">
            <Coords points="1331,216 1331,2391 2150,2391 2150,216"/>
            <TextLine id="r2l1" custom="readingOrder {index:0;}">
                <Coords points="1588,257 1622,246 1663,257 1757,251 1837,259 1838,183 1784,197 1718,189 1685,209 1652,208 1640,196 1588,181"/>
                <Baseline points="1593,236 1619,238 1646,239 1672,240 1699,240 1725,240 1752,239 1778,239 1805,239 1832,240"/>
                <TextEquiv>
                    <Unicode>sateriarum.</Unicode>
                </TextEquiv>
            </TextLine>
            <TextLine id="r2l2" custom="readingOrder {index:1;}">
                <Coords points="1330,298 2114,322 2155,317 2156,261 1330,262"/>
                <Baseline points="1335,293 1375,294 1416,296 1457,296 1498,297 1538,297 1579,299 1620,299 1661,299 1701,299 1742,299 1783,299 1824,300 1864,300 1905,301 1946,302 1987,303 2027,304 2068,306 2109,306 2150,309"/>
                <TextEquiv>
                    <Unicode>voluntas non potest difficultari secundum multos: secuim</Unicode>
                </TextEquiv>
            </TextLine>
            <TextLine id="r2l3" custom="readingOrder {index:2;}">
                <Coords points="1333,342 2150,355 2138,316 1333,309"/>
                <Baseline points="1338,335 1378,336 1418,336 1458,336 1499,338 1539,338 1579,338 1620,339 1660,339 1700,339 1741,339 1781,340 1821,341 1861,341 1902,342 1942,342 1982,344 2023,344 2063,345 2103,347 2144,348"/>
                <TextEquiv>
                    <Unicode>aliquos difficultatur. fo. xeii. co. ii. c. iiii. E fo. xxvii. co. i.</Unicode>
                </TextEquiv>
            </TextLine>
            <TextLine id="r2l4" custom="readingOrder {index:3;}">
                <Coords points="1341,382 1646,412 2150,397 2150,355 2119,351 1342,343"/>
                <Baseline points="1346,374 1388,375 1430,376 1472,377 1514,378 1556,378 1598,380 1640,380 1682,380 1724,380 1766,380 1808,380 1850,381 1892,381 1934,382 1976,383 2018,384 2060,386 2102,387 2145,389"/>
                <TextEquiv>
                    <Unicode>v oluntas est infinit: et tesistentiet citca passionesm vel hia</Unicode>
                </TextEquiv>
            </TextLine>
            <TextLine id="r2l5" custom="readingOrder {index:4;}">
                <Coords points="1340,421 1356,419 1379,428 1387,423 1392,426 1409,421 1435,424 1436,400 1429,400 1422,394 1391,394 1387,390 1361,387 1350,382 1341,383"/>
                <Baseline points="1346,414 1374,417 1402,417 1430,417"/>
                <TextEquiv>
                    <Unicode>bitus.</Unicode>
                </TextEquiv>
            </TextLine>
            <TextLine id="r2l6" custom="readingOrder {index:5;}">
                <Coords points="1937,439 1991,428 2066,437 2090,429 2113,432 2125,443 2146,436 2147,397 2127,402 2107,397 2091,404 2060,397 1981,403 1968,389 1939,389"/>
                <Baseline points="1943,420 1971,422 1999,423 2027,423 2056,425 2084,426 2112,428 2141,429"/>
                <TextEquiv>
                    <Unicode>to. xxvii. col i.</Unicode>
                </TextEquiv>
            </TextLine>
            <TextLine id="r2l7" custom="readingOrder {index:6;}">
                <Coords points="1356,463 1428,469 1442,461 1525,462 1549,476 1569,465 1586,472 1600,467 1601,420 1538,420 1491,432 1451,423 1425,433 1408,424 1356,421"/>
                <Baseline points="1361,456 1387,456 1413,456 1439,456 1465,456 1491,456 1517,458 1543,458 1569,458 1595,459"/>
                <TextEquiv>
                    <Unicode>oluntas duplem</Unicode>
                </TextEquiv>
            </TextLine>
            <TextLine id="r2l8" custom="readingOrder {index:7;}">
                <Coords points="1977,470 1996,477 2043,470 2056,480 2066,472 2090,482 2128,475 2146,480 2148,435 2125,443 2105,431 2092,437 2039,433 2021,442 1999,429 1978,433"/>
                <Baseline points="1982,462 2008,464 2035,465 2061,465 2088,466 2114,467 2141,468"/>
                <TextEquiv>
                    <Unicode>to. Ii. col. i.</Unicode>
                </TextEquiv>
            </TextLine>
            <TextLine id="r2l9" custom="readingOrder {index:8;}">
                <Coords points="1350,505 2140,513 2133,476 1960,464 1351,465"/>
                <Baseline points="1356,494 1397,495 1438,497 1479,497 1520,498 1561,499 1602,500 1643,500 1684,501 1725,501 1766,503 1807,503 1848,503 1889,503 1930,504 1971,504 2012,504 2053,506 2094,506 2135,507"/>
                <TextEquiv>
                    <Unicode>b oluntas non potest producete actum tanta intensionit</Unicode>
                </TextEquiv>
            </TextLine>
            <TextLine id="r2l10" custom="readingOrder {index:9;}">
                <Coords points="1345,546 1401,542 1416,553 1469,541 1520,548 1538,544 1538,506 1463,516 1419,503 1379,514 1360,507 1345,510"/>
                <Baseline points="1350,537 1376,536 1402,536 1428,536 1454,537 1480,537 1506,537 1533,537"/>
                <TextEquiv>
                    <Unicode>quanta vult.</Unicode>
                </TextEquiv>
            </TextLine>
            <TextLine id="r2l11" custom="readingOrder {index:10;}">
                <Coords points="1903,551 1980,551 1991,559 2040,551 2141,555 2142,513 2094,522 2083,512 2048,523 2029,511 1990,518 1972,511 1946,519 1903,509"/>
                <Baseline points="1908,542 1933,543 1958,543 1984,545 2009,545 2034,545 2060,546 2085,546 2110,546 2136,545"/>
                <TextEquiv>
                    <Unicode>fo. aviii. col. iiii</Unicode>
                </TextEquiv>
            </TextLine>
            <TextLine id="r2l12" custom="readingOrder {index:11;}">
                <Coords points="1351,586 2149,604 2150,553 1352,547"/>
                <Baseline points="1356,575 1395,576 1434,576 1474,578 1513,579 1553,579 1592,581 1632,581 1671,581 1711,582 1750,582 1789,582 1829,584 1868,584 1908,584 1947,584 1987,585 2026,585 2066,585 2105,585 2145,587"/>
                <TextEquiv>
                    <Unicode>b oluntas ptius natura concurtit ad actum meritorium quam</Unicode>
                </TextEquiv>
            </TextLine>
            <TextLine id="r2l13" custom="readingOrder {index:12;}">
                <Coords points="1341,627 1358,628 1363,624 1376,623 1385,628 1399,623 1432,623 1432,585 1422,585 1416,589 1409,583 1392,591 1387,588 1371,591 1362,583 1355,589 1341,584"/>
                <Baseline points="1346,617 1373,615 1400,617 1427,617"/>
                <TextEquiv>
                    <Unicode>gratia</Unicode>
                </TextEquiv>
            </TextLine>
            <TextLine id="r2l14" custom="readingOrder {index:13;}">
                <Coords points="2014,631 2029,636 2063,635 2069,639 2082,631 2113,636 2147,631 2147,603 2117,592 2073,599 2063,599 2054,591 2041,599 2015,593"/>
                <Baseline points="2019,623 2049,626 2080,627 2111,627 2142,626"/>
                <TextEquiv>
                    <Unicode>to. lcol. i.</Unicode>
                </TextEquiv>
            </TextLine>
            <TextLine id="r2l15" custom="readingOrder {index:14;}">
                <Coords points="1347,671 2153,673 2136,633 1347,628"/>
                <Baseline points="1352,654 1391,656 1431,657 1471,657 1511,658 1551,659 1590,659 1630,659 1670,660 1710,660 1750,660 1789,660 1829,662 1869,662 1909,662 1949,663 1988,663 2028,665 2068,665 2108,666 2148,668"/>
                <TextEquiv>
                    <Unicode>oluntas secundum multos si velit finem necessatio vult</Unicode>
                </TextEquiv>
            </TextLine>
            <TextLine id="r2l16" custom="readingOrder {index:15;}">
                <Coords points="1348,702 1832,714 1853,710 1854,677 1805,664 1738,679 1493,660 1348,670"/>
                <Baseline points="1353,695 1379,696 1405,696 1431,697 1457,698 1483,698 1509,698 1535,699 1561,699 1587,699 1613,699 1639,699 1665,701 1691,701 1717,701 1743,701 1769,702 1795,702 1821,702 1848,704"/>
                <TextEquiv>
                    <Unicode>media ad fineri. fo. xxv. co. quarta.</Unicode>
                </TextEquiv>
            </TextLine>
            <TextLine id="r2l17" custom="readingOrder {index:16;}">
                <Coords points="1351,745 2143,751 2143,711 1352,705"/>
                <Baseline points="1356,734 1395,735 1434,735 1473,737 1512,737 1551,738 1590,738 1629,739 1668,740 1707,741 1747,741 1786,742 1825,743 1864,743 1903,744 1942,744 1981,746 2020,746 2059,746 2098,747 2138,747"/>
                <TextEquiv>
                    <Unicode>b oluntas est causa immediata suorum actuum potens</Unicode>
                </TextEquiv>
            </TextLine>
            <TextLine id="r2l18" custom="readingOrder {index:17;}">
                <Coords points="1338,780 1956,796 1957,756 1338,753"/>
                <Baseline points="1343,774 1373,776 1403,776 1434,777 1464,777 1495,777 1525,779 1556,779 1586,779 1617,779 1647,780 1677,780 1708,780 1738,780 1769,782 1799,782 1830,782 1860,783 1891,783 1921,783 1952,785"/>
                <TextEquiv>
                    <Unicode>ab eisdem cessare. ibidem. columna prima.</Unicode>
                </TextEquiv>
            </TextLine>
            <TextLine id="r2l19" custom="readingOrder {index:18;}">
                <Coords points="1357,825 2147,833 2147,792 2117,788 1358,783"/>
                <Baseline points="1362,815 1403,816 1444,816 1485,818 1526,818 1567,819 1608,819 1649,821 1690,821 1731,822 1772,822 1813,824 1854,824 1895,825 1936,825 1977,826 2018,827 2059,827 2100,827 2141,828"/>
                <TextEquiv>
                    <Unicode>oluntas misexiam sed non summamus potest velle.</Unicode>
                </TextEquiv>
            </TextLine>
            <TextLine id="r2l20" custom="readingOrder {index:19;}">
                <Coords points="1336,864 1587,866 1598,878 1619,867 1696,870 1688,832 1336,824"/>
                <Baseline points="1341,854 1366,855 1391,855 1416,856 1441,857 1466,857 1491,857 1516,858 1541,858 1566,858 1591,858 1616,858 1641,860 1666,860 1691,861"/>
                <TextEquiv>
                    <Unicode>fo. ii. columna ptima.</Unicode>
                </TextEquiv>
            </TextLine>
            <TextLine id="r2l21" custom="readingOrder {index:20;}">
                <Coords points="1344,901 2116,920 2146,914 2147,874 1344,862"/>
                <Baseline points="1349,894 1388,894 1428,894 1467,896 1507,896 1547,897 1586,897 1626,899 1665,900 1705,900 1745,902 1784,903 1824,903 1863,905 1903,905 1943,906 1982,906 2022,908 2061,908 2101,909 2141,909"/>
                <TextEquiv>
                    <Unicode>oluntas potest velle incognitum in particulati natu</Unicode>
                </TextEquiv>
            </TextLine>
            <TextLine id="r2l22" custom="readingOrder {index:21;}">
                <Coords points="1332,943 1532,944 1548,953 1569,944 1590,960 1612,946 1696,948 1696,918 1643,918 1623,905 1580,919 1558,908 1499,916 1460,905 1332,907"/>
                <Baseline points="1337,933 1362,935 1387,935 1412,936 1438,936 1463,936 1488,936 1514,938 1539,938 1564,938 1589,938 1615,939 1640,939 1665,941 1691,942"/>
                <TextEquiv>
                    <Unicode>raliter. fo. i. co. ptima.</Unicode>
                </TextEquiv>
            </TextLine>
            <TextLine id="r2l23" custom="readingOrder {index:22;}">
                <Coords points="1347,981 2078,994 2054,944 1927,963 1826,943 1591,960 1347,942"/>
                <Baseline points="1352,972 1388,974 1424,974 1460,975 1496,977 1532,977 1568,978 1604,978 1640,979 1676,980 1712,980 1748,981 1784,981 1820,981 1856,983 1892,983 1928,983 1964,984 2000,984 2036,984 2073,986"/>
                <TextEquiv>
                    <Unicode>boluntas plutes actus potest fiabere. to. xi. co. iii.</Unicode>
                </TextEquiv>
            </TextLine>
            <TextLine id="r2l24" custom="readingOrder {index:23;}">
                <Coords points="1349,1024 2135,1036 2136,992 2097,989 1350,984"/>
                <Baseline points="1355,1014 1393,1014 1432,1016 1471,1016 1510,1016 1548,1017 1587,1017 1626,1019 1665,1020 1703,1020 1742,1022 1781,1022 1820,1023 1858,1025 1897,1025 1936,1026 1975,1026 2013,1026 2052,1028 2091,1028 2130,1028"/>
                <TextEquiv>
                    <Unicode>boluntas eodem actu potest diligete medium onr finem¬</Unicode>
                </TextEquiv>
            </TextLine>
            <TextLine id="r2l25" custom="readingOrder {index:24;}">
                <Coords points="1332,1062 1708,1072 1732,1068 1733,1040 1708,1030 1646,1039 1623,1026 1597,1038 1333,1022"/>
                <Baseline points="1338,1052 1363,1053 1389,1055 1415,1055 1441,1056 1467,1057 1493,1058 1519,1058 1545,1058 1571,1059 1597,1059 1623,1059 1649,1059 1675,1061 1701,1061 1727,1062"/>
                <TextEquiv>
                    <Unicode>fo. xviii. columna secunda.</Unicode>
                </TextEquiv>
            </TextLine>
            <TextLine id="r2l26" custom="readingOrder {index:25;}">
                <Coords points="1347,1103 2146,1117 2147,1072 1348,1064"/>
                <Baseline points="1353,1094 1392,1095 1431,1095 1471,1096 1510,1097 1550,1098 1589,1098 1628,1100 1668,1100 1707,1101 1747,1101 1786,1103 1825,1103 1865,1104 1904,1104 1944,1106 1983,1106 2022,1107 2062,1107 2101,1109 2141,1110"/>
                <TextEquiv>
                    <Unicode>boluntas non potest facete intellectum assentire sine</Unicode>
                </TextEquiv>
            </TextLine>
            <TextLine id="r2l27" custom="readingOrder {index:26;}">
                <Coords points="1333,1140 1769,1158 1770,1111 1759,1107 1588,1117 1560,1107 1539,1118 1492,1102 1456,1113 1334,1104"/>
                <Baseline points="1338,1133 1363,1134 1388,1134 1413,1134 1438,1134 1463,1136 1488,1136 1513,1137 1538,1137 1563,1138 1588,1139 1613,1139 1638,1140 1663,1140 1688,1140 1713,1142 1738,1142 1764,1142"/>
                <TextEquiv>
                    <Unicode>motiuo. to. i. columna tertia.</Unicode>
                </TextEquiv>
            </TextLine>
            <TextLine id="r2l28" custom="readingOrder {index:27;}">
                <Coords points="1350,1182 2141,1199 2142,1147 2112,1143 1773,1164 1351,1142"/>
                <Baseline points="1355,1173 1394,1175 1433,1176 1472,1176 1511,1178 1550,1179 1589,1179 1628,1181 1667,1181 1706,1182 1745,1182 1784,1183 1823,1184 1862,1184 1901,1185 1940,1185 1979,1187 2018,1187 2057,1188 2096,1189 2136,1190"/>
                <TextEquiv>
                    <Unicode>b oluntas ad volendum non requntit preuium iudicium</Unicode>
                </TextEquiv>
            </TextLine>
            <TextLine id="r2l29" custom="readingOrder {index:28;}">
                <Coords points="1333,1221 1652,1235 1675,1231 1676,1202 1628,1189 1525,1195 1513,1186 1486,1196 1463,1183 1432,1194 1334,1180"/>
                <Baseline points="1338,1211 1363,1213 1389,1214 1414,1215 1440,1215 1466,1217 1491,1217 1517,1217 1542,1218 1568,1218 1594,1218 1619,1220 1645,1221 1671,1223"/>
                <TextEquiv>
                    <Unicode>fo. ii. columna quarta.</Unicode>
                </TextEquiv>
            </TextLine>
            <TextLine id="r2l30" custom="readingOrder {index:29;}">
                <Coords points="1347,1265 1603,1262 1713,1292 2128,1275 2128,1232 1348,1223"/>
                <Baseline points="1353,1253 1391,1255 1430,1256 1468,1257 1507,1257 1545,1259 1584,1259 1622,1259 1661,1259 1699,1260 1738,1260 1776,1260 1815,1260 1853,1262 1892,1262 1930,1263 1969,1265 2007,1266 2046,1267 2084,1269 2123,1272"/>
                <TextEquiv>
                    <Unicode>boluntas diuina est prtima lex obligatotia. folio. cti¬</Unicode>
                </TextEquiv>
            </TextLine>
            <TextLine id="r2l31" custom="readingOrder {index:30;}">
                <Coords points="1345,1303 2126,1314 2126,1275 1985,1264 1716,1291 1604,1263 1345,1267"/>
                <Baseline points="1350,1295 1388,1295 1427,1296 1465,1296 1504,1297 1542,1298 1581,1298 1619,1298 1658,1298 1696,1299 1735,1299 1774,1299 1812,1299 1851,1299 1889,1299 1928,1299 1966,1299 2005,1299 2043,1299 2082,1298 2121,1298"/>
                <TextEquiv>
                    <Unicode>columna tertia. de. vaur. efas eu ed excntu / cet</Unicode>
                </TextEquiv>
            </TextLine>
            <TextLine id="r2l32" custom="readingOrder {index:31;}">
                <Coords points="1351,1342 2138,1354 2131,1311 1352,1304"/>
                <Baseline points="1356,1331 1394,1334 1433,1335 1472,1337 1511,1338 1550,1338 1589,1340 1627,1340 1666,1341 1705,1341 1744,1341 1783,1343 1822,1343 1861,1343 1899,1343 1938,1344 1977,1344 2016,1346 2055,1347 2094,1348 2133,1349"/>
                <TextEquiv>
                    <Unicode>u oluntas potest actum elicere in instanti. fo. liii. co. iiii.</Unicode>
                </TextEquiv>
            </TextLine>
            <TextLine id="r2l33" custom="readingOrder {index:32;}">
                <Coords points="1351,1385 2111,1404 2140,1401 2141,1355 1351,1343"/>
                <Baseline points="1356,1373 1397,1374 1438,1375 1479,1376 1520,1377 1561,1378 1602,1379 1643,1380 1684,1380 1725,1382 1766,1382 1807,1383 1848,1383 1889,1385 1930,1385 1971,1386 2012,1386 2053,1388 2094,1388 2135,1389"/>
                <TextEquiv>
                    <Unicode>b oluntas non potest tantum producere in instanti quam</Unicode>
                </TextEquiv>
            </TextLine>
            <TextLine id="r2l34" custom="readingOrder {index:33;}">
                <Coords points="1341,1424 1772,1436 1773,1399 1341,1383"/>
                <Baseline points="1346,1415 1372,1415 1398,1415 1424,1415 1451,1416 1477,1416 1503,1416 1530,1416 1556,1418 1582,1418 1609,1418 1635,1419 1661,1419 1688,1419 1714,1421 1740,1422 1767,1424"/>
                <TextEquiv>
                    <Unicode>tum potest producere. ibidem</Unicode>
                </TextEquiv>
            </TextLine>
            <TextLine id="r2l35" custom="readingOrder {index:34;}">
                <Coords points="1338,1464 2146,1480 2134,1431 1339,1424"/>
                <Baseline points="1344,1454 1383,1455 1423,1455 1463,1455 1503,1457 1543,1457 1583,1458 1622,1458 1662,1460 1702,1461 1742,1463 1782,1463 1822,1464 1862,1466 1901,1467 1941,1469 1981,1470 2021,1470 2061,1472 2101,1472 2141,1473"/>
                <TextEquiv>
                    <Unicode>oluntas necessario continuat actum elapso instanti</Unicode>
                </TextEquiv>
            </TextLine>
            <TextLine id="r2l36" custom="readingOrder {index:35;}">
                <Coords points="1335,1500 2132,1526 2123,1479 1336,1464"/>
                <Baseline points="1340,1494 1379,1494 1418,1494 1458,1494 1497,1494 1536,1496 1576,1496 1615,1497 1654,1497 1694,1499 1733,1500 1772,1502 1812,1503 1851,1505 1890,1505 1930,1507 1969,1508 2008,1510 2048,1512 2087,1512 2127,1514"/>
                <TextEquiv>
                    <Unicode>terminatiuo tempotis necessarie continuationis per tem</Unicode>
                </TextEquiv>
            </TextLine>
            <TextLine id="r2l37" custom="readingOrder {index:36;}">
                <Coords points="1345,1544 1764,1546 1879,1565 1976,1556 1977,1522 1345,1508"/>
                <Baseline points="1350,1535 1381,1535 1412,1535 1443,1535 1474,1535 1505,1535 1536,1535 1567,1536 1598,1536 1629,1536 1660,1538 1691,1538 1722,1539 1753,1541 1784,1541 1815,1542 1846,1544 1877,1545 1908,1547 1939,1548 1971,1550"/>
                <TextEquiv>
                    <Unicode>tum temporis sicut priua. fo. lo. col prima.</Unicode>
                </TextEquiv>
            </TextLine>
            <TextLine id="r2l38" custom="readingOrder {index:37;}">
                <Coords points="1344,1582 2133,1607 2143,1552 1345,1544"/>
                <Baseline points="1349,1572 1388,1572 1427,1574 1467,1574 1506,1575 1545,1575 1585,1577 1624,1577 1663,1578 1703,1580 1742,1581 1781,1582 1821,1583 1860,1584 1899,1587 1939,1588 1978,1590 2017,1592 2057,1593 2096,1596 2136,1598"/>
                <TextEquiv>
                    <Unicode>boluntas non potest actum subito resecare. fo. hyi. co. iiii¬</Unicode>
                </TextEquiv>
            </TextLine>
            <TextLine id="r2l39" custom="readingOrder {index:38;}">
                <Coords points="1343,1622 2119,1648 2112,1602 1345,1584"/>
                <Baseline points="1349,1611 1387,1613 1425,1613 1463,1613 1502,1614 1540,1614 1578,1616 1616,1616 1655,1617 1693,1619 1731,1619 1769,1620 1808,1622 1846,1623 1884,1625 1922,1627 1961,1628 1999,1629 2037,1631 2075,1634 2114,1635"/>
                <TextEquiv>
                    <Unicode>boluntas non semper teputatur prto facto. ibidem.</Unicode>
                </TextEquiv>
            </TextLine>
            <TextLine id="r2l40" custom="readingOrder {index:39;}">
                <Coords points="1344,1667 2146,1687 2131,1637 2089,1654 1345,1623"/>
                <Baseline points="1349,1655 1388,1655 1428,1655 1467,1655 1507,1655 1547,1656 1586,1656 1626,1658 1665,1658 1705,1660 1745,1661 1784,1662 1824,1664 1863,1665 1903,1667 1943,1668 1982,1670 2022,1671 2061,1673 2101,1674 2141,1677"/>
                <TextEquiv>
                    <Unicode>bolitum voluntate beneplaciti est nolitum voluntate si¬</Unicode>
                </TextEquiv>
            </TextLine>
            <TextLine id="r2l41" custom="readingOrder {index:40;}">
                <Coords points="1345,1707 1352,1707 1357,1702 1385,1701 1385,1665 1378,1665 1370,1671 1365,1668 1361,1671 1357,1671 1353,1667 1345,1668"/>
                <Baseline points="1350,1692 1380,1692"/>
                <TextEquiv>
                    <Unicode>gni</Unicode>
                </TextEquiv>
            </TextLine>
            <TextLine id="r2l42" custom="readingOrder {index:41;}">
                <Coords points="1750,1706 2050,1728 2095,1720 2126,1736 2144,1730 2146,1687 1751,1678"/>
                <Baseline points="1755,1700 1780,1701 1806,1703 1831,1704 1857,1706 1883,1706 1908,1707 1934,1709 1959,1710 1985,1710 2011,1712 2036,1713 2062,1715 2087,1716 2113,1718 2139,1721"/>
                <TextEquiv>
                    <Unicode>cxvi. col. iiii. o. cxvii. colse</Unicode>
                </TextEquiv>
            </TextLine>
            <TextLine id="r2l43" custom="readingOrder {index:42;}">
                <Coords points="1334,1742 1931,1759 1932,1714 1687,1703 1668,1717 1466,1692 1335,1706"/>
                <Baseline points="1340,1734 1369,1733 1398,1733 1427,1733 1457,1734 1486,1734 1515,1734 1545,1734 1574,1736 1603,1736 1633,1737 1662,1737 1691,1739 1720,1740 1750,1740 1779,1742 1808,1742 1838,1743 1867,1746 1896,1746 1926,1748"/>
                <TextEquiv>
                    <Unicode>oluntas in nobis duplex. fo. cxvii. co. ii</Unicode>
                </TextEquiv>
            </TextLine>
            <TextLine id="r2l44" custom="readingOrder {index:43;}">
                <Coords points="1344,1782 2137,1805 2139,1756 1345,1743"/>
                <Baseline points="1349,1773 1388,1773 1427,1773 1466,1775 1505,1775 1544,1776 1583,1776 1623,1778 1662,1778 1701,1780 1740,1781 1779,1782 1818,1784 1857,1785 1897,1787 1936,1788 1975,1790 2014,1792 2053,1794 2092,1796 2132,1797"/>
                <TextEquiv>
                    <Unicode>boluntati diuine tenemur conformare voluntates non</Unicode>
                </TextEquiv>
            </TextLine>
            <TextLine id="r2l45" custom="readingOrder {index:44;}">
                <Coords points="1325,1826 2140,1849 2141,1814 2068,1799 1327,1783"/>
                <Baseline points="1331,1814 1371,1814 1411,1814 1451,1814 1491,1814 1532,1815 1572,1816 1612,1817 1652,1818 1692,1820 1733,1821 1773,1823 1813,1824 1853,1826 1893,1828 1934,1830 1974,1831 2014,1833 2054,1834 2094,1836 2135,1838"/>
                <TextEquiv>
                    <Unicode>siras in aliquo. ergo est problema an in volito. libidem¬</Unicode>
                </TextEquiv>
            </TextLine>
            <TextLine id="r2l46" custom="readingOrder {index:45;}">
                <Coords points="1339,1862 1376,1866 1393,1862 1416,1865 1433,1863 1434,1825 1418,1826 1415,1829 1406,1821 1400,1824 1373,1821 1364,1827 1353,1822 1340,1824"/>
                <Baseline points="1344,1853 1372,1853 1400,1853 1428,1856"/>
                <TextEquiv>
                    <Unicode>columna</Unicode>
                </TextEquiv>
            </TextLine>
            <TextLine id="r2l47" custom="readingOrder {index:46;}">
                <Coords points="2091,1886 2097,1887 2100,1884 2106,1883 2109,1886 2112,1886 2117,1892 2124,1889 2131,1890 2136,1846 2130,1845 2125,1849 2122,1844 2118,1846 2114,1846 2110,1843 2095,1844"/>
                <Baseline points="2096,1878 2127,1881"/>
                <TextEquiv>
                    <Unicode>iii</Unicode>
                </TextEquiv>
            </TextLine>
            <TextLine id="r2l48" custom="readingOrder {index:47;}">
                <Coords points="1335,1895 2140,1924 2141,1886 2030,1871 1336,1861"/>
                <Baseline points="1340,1892 1379,1893 1419,1894 1459,1895 1499,1896 1538,1896 1578,1898 1618,1899 1658,1899 1697,1901 1737,1902 1777,1902 1817,1904 1856,1905 1896,1907 1936,1908 1976,1910 2015,1911 2055,1913 2095,1916 2135,1919"/>
                <TextEquiv>
                    <Unicode>voluntas libere vult. qualiter exponitiitr. fo. xcuv. co. i.</Unicode>
                </TextEquiv>
            </TextLine>
            <TextLine id="r2l49" custom="readingOrder {index:48;}">
                <Coords points="1343,1942 1973,1951 2042,1987 2128,1990 2129,1932 2101,1921 1345,1905"/>
                <Baseline points="1349,1932 1387,1934 1426,1934 1465,1935 1503,1937 1542,1937 1581,1938 1619,1940 1658,1941 1697,1942 1736,1943 1774,1944 1813,1946 1852,1947 1890,1949 1929,1950 1968,1952 2006,1953 2045,1955 2084,1957 2123,1959"/>
                <TextEquiv>
                    <Unicode>boluntas suspendit omnem attum qualiter eponitur</Unicode>
                </TextEquiv>
            </TextLine>
            <TextLine id="r2l50" custom="readingOrder {index:49;}">
                <Coords points="1332,1983 1363,1982 1382,1987 1392,1980 1412,1983 1422,1991 1434,1983 1450,1986 1451,1956 1414,1953 1396,1943 1385,1943 1380,1948 1349,1942 1333,1944"/>
                <Baseline points="1337,1974 1364,1973 1391,1974 1418,1976 1445,1977"/>
                <TextEquiv>
                    <Unicode>ibidem.</Unicode>
                </TextEquiv>
            </TextLine>
            <TextLine id="r2l51" custom="readingOrder {index:50;}">
                <Coords points="1540,1991 1557,1982 1569,1987 1578,1984 1587,1988 1595,1984 1601,1990 1606,1985 1625,1992 1660,1994 1660,1953 1651,1956 1630,1946 1609,1959 1595,1950 1585,1959 1540,1959"/>
                <Baseline points="1545,1980 1572,1979 1600,1979 1627,1980 1655,1979"/>
                <TextEquiv>
                    <Unicode>qua atitaq:</Unicode>
                </TextEquiv>
            </TextLine>
            <TextLine id="r2l52" custom="readingOrder {index:51;}">
                <Coords points="1339,2021 1403,2038 1567,2025 1868,2041 1885,2034 1886,1998 1340,1983"/>
                <Baseline points="1344,2015 1370,2016 1397,2016 1424,2016 1451,2016 1478,2017 1504,2018 1531,2018 1558,2018 1585,2019 1612,2019 1638,2020 1665,2021 1692,2022 1719,2023 1746,2024 1772,2025 1799,2027 1826,2028 1853,2029 1880,2031"/>
                <TextEquiv>
                    <Unicode>boluntas dei duplex. fo. cxvi. col. iiii.</Unicode>
                </TextEquiv>
            </TextLine>
            <TextLine id="r2l53" custom="readingOrder {index:52;}">
                <Coords points="1497,2065 1528,2077 1546,2066 1574,2072 1589,2065 1601,2073 1638,2068 1649,2079 1685,2077 1695,2067 1767,2073 1768,2034 1746,2029 1724,2037 1705,2030 1693,2040 1608,2029 1593,2038 1567,2025 1537,2040 1498,2034"/>
                <Baseline points="1502,2058 1528,2060 1554,2060 1580,2060 1606,2061 1632,2061 1658,2061 1684,2061 1710,2062 1736,2063 1763,2064"/>
                <TextEquiv>
                    <Unicode>L aut. oc. i. cfi.</Unicode>
                </TextEquiv>
            </TextLine>
            <TextLine id="r2l54" custom="readingOrder {index:53;}">
                <Coords points="1416,2141 1477,2108 1733,2110 2129,2153 2144,2078 1418,2063"/>
                <Baseline points="1422,2111 1457,2108 1493,2106 1529,2105 1565,2105 1601,2105 1636,2105 1672,2105 1708,2106 1744,2107 1780,2109 1815,2110 1851,2111 1887,2113 1923,2115 1959,2117 1994,2117 2030,2118 2066,2120 2102,2120 2138,2121"/>
                <TextEquiv>
                    <Unicode>quapciprs patitur. cpistur est deus. etant apossolis de</Unicode>
                </TextEquiv>
            </TextLine>
            <TextLine id="r2l55" custom="readingOrder {index:54;}">
                <Coords points="1482,2140 1543,2155 1704,2152 1717,2162 1822,2153 1823,2116 1483,2114"/>
                <Baseline points="1487,2142 1512,2142 1537,2142 1563,2143 1588,2144 1613,2145 1639,2145 1664,2147 1690,2147 1715,2148 1740,2148 1766,2148 1791,2148 1817,2148"/>
                <TextEquiv>
                    <Unicode>eofide. fo. &amp;iii. col prima.</Unicode>
                </TextEquiv>
            </TextLine>
            <TextLine id="r2l56" custom="readingOrder {index:55;}">
                <Coords points="1467,2195 2138,2209 2140,2150 1558,2160 1469,2134"/>
                <Baseline points="1473,2183 1506,2184 1539,2184 1572,2186 1605,2186 1638,2186 1671,2187 1704,2187 1737,2188 1770,2189 1803,2190 1836,2190 1869,2192 1902,2192 1935,2193 1968,2193 2001,2195 2034,2196 2067,2198 2100,2199 2133,2201"/>
                <TextEquiv>
                    <Unicode>ripss quod angeli secqundum magistrum prium habue</Unicode>
                </TextEquiv>
            </TextLine>
            <TextLine id="r2l57" custom="readingOrder {index:56;}">
                <Coords points="1363,2246 1790,2230 2090,2247 2106,2202 1492,2206 1433,2158 1364,2193"/>
                <Baseline points="1368,2219 1404,2221 1441,2223 1477,2223 1514,2225 1551,2225 1587,2226 1624,2226 1660,2228 1697,2228 1734,2228 1770,2229 1807,2229 1843,2230 1880,2231 1917,2231 1953,2232 1990,2234 2026,2235 2063,2237 2100,2240"/>
                <TextEquiv>
                    <Unicode>Quod tunt beatitudinem eugr postea meruetunt</Unicode>
                </TextEquiv>
            </TextLine>
            <TextLine id="r2l58" custom="readingOrder {index:57;}">
                <Coords points="1336,2283 1845,2274 2077,2310 2078,2257 1997,2239 1337,2231"/>
                <Baseline points="1341,2265 1377,2265 1414,2265 1450,2265 1487,2265 1524,2265 1560,2267 1597,2267 1633,2267 1670,2268 1707,2268 1743,2269 1780,2270 1816,2271 1853,2271 1890,2273 1926,2274 1963,2275 1999,2276 2036,2277 2073,2279"/>
                <TextEquiv>
                    <Unicode>qiuis vernus sctibatur cfitistus. to. hyii. co. secunda.</Unicode>
                </TextEquiv>
            </TextLine>
            <TextLine id="r2l59" custom="readingOrder {index:58;}">
                <Coords points="1514,2385 1694,2379 1949,2397 1950,2349 1801,2348 1770,2326 1747,2347 1697,2349 1576,2325 1515,2336"/>
                <Baseline points="1520,2373 1546,2373 1573,2373 1599,2373 1626,2373 1652,2375 1679,2375 1705,2375 1732,2376 1758,2376 1785,2377 1811,2378 1838,2378 1864,2379 1891,2379 1917,2380 1944,2381"/>
                <TextEquiv>
                    <Unicode>iis e abule flphabetice.</Unicode>
                </TextEquiv>
            </TextLine>
            <TextEquiv>
                <Unicode>sateriarum.
voluntas non potest difficultari secundum multos: secuim
aliquos difficultatur. fo. xeii. co. ii. c. iiii. E fo. xxvii. co. i.
v oluntas est infinit: et tesistentiet citca passionesm vel hia
bitus.
to. xxvii. col i.
oluntas duplem
to. Ii. col. i.
b oluntas non potest producete actum tanta intensionit
quanta vult.
fo. aviii. col. iiii
b oluntas ptius natura concurtit ad actum meritorium quam
gratia
to. lcol. i.
oluntas secundum multos si velit finem necessatio vult
media ad fineri. fo. xxv. co. quarta.
b oluntas est causa immediata suorum actuum potens
ab eisdem cessare. ibidem. columna prima.
oluntas misexiam sed non summamus potest velle.
fo. ii. columna ptima.
oluntas potest velle incognitum in particulati natu
raliter. fo. i. co. ptima.
boluntas plutes actus potest fiabere. to. xi. co. iii.
boluntas eodem actu potest diligete medium onr finem¬
fo. xviii. columna secunda.
boluntas non potest facete intellectum assentire sine
motiuo. to. i. columna tertia.
b oluntas ad volendum non requntit preuium iudicium
fo. ii. columna quarta.
boluntas diuina est prtima lex obligatotia. folio. cti¬
columna tertia. de. vaur. efas eu ed excntu / cet
u oluntas potest actum elicere in instanti. fo. liii. co. iiii.
b oluntas non potest tantum producere in instanti quam
tum potest producere. ibidem
oluntas necessario continuat actum elapso instanti
terminatiuo tempotis necessarie continuationis per tem
tum temporis sicut priua. fo. lo. col prima.
boluntas non potest actum subito resecare. fo. hyi. co. iiii¬
boluntas non semper teputatur prto facto. ibidem.
bolitum voluntate beneplaciti est nolitum voluntate si¬
gni
cxvi. col. iiii. o. cxvii. colse
oluntas in nobis duplex. fo. cxvii. co. ii
boluntati diuine tenemur conformare voluntates non
siras in aliquo. ergo est problema an in volito. libidem¬
columna
iii
voluntas libere vult. qualiter exponitiitr. fo. xcuv. co. i.
boluntas suspendit omnem attum qualiter eponitur
ibidem.
qua atitaq:
boluntas dei duplex. fo. cxvi. col. iiii.
L aut. oc. i. cfi.
quapciprs patitur. cpistur est deus. etant apossolis de
eofide. fo. &amp;iii. col prima.
ripss quod angeli secqundum magistrum prium habue
Quod tunt beatitudinem eugr postea meruetunt
qiuis vernus sctibatur cfitistus. to. hyii. co. secunda.
iis e abule flphabetice.</Unicode>
            </TextEquiv>
        </TextRegion>
        <TextRegion orientation="0.0" id="r3" custom="readingOrder {index:2;}">
            <Coords points="2165,1199 2165,1355 2234,1355 2234,1199"/>
            <TextLine id="r3l1" custom="readingOrder {index:0;}">
                <Coords points="2159,1304 2171,1309 2177,1307 2193,1323 2200,1319 2212,1322 2221,1318 2237,1322 2243,1261 2231,1265 2214,1259 2199,1268 2192,1267 2184,1274 2179,1268 2162,1272"/>
                <Baseline points="2165,1299 2199,1305 2234,1305"/>
                <TextEquiv>
                    <Unicode>ila</Unicode>
                </TextEquiv>
            </TextLine>
            <TextEquiv>
                <Unicode>ila</Unicode>
            </TextEquiv>
        </TextRegion>
    </Page>
</PcGts>
