2296 3344
101 1100 218 1181 lo c.pl
550 193 704 270 abula
229 245 1048 323 concepto patte concipitur filium: concepta essentia con¬
235 311 841 353 cipitur persona. fo. xtiiii. co. iii. . nii.
242 348 1042 398 conceptus communis qualiter generatur. folio. xt vi.
232 390 493 442 columna quarta¬
236 428 1050 481 conclusiones theologice sunt vatietates non formali¬
223 475 1042 531 tet in sacta sctiptura contente: sed e hiis deducibiles. fo
232 512 490 562 lio. Ii. col. ptima.
235 551 1038 601 conclusio practica sequitur ex duabus primissis: quatum
224 592 934 637 vna est practica cuter alia speculativa. fo. xv. co. iii
226 631 1055 702 conditiones in canonizatione sanctorum obseruande
233 666 655 719 que sunt. fo iii. co. tertia.
235 702 1035 764 conditionem tequisite ad diuisionem sufficientem ad in¬
226 753 1048 796 ferendum vnum membtotum de maximo qu minimo.
226 791 552 843 fo. Dex vii. col. prima.
223 822 963 890 conatum voluntatis est voluntas. so. Ali. co. iiii.
232 868 1035 931 conatum pius facit ad tationem meriti quae garatia. folio
505 909 679 956 himori mmi m x ¬
232 911 504 960 codem. coi tertia.
236 945 1048 1011 cognitio aut potium continuatio tempotis non tequiti
229 995 748 1039 tur ad peccatum. fo. iiii. co. quaita.
241 1027 1039 1087 cognitio partialiter concutrit ad volitionem. folio. Dti.
238 1072 476 1126 columna prtima
236 1112 1052 1170 complece significabilia non sunt ponenda. folio. etvi.
236 1151 490 1206 columna prtima.
917 1185 1038 1238 Ieptus
232 1189 916 1240 comptehendete quid est fo. xvii. col. secunda.
235 1229 1047 1283 Corpus finite intense album per additionem albedinis
236 1277 853 1322 desinit esse album. fo. hoxtii. col iiii. o seqd
235 1313 1045 1374 Corpus aliquod est calidum or semper efficitur calidius
232 1359 890 1402 caliditatem deperdendo. fo. hexxii. co. tertia.
233 1398 1049 1447 Cotpotis non calidi quelibet pate proportionalis est ca
231 1434 418 1485 lida. ibidem.
230 1463 1041 1520 Corpus sphericum non tangit planum. fo. hoxx vii. colm¬
235 1516 1048 1562 corpu difformiter loneum est ita lonsum sicut logissi¬
227 1558 994 1602 ma parte eius. fo. hxcv. co. iiii. on fociiii. co. quatta
232 1594 1039 1644 Cotpum vnum dicitur maium alio dupliciter. fol cis. col. iii
224 1639 1047 1681 Cotpus vnum equale in intensione ouae quantitate cum alio
237 1674 879 1719 est eo in infinitum actiuius. fo ciiii. col. ii.
876 1678 911 1723 idm
223 1706 1044 1776 Corpu in infinitum vniformiter calidum non semper est
234 1757 838 1800 infinite actiuntatis. fo. ciiii. co. secunda.
841 1757 886 1803 si.
232 1782 1039 1842 corpus finite calidum per finite quantitatis per tarefa¬
235 1838 1049 1894 cionem acquisitionem efficiturinfinite calidum. folio
232 1877 484 1927 leces. co. secunda
236 1915 1048 1975 cot parrimo oune vltimo informatur ab anima. fol. hexiii.
235 1961 490 2010 columna quatta.
223 1995 1039 2047 copula secundunde castto est tota propositio. fto. v. co. iiii
236 2041 1041 2093 consequentia bona per additionem eiusdem termim antecede
223 2073 949 2126 ti esgo consequenti desinit esse bona. fo. viii. co. quarta
230 2119 961 2174 conseruatio dupliciter capitur. fo. lorxiii. col. iiii
238 2157 660 2201 consetuans duplex. ibidem.
236 2192 1057 2255 contenta sub eadem specie non semper eque conueni¬
228 2239 571 2290 unt. fo. iiii. colquarta.
238 2275 1044 2325 continuatio naturalis actu non est peccatum. folio.
223 2323 565 2367 liini. columna quatta.
232 2360 912 2413 contiatietam multi plec. so. hviii. co. iiii. ee sed
232 2400 982 2445 contingens bifatiam capitur. fo. xciii. co. iii. c. iiii.
230 2431 1047 2501 contingentia terum futuratum siat cum ptrescientia
233 2482 532 2531 dei. fo. cv. co. tertia
242 2523 1041 2581 contradientorio vno posito deponitur teliquum. folic
236 2560 538 2608 zcvi. co. ii. on tertia. e
232 2599 1048 2663 Conuetsio per contrapositionem non est bona consequentia nec
235 2644 625 2686 conuersio. fo. &l co. quarta
236 2685 1045 2741 continere primo virtualiter quid est. fo. xvi. co. tertia.
241 2720 808 2772 Continentia vittualis duple. ibidem.
231 2761 1055 2814 culpa minotmultotiens punitur grauioti prcena quae ma
226 2798 653 2866 iote fo. l. col iiii. o. hi. coli.
1314 195 1561 267 hilateriarum.
1574 261 1619 320 p
1276 305 1930 375 finiel falsos senes subtiliter conuicit. fo. cri¬
1267 359 1539 408 columna quatta.
1244 393 1939 447 pecem gradus gtauitatis in secundo loco ad
1150 394 1219 451 Ppr
1129 415 1930 484 sre Hditi non tantum faciunt descendete sicut de
1124 484 1786 532 cem pradus in primo loco additi. fo. liiii. co. i
1122 514 1739 568 eciperedireecte quid est. fo. c. co. iii. ec. mi
1117 557 1883 607 peleti de libro vite dupliciter capitur. to. ncvii. co. iiii.
1117 596 1786 646 pemonsitatio non producit fidem. fo.i. co. ii
1123 634 1926 684 emonstratio qouner voluntas non producunt perfectio¬
1110 676 1930 720 tem assensumclicet bene argumentum topicum ornr vo
1108 717 1933 776 lunta) quae demonstratio sine voluntatis concuisu. folio
1115 754 1484 808 eodem. columna quaita.
1114 793 1921 863 emones ctedunt onr contremiscunt quo modo intelli
1121 832 1408 887 gitur. to ii. cotin.
1120 863 1919 947 eus non potest sesolo producere fidem. folio secundo.
1107 911 1374 968 columna quartta.
1117 956 1929 1009 peus est iudicium omnium verotum quae dissensus fal¬
1120 995 1467 1047 sotum. fo. vi. col. prima
1109 1037 1893 1087 peus semper fruitur vel vtitut nobis. fo. xviii. co. i.
1112 1076 1922 1137 peui inquantum deus. est subiectum theologie. folio¬
1112 1109 1372 1165 vondui: co. secunda.
1123 1156 1879 1205 eus non cognoscit aliquid scientifice. so. x. coliiii.
1118 1197 2250 1266 peus est. non est pet se notam beatis. fol viii. col. i. peusceee cont ete e tedund
1112 1236 2244 1315 peus est. non est endens in lumine naturali. ibidem co Ce re Teetev
1113 1276 1468 1330 lumna prtima oe tertia.
1117 1308 1922 1375 peus potest infotmare materiam secundum loarnen
1124 1354 1505 1410 de ripa. fto. Dic. col. quarta.
1117 1399 1829 1457 peus non mouetur per loca coter tempora. fo lii. co. in
1122 1441 1923 1501 Deus necessatio est creans vel non cteans: est veta. folio
1115 1476 1375 1530 alii. col. secunda.
1430 1481 1485 1530 a M
1120 1520 1782 1574 Deus ponitur in predicamento. fo. vliii. co. i.
1111 1560 1927 1627 peus est smpliciot angelo quad anima intellectiva. folio
1120 1598 1352 1651 plini. co. ptima.
1117 1641 1919 1698 peus potest vnam tem per instans solum conseruare.
1111 1685 1642 1737 fo. lyi. infine. o fo. lyii. in prtincipio
1118 1718 1914 1782 peus non potest plura scite quae scit. fo. xcv. co. iiii. in fine
1121 1764 1800 1821 peus quamlibet partem continui videt. fo. &cii. co. ii
1123 1802 1923 1870 deus in lumine naturali ponendus est alia a se cognosce¬
1118 1845 1426 1893 re. fo. &cii. co. prima.
1115 1884 1928 1939 peus in essentia simplem complexe cognoscit. fol. Tcii.
1115 1922 1354 1973 columna tertia
1120 1965 1911 2015 peus est notitia appreliensiua falsi: sed non iudicatiua
1113 2005 1405 2052 folio. cv. co. tertia
1114 2026 1921 2116 peus est vbique per paresentiam potentiam est essentiam.
1962 2042 2213 2124 ⁋es vecluset a
1121 2084 1378 2136 fo. xcuii. co. ptima
1120 2120 1929 2180 eus est in loco infinito imaginario etta calum. ibidem.
1117 2168 1919 2230 Deus effectus naturaliter ouer secundum fidem conseruat.
1114 2203 1466 2258 folio. houiii. co. quatta.
1111 2237 1796 2296 peus non potest decipere nec decipi. fo. c. co. ii.
1126 2283 1903 2344 eus ad omnem effectum equaliter concurtit. fto. c. col. s.
1951 2272 2199 2369 p. u aod Pvs
1116 2326 1921 2381 peui poterat fecisse mundum istum meliotem acciden
1108 2375 1696 2416 taliter sed non essentialiter. fto cii. co. ii.
1114 2390 1923 2459 peus potest mundum perfectiotem isto essentialiter producete. ibidem.
1114 2449 1927 2510 peus non videt suptemum indiuiduum cteatura pro¬
1116 2485 1500 2531 ducibile ab eo.fo. cii. co. iii
1118 2522 1931 2596 peus potest creare infinitum multitudine magnitudi
1110 2563 1572 2617 ne eud intensione. fto. cvsi. co. iii.
1117 2606 1930 2675 eus potest mouete corpus infinitum vndiquaque cit¬
1114 2643 1567 2702 culatiter ugd reete. to cii. col. ii.
1119 2687 1924 2752 eum esse infiniti vigotis naturali tatione concludi ne
1111 2732 1390 2776 quit. fo. xxxv. col. ii.
1124 2767 1936 2837 eus vult omnes hiominem saluos sieri dupliciter epo¬
1112 2815 1410 2872 nitur to. ctvli. co. i.
1652 2845 1753 2905 am iiii
