2446 3918
566 275 2134 397 At nostra disputatio de fidei dogmatibus
573 378 1034 470 instituta est.
646 473 2128 597 brs12. Dogmata quaedam sunt scripta, quae
578 577 2115 701 dam ex Apostolorum traditione in mysterio &
576 674 2128 796 occulto tradita & recepta, quorum vtraque pa
568 777 1556 885 rem vim habent ad pietatem.
661 865 2123 989 Quum in Ecclesia cantari solitus esset hic
571 969 2147 1085 versus, Gloria Patri & Filio cum Spiritu san
556 1065 2128 1196 cto: plerique ex Graecis (qui vt plurimum
550 1162 2122 1283 fuere in Spiritum sanctum iniquiores) hoc
555 1264 2129 1392 loquendi genus repudiabant, cum Spiritu
554 1360 2125 1477 sancto: vt ita Spiritus sancti Deitatem nega
548 1457 2128 1572 rent. Hac de re longum sermonem instituit
557 1536 2137 1669 Pasilius, & adductis Scripturae testimonis as
564 1650 2130 1773 serit Deitatem Spiritus sancti. Tum agno
560 1745 2120 1869 scit quidem superius loquendi genus non
561 1850 2111 1965 reperiri in Scriptura totidem verbis, sed af
553 1937 2135 2076 firmat satis esse quod res ipsa de qua ageba
554 2041 2130 2156 tur dilucide extaret in Scriptura. Inde obla
554 2126 2128 2245 ta occasione disserit de traditionibus non
554 2233 2108 2355 scriptis, & transit ad ipsos ritus Ecclesiasti
553 2331 2129 2453 cos, inter quos recenset vetustissimum illum
548 2433 2124 2549 morem quo Christiani a Paschatae ad Pen
554 2529 2128 2653 tecosten stantes adorabant. In hac igitur
545 2625 2112 2759 disputatione Pasilius non dubitauit propo
542 2722 2118 2852 nere quod vulgo iactabatur de arcanis Apo
539 2819 2127 2940 stolicis: ex quo fit vt Pontificij ex Basilij ver
549 2921 2119 3020 bis nobis insultent. Verum enimuero vt a
548 3017 2128 3141 gnosco ex animo bonitatem causae qua tum
550 3113 2128 3235 fretus erat Basilius, cum affirmabat Spiritum
548 3209 2120 3334 sanctum esse Deum, ita (quod tanti viri pa
