2446 3918
630 289 2202 436 simum, siquis eorum quae scripta sunt aliquid ve
658 392 2216 534 lit reijcere, aut eorum quae non scripta sunt, in
651 496 2220 614 troducere, cum Dominus noster dicat: Ques
650 600 2207 709 mea  vocem meam audiunt, alienum autem no
679 690 2214 829 sequuntur. ltem, Quicquid vel dicimus, vel
660 785 2192 932 facimus, id testimonio diuinarum literarum con
663 880 2211 1029 firmari debet. ltem, Apostolus sumpto ab ho
662 977 2218 1118 minibus exemplo(Gal. 2) Vehementissime in
662 1081 2212 1214 terdicit nequid eorum quae in Diuinis literis ha
663 1186 2036 1310 bentur, deleatur, aut, quod absit addatur.
754 1281 2218 1405 ltem, Si omne quod ex fide non est, pecca
653 1384 2217 1510 tum est, fides autem ex auditu, auditus autem
656 1474 2212 1619 per verbum Dei: sine dubio, cum quicquid ex
650 1567 2218 1710 tra diuinam Scripturam sit, ex fide non sit, id
650 1680 2218 1811 peccatum est. ltem: Stemus arbitratis inspiratae
653 1770 2219 1923 a Deo Scripturae, & apud quos inueniuntur dog
651 1874 2224 1990 mata Diuinis oraculis consona, illis omnis veri
651 1984 2223 2090 tatis adiudicetur sententia. Item: Eorum quae
652 2074 2219 2202 apud nos in vsusunt, ta verborum quam rerum, a
654 2170 2220 2294 lia distincte tradita sunt in Scripturis, alia pre
650 2256 2215 2397 termissa: scripta, nullo modo omittenda sunt: de
647 2360 2215 2494 iis autem quae praetermissa sunt, regulam habe
657 2457 2219 2581 mus a Paulo traditam. Omnia mihi licent, sed
651 2577 1407 2693 non omnia expediunt.
706 2657 2211 2781 Hieronruius: Ecclesia Christi in toto
646 2760 2214 2886 orbe Ecclesias possidens, Spiritus vnitate coniun
656 2858 2220 2981 cta est, & habet vrbes Legis, Prophetarum, E
653 2954 2221 3093 uangelij & Apostolorum:. Non est egressa de fi
651 3056 2246 3181 nibus suis, id est, de Scripturis sanctis. Item:
655 3161 2219 3286 Quae absque authoritate & testimoniis Scriptu
643 3249 2220 3389 rarum quasi tradiaione Apostolicasponte confin
