2446 3918
547 302 2103 436 ris esse statuenda, at ritus Ecclesiasticos, si
549 404 2102 549 sint cum Scriptura consentanei, si aedifica
550 512 2108 637 tioni Ecclesiae seruiant, denique si commu
551 609 2109 733 ni Ecclesiae consensu recepti sint, esse ma
551 712 2089 846 gna cum reuerentia obseruandos: quaeren
555 809 2117 925 dum est, vtrum haec veterum sententia cum
558 898 2093 1020 sacris literis conueniat, vt eatenus recipia
552 993 2118 1132 tur, quatenus fifrmamentum habebit in Scri
558 1137 807 1237 ptura.
680 1192 2126 1344 Quia vero de solis dogmatibus ad fidem
552 1290 2120 1422 salutemque necessariis, nostra haec instituta
570 1392 2110 1523 est disputatio, ne videamur vagari extra
567 1481 2119 1620 terminos propositae quaestionis, hic sub
566 1584 2118 1722 sistemus, nec aggrediemur disputatonem
573 1681 2119 1798 de ritibus Ecclesiasticis: quam, si res postu
559 1779 2084 1901 larit, & Dominus concesserit, in aliud tem
569 1891 1150 2013 pus differemus,
655 1969 2132 2093 Haec habui quae disputarem de verbo Dei
576 2073 2115 2200 scripto adversus humanas traditiones ex
577 2169 2109 2290 doctissimorum hominum scriptis collecta:
566 2265 2124 2405 atque ex nostra methodo, theologice simul,
568 2361 2123 2486 & scholastice tractata. Ex quibus omnibus
570 2457 2124 2575 elucescit nostrae sententiae veritas, superatis
572 2553 2100 2670 errorum & fallaciarum tenebris, summo il
570 2649 2127 2790 lustrique loco ante omnium oculos consti
573 2752 2134 2869 tuta: sic enim sententiam nostram propo
566 2849 2107 2980 suimus, explicauimus, confirmauimus: ad
563 2946 2133 3061 uersariorum autem errorem refutauimus, &
570 3048 2136 3179 eorum argumenta, cum ex sacris literis, tum
566 3146 2126 3278 ex scriptis veterum petita dissoluimus: vt o
