2446 3914
574 273 2149 388 narum cognitonem praeclare comparauit cum
585 368 2147 485 Aegyptiorum diuitiis, quas secum Israelitae ab
585 466 2152 582 stulerunt: certe dum hodie plerosque vide
587 568 2160 685 mus diuitiis illis peregrinisque ornamen
589 658 2152 766 tis, ad conflandum erroris idolum abuti, ae
588 753 2151 875 quissimum fuerit pios ac doctos homines il
587 856 2156 973 las ipsas diuitias liberaliter impendere ad
600 953 2155 1052 constituendum Dei tabernaculum, & ad
598 1050 2161 1166 veritatem ipsius adversus humanos errores
605 1155 1223 1270 propugnandam.
703 1241 2162 1366 Ac tantisper dum illi qui & Theologiae
575 1337 2159 1443 studio & τζοπς παιδείας scientia excellunt, id
610 1440 2172 1556 praestandum suscipiant ego in eorum ado
604 1531 2165 1653 lescentum gratiam, qui sunt Theologiae can
604 1633 2191 1748 didati non dubitabo aliquid ea de re leui
611 1729 2157 1837 ter adumbrare, vt huic nostrae ταοααθις &
605 1826 2195 1950 crassioribus lineamentis viuos illi postea co
608 1928 1137 2021 lores addant.
695 2024 2166 2142 Duplicem esse statuo Theologicam tra
593 2121 2158 2237 ctationem: vunam, plenam & vberiori sty
598 2218 2154 2351 lo compositam, quae & rudes doceat, & tar
593 2321 2164 2430 dos excitet ad veritatis doctrinam ample
612 2418 2171 2516 ctendam: Alteram autem, accuratam
606 2513 2165 2645 quidem fed contractam, & quae sepositis
604 2602 2159 2724 iis quae: ad commovendos animos adhi
601 2705 2164 2828 bentur, detractaque orationis veste, res
606 2801 2166 2924 ipsas simpliciter & enucleate nobis expli
599 2906 2158 3022 cet, atque argumenta nuda proponat: ita vt
592 2996 2153 3129 ipsa rerum veritas oculis propemodum con
585 3089 2158 3214 spici & digitis attrectari possit. Haec fortas
588 3192 2165 3317 se minus erit iis grata, qui orationis splen
