2446 3914
768 1273 1801 1373 Vum Tertullianus in aciem
743 1370 1802 1493 disputationis prodiret, sole
725 1460 1801 1601 bat summam quaestionis (sic
743 1569 1801 1685 enim ipse loquitur) certis lin
729 1665 1802 1798 neis determinate & gradum
241 1755 1795 1893 conferre, ne extra rem ipsam vagari liceret.
253 1857 1796 1981 Quod vt etiam ipsi faciamus primum om
238 1956 1777 2069 nium proponemus nostram, hoc est Eccle
242 2049 1781 2173 siae ex verbo Dei reformatae de ipso Dei
244 2145 1802 2269 verbo sententiam. Haec autem est eiusmodi,
243 2243 1799 2366 Omnia dogmata fidei Christianae necessaria in
240 2354 1103 2460 Scriptura sacra contineri
335 2426 1801 2565 Hanc nostram sententiam sic exponimus
236 2546 1802 2662 ex illo loco Epistolae ad Hebraeos, qui no
238 2634 1795 2756 bis huiusce disputationis fontes aperuit.
260 2737 1802 2853 Veteris Testamenti temporibus Deus lo
237 2833 1797 2926 cutus est Patribus nostris multifariam multis
242 2929 1799 3053 que modis. Nempe per oracula, visa, somnia,
237 3033 1802 3162 per Vrim & Thummim: denique per ipsos
231 3129 1798 3246 Prophetas afflatu Spiritus Dei loquentes. l
240 3224 1802 3355 psum autem Dei verbum eodem Spiritu di
