2446 3914
228 257 1808 387 zianzenus (est enim aliquid ad superiores
222 353 1805 476 obiectiones respondendum) Sophistas esse
238 449 1804 572 Moabitarum & Ammonitarum similes, qui
221 538 1804 669 a Dei templo arcebatur, modo simul agno
231 649 1807 777 scamus, recte ratiocinandi praecepta non
226 745 1803 868 cum Moabitis & Ammonitis, sed potius
232 841 1790 959 cum Tyriis illis & Sidoniis esse comparan
227 938 1791 1061 da, quorum opera ad templum domini ex
227 1034 1795 1132 aedificandum Solomonem vsum fuisse me
224 1136 1794 1271 moriae proditum est. Laudetur etiam Basi
224 1225 1794 1356 lius, quod Sophisticen dixerit esse bellatri
223 1329 1779 1452 cem: dummodo eo magis amemus vera il
231 1433 1783 1548 la arma, quibus nos τζοπος παιδειας instruit ad
244 1529 1783 1645 veritatem propugnandam, Denique liben
228 1626 1788 1740 ter, si placet, audiatur exclamans Tertullia
223 1721 1787 1837 nus adversus eam quam vocat struendi &
236 1817 1802 1933 destruendi versipellem artificem: nimirum
222 1914 1808 2029 illam artem vaxι, quae probabilia tantum
236 2003 1806 2132 consectans, nusquam pedem figit. At nos
229 2113 1809 2229 interea disciplinam αιανοικιν honorifice ap
236 2195 1808 2325 pellemus, quae necessaria a probabiliby di
228 2305 1797 2409 scernens, ita vera struit, ac falsa destruit, vt
228 2394 1794 2530 semper maneat sui similis, quippe subnixa
236 2488 1772 2604 constantissimo veritatis fifrmamento. At
225 2584 1774 2718 que hanc quoque fuisse veterum sententia
227 2690 1776 2800 de Poctrina recte differendi, facile nobis
222 2792 1758 2923 assentietur, quisquis veteres ipsos diligen
233 2888 1766 3005 ter attenderit. Quid enim ille ipse Naaian
226 2985 1780 3109 genus quem isti nobis obiiciunt; Veritas,
225 3082 1784 3205 inquit, logicis disputationibus trita in luce
241 3176 1777 3302 profertur. Quid porro Pasiliuso vera Diale
