2446 3918
586 265 2149 405 nus suam illam oppositionem referant, vt
595 369 2144 493 aliquid efficiant in conclusione? At in con
596 466 2155 590 sequente, pedem referunt & tantum dicunt
601 562 2145 701 quaedam ad salutem necessaria non fuisse
589 665 2150 781 scripta. quum dicendum esset (siquidem ex
592 761 2145 885 arte ratiocinandi argumentarentur vt pau
595 856 2136 971 lo ante dictum est) nulla ad salutem neces
600 948 2151 1077 saria fuisse scripta. sed illos manifesta rei
597 1056 2142 1173 veritas hoc in loco deterruit. Atque vt vi
603 1145 2146 1269 deant quam sint infoelices in hac sua oppo
599 1249 2160 1381 sitione, quaero annon habeant fideles ea o
600 1344 2167 1479 mnia scripta in corde quae sunt scripta in ta
607 1442 2160 1562 bulis ad fidem salutemque necessaria? Cer
615 1538 2151 1653 te. Sic enim Ioanes: haec scripta sunt vt cre
611 1634 2172 1757 datis & vitam aeternam habeatis. Tantum
608 1724 2165 1866 igitur abest vt posita vna, tollatur altera, vt
600 1833 2157 1964 potius vna sit via ad alteram, nempe Scriptu
589 1923 2154 2054 ra visibilis Apostolorum ad Scripturam in
602 2019 1528 2149 uisibilem Spiritus sancti
674 2129 2161 2252 Quintus errori,    ,
602 2224 2177 2349 quia supponunt alia vocabula quam quae, a
611 2322 2156 2443 Paulo vsurpata sunt. Sic enim Paulus, scri
615 2409 2159 2542 pta, inquit, non atramento, sed Spiritu Dei.
601 2513 2174 2637 Loquitur enim de Scriptura inuisibili, net
613 2601 2161 2742 propterea tollit visibilem Scripturam, teste
598 2705 2167 2844 illa ipsa epistola quam tum scribebat. At
607 2801 2170 2925 Pontificij longe aliter: non scripta in Ta
618 2899 2160 3030 bulis, inquiunt, sed per manus tradita. quod
616 3001 2164 3124 quidem est longe a Pauli tum verbis, tum
609 3105 1266 3211 mente resilire.
697 3186 2180 3318 Nunc istud Consequens Pontificiorum
