2446 3914
252 289 1804 430 dem Philosophiam cum Theologia maxi
241 401 1808 525 mo cum fructu miscuisse. Ego certe fateor
251 497 1816 620 miscuisse: atque etiam addo, confudisse, sed
252 594 1822 717 quum id magno cum fructu factum esse exi
241 696 1816 798 stimat, veniam dabit subtilis Doctor, si no
258 783 1815 908 possum illi hac in re assentiri. Quum enim
240 890 1818 989 Scholastici doctores non veram illam & α
252 993 1815 1101 ναλυτικην rationem differendi secuti sint(ut pau
252 1088 1815 1206 lo post dicemus) sed propemodum tantum
251 1185 1823 1301 luserint probabilibus, & vt plurimum vanis
251 1281 1816 1411 atque επιςικθις argumentis, non illi verum v
246 1377 1815 1502 sum, sed abusum potius philosophiae mihi
260 1473 1819 1574 videntur in Ecclesiam inuexisse. Mihi in
253 1569 1824 1684 quam videntur Scholastici doctores Sophi
256 1666 1809 1765 sticam illam meretriculam, vt honestae ma
256 1768 1813 1886 tronae, sic Philosophiae nomine & pigmen
250 1864 1820 1966 tis exornatam in mediam Ecclesiam, cum
256 1961 1813 2092 maximo ipsius Ecclesiae damno, produxisse
250 2057 1823 2193 Atenim, inquies, non sine magnis laboribus
252 2153 1821 2285 multisque vigiliis acutam illam disputandi
247 2250 1810 2364 scientiam sibi compararunt: Sit ita sane: ve
253 2353 1818 2453 rumenimuero cum Scholasticos doctores
245 2441 1802 2566 in suis illis acutis disputationibus laboran
253 2544 1783 2646 tes, sudantes, anhelantes video, mihi Troia
257 2641 1797 2757 norum in mentem venit, qui magno labore
264 2737 1801 2853 e quum illum a Graecis fabricatum in suam
255 2832 1799 2956 vrbem introduxerunt, vnde consequuta est
258 2928 1796 3044 ipsius vrbis euersio. Sic enim Scholastici fal
253 3034 1804 3149 sam philosophiam magno conatu & studio
251 3129 1822 3246 in Ecclesiam attraxerunt, vt inde, tanquam
261 3233 1822 3349 ex equo Troiano, innumerabiles errores
