2446 3918
609 234 2161 357 non omnia scripserunt, eo quod non poterant o
610 339 2167 454 mnia portare: certe nec omnia quidem viua vo
612 433 2162 557 ce tradiderunt. & vi consequentis ille locus Io
609 537 2165 654 annis ad traditiones Apostolorum non scriptas fa
610 626 2157 750 uere non potest. Dicent fortasse, illa salutis
618 728 2164 853 nostrae mysteria de quibus Christus Apo
619 825 2163 950 stolos celatos voluit, fuisse cum Episcopis
627 928 2154 1044 Pomanis communicata: quod si ita est, cer
636 1024 2166 1140 te Episcopi Romani non amplius dicendi
628 1121 2166 1237 sunt Apostolorum tantum successores, sed
629 1217 2167 1340 ipsis Apostolibus omnibus longe superio
626 1314 1681 1455 res, Quod absit vt credamus.
643 1409 2166 1533 Corrigamus illumierrorem hoc modo,
651 1505 2172 1628 Licet Apostoli ante missum Paracletum
642 1601 2179 1725 non essent satis capaces mysteriorum Dei
645 1704 2172 1823 quae ad Euangelij doctrinam pertinent: ta
641 1794 2169 1936 men misso Paracleto, postquam in omnem
639 1898 2173 2004 veritatem deducti sunt, certissimum est o
635 1995 2186 2106 mnem veritatem quae ad salutem nostram
643 2089 2169 2212 pertinet fuisse ab illis & viua voce tradi
640 2194 2178 2308 tam & literarum monimentis consigna
646 2306 845 2381 tam.
716 2386 2177 2508 Paulus laudat Ccrinthios quod ipsius tradi
648 2489 2169 2606 tiones retinerent. Ergo multa tradidit viua  vo
642 2584 1272 2708 ce quae non scripsit.
754 2682 2192 2795 Antecedens patet. 1. Cor. 11. Laudo vos, in
672 2784 2175 2900 quit, quod omnia mea meministis & sicut tra
652 2881 1704 2980 didi vobis traditiones retinetis.
758 2976 2183 3077 Excutio Antecedens. Locum illum Pau
647 3073 2173 3188 li Chrysostomus & Ambrosius, nec non a
649 3169 2166 3284 liquot ex doctissimis recentioribus, intel
