2446 3918
636 281 2183 404 cra nobis magis magisque commendata esse
662 379 951 477 debeat.
738 473 2200 598 Paulus praecatus est vt videret facien Thessa
648 569 2184 693 lonicensium, & ea quae ipsorum fidei deerant co
651 659 2191 795 pleret. eroo traditioni viuae vocis multa reser
650 746 1938 885 uabat adfidem salutemque necessaria.
752 866 1786 989 Antecedens patet ex 1. Thess. 2.
756 962 2184 1086 Expono Antecedens. Plerique ex veteri
671 1057 2183 1194 bus locum illum intelligunt de doctrina. Chry
661 1161 2167 1254 sostomus refert ad doctrinam de resurre
668 1248 2175 1350 ctionem mortuorum. Ambrosius ad doctri
657 1353 2197 1469 nam de Trinitate. Quanquam parum sibi
657 1448 2191 1563 videtur constare Chrysostomus. sic enim
647 1545 2170 1669 ille: Non quasi vobis (inquit) quidquam fi
649 1649 2199 1764 dei desit, aut quicquam discere debeatis.
653 1746 2208 1862 Et gideo hanc veterum sententiam aliquot
646 1840 2200 1957 doctissimis recentioribus non displicere.
653 1936 2199 2053 Alij vero exponunt nomen fidei de ipsa
660 2026 2206 2146 fidei constantia. Vt in eod. cap. Nisi vt co
656 2130 2183 2246 gnoscerem fidem vestram, &c. Nituntur au
658 2224 2199 2350 tem his rationibus, 1. quod tribuatur Thessa
647 2328 2203 2436 lonicensibus fidei x. vt ante dictum
662 2419 2196 2540 est. 2. Non dubium est quin Thessalonicen
646 2522 2207 2638 ses illi fuerint baptixati & idcirco plene in
645 2617 2199 2734 stituti in religione Christiana. Multa affe
643 2720 2199 2836 runt argumenta eodem spectantia, ac prae
650 2809 2210 2932 sertim proferunt totum cap. 2. prior. ad
657 2905 2203 3044 Thess. &c. Verum eligant Pontificij vtram
653 3009 2216 3125 velint interpretationem: nihil propterea
650 3097 985 3197 efficient.
738 3201 2209 3323 Nego igitur Consequens. Nam si fidei
