2446 3918
247 256 1798 373 nomen intelligitur de fidei constantia, er
247 354 1795 470 ror est in homonymia vocabuli. Si malint
245 457 1799 573 exponere de doctrina ipsa, error est παηα
253 553 1796 656 το εποισιον. Non enim ita recte concluditur:
239 640 1793 764 Aliquid deerant fidei Thessalonicensium,
251 745 1793 862 ergo Paulus non omnia illis viua voce tra
254 840 1794 965 diderat: vel, ergo non omnia ad fidem neces
242 931 1800 1060 saria scripta sunt ab Apostolis. Nam aliud
243 1033 1794 1157 est docere, aliud discere: & poterit esse υςι
244 1131 1800 1252 pnuae in discipulo, quum non erit in docto
241 1232 1801 1358 re. Itaque dicebat Paulus, eadem repetere
243 1328 1765 1445 vobis tutum est, ac mihi quidem non mole
240 1426 1780 1555 stum. Atque, vt redeamus ad Thessalonicen
231 1521 1783 1646 ses, Nostis, inquit, quae praecepta vobis de
238 1609 1789 1726 derimus, vt abstineatis a scortatione, &c.
233 1713 1783 1847 Sed, vt illud demus, certe non sequitur: Ali
237 1802 1786 1946 quid deerat fidei Thessalonicensium: ergo
231 1913 1783 2028 Paulus & reliqui Apostoli non omnia scri
234 2008 1775 2134 pserunt ad doctrinam Euangelij pertinen
228 2105 1768 2226 tia. Illa, inquam, omnia nullo rationis vin
222 2200 919 2324 culo astringuntur.
327 2304 1782 2398 Abducamus ad incommodum. Si valet hoc
214 2402 1786 2533 argumentum Pontificiorum. Apostolos multa
228 2504 1781 2613 viuae vocis traditioni reseruasse ad salutem Ec
214 2593 1781 2717 clesiae necessaria, quia Paulus optauit videre fa
221 2691 1790 2814 ciem Thessalonicensium, vt ea compleret quae i
216 2792 1789 2909 psorum fidem deerant: sequitur Paulum esse
215 2876 1779 3014 omnes Apostolos, & Thessalonicenses vniuer
217 2992 1179 3101 sam Ecclesiam. Absurdum.
279 3096 1813 3205 Retorqueamus argumentum. Si Pontifici in
206 3184 1811 3310 de probant suas traditiones quod Paulus apta it
