1500 2320
190 166 113 55 ultra
265 166 113 55 quas,
340 166 88 55 non
390 166 75 55 se
427 166 150 55 extendit
540 166 213 55 Metaphysicus.

218 212 78 39 Ex
257 212 92 39 hoc
309 212 157 39 apparet,
427 212 105 39 quod
493 212 170 39 deficiunt
610 212 131 39 dicentes

183 244 181 44 huiusmodi
322 244 209 44 cognitiones
489 244 84 44 de
531 244 111 44 Deo,
587 244 153 44 Metaphysi

183 279 92 38 cam
235 279 171 38 scilicet,
367 279 66 38 &
394 279 198 38 Theologicam
552 279 158 38 differre
657 279 92 38 solum

180 313 79 39 ex
219 313 119 39 parte
299 313 158 39 luminis,
417 313 106 39 quia
483 313 158 39 secundum
602 313 92 39 hoc
641 313 106 39 seque-

182 348 114 43 retur
258 348 165 43 oppositum
385 348 140 43 illius,
487 348 102 43 quod
551 348 89 43 iam
601 348 114 43 satis
665 348 76 43 con-

184 387 112 37 stat,
258 387 175 37 uidelicet,
396 387 100 37 quod
458 387 175 37 Theologica
595 387 137 37 ueritas
683 387 62 37 con

182 415 172 45 tineretur
314 415 93 45 sub
367 415 145 45 Metaphy
473 415 119 45 cali,
552 415 132 45 saltem
631 415 119 45 quantum

186 450 80 45 ad
226 450 93 45 rem
279 450 173 45 cognitam,
412 450 80 45 de
452 450 93 45 hoc
506 450 120 45 tamen
586 450 133 45 melius
666 450 80 45 pate

174 481 86 53 bit
223 481 73 53 in
259 481 147 53 sequenti
369 481 159 53 articulo.

239 551 311 52 ARTICVLVS
455 551 239 52 TERTIVS.

209 622 98 42 Ande
270 622 111 42 eadem
344 622 147 42 veritate
454 622 123 42 possit
540 622 184 42 considerare
675 622 74 42 Theo

184 656 112 43 logus,
262 656 67 43 ex
296 656 190 43 Metaphositus,
453 656 134 43 aliaeque
553 656 157 43 scientiae,
665 656 90 43 stante

184 687 141 50 earundem
290 687 176 50 scientiarum
419 687 165 50 diuersitate.

240 750 68 45 D
268 750 95 45 hoc
322 750 122 45 dico,
403 750 108 45 quod
470 750 81 45 si
511 750 122 45 esset
592 750 108 45 uera
646 750 108 45 opinio

247 795 123 39 eorum,
333 795 86 39 qui
382 795 123 39 dicunt
469 795 74 39 ad
506 795 210 39 distinctionem
666 795 86 39 scien

244 821 128 43 tiarum
334 821 167 43 sufficere
462 821 154 43 diuersos
578 821 116 43 modos
642 821 103 43 consi-

181 854 153 45 derandi
292 854 139 45 eandem
389 854 194 45 ueritatem,
542 854 111 45 tunc
611 854 97 45 non
653 854 97 45 esset

185 889 147 49 dubium,
292 889 107 49 quod
358 889 80 49 de
398 889 120 49 eadem
479 889 160 49 ueritate
599 889 134 49 posset
679 889 67 49 con

186 923 165 40 siderare
310 923 233 40 Metaphysicus,
502 923 69 40 &
529 923 192 40 Theologus,
667 923 82 40 quia

188 957 92 49 per
240 957 92 49 eos
293 957 210 49 Metaphysicus
463 957 144 49 diuinam
568 957 157 49 ueritate
672 957 79 49 con-

185 996 176 35 sideraret,
324 996 76 35 ut
362 996 189 35 naturaliter
513 996 164 35 cognitam,
639 996 63 35 &
664 996 113 35 Theo¬

179 1029 127 36 logus
264 1029 141 36 eandem
363 1029 240 36 consideraret,
560 1029 85 36 ut
589 1029 155 36 reuelatam

183 1058 140 44 Exempli
285 1058 140 44 gratia,
386 1058 114 44 sicut
463 1058 190 44 philosophus
602 1058 140 44 naturali-

184 1099 204 37 considerat
345 1099 146 37 eandem
446 1099 233 37 conclusionem
636 1099 116 37 quam
694 1099 58 37 ma

177 1125 196 50 thematicus,
334 1125 118 50 puta,
412 1125 131 50 terram
504 1125 105 50 esse
569 1125 157 50 rotundam
674 1125 78 50 alio

185 1161 130 47 tamen,
276 1161 65 47 &
302 1161 104 47 alio
368 1161 117 47 modo,
446 1161 91 47 nam
498 1161 157 47 physicus
616 1161 104 47 hanc
668 1161 78 47 con-

177 1196 148 47 siderat
284 1196 94 47 per
338 1196 148 47 naturam
446 1196 162 47 grauium,
567 1196 81 47 de
607 1196 121 47 cuius
675 1196 67 47 ra-

189 1235 111 36 tione
263 1235 86 36 est
312 1235 172 36 aequaliter
447 1235 111 36 ferri
521 1235 74 36 ad
558 1235 136 36 centrum
657 1235 74 36 ex
681 1235 62 36 om-

178 1263 79 45 ni
217 1263 131 45 parte,
309 1263 210 45 Mathematicus
479 1263 118 45 autem
558 1263 92 45 hoc
610 1263 105 45 idem
662 1263 79 45 pro-

186 1297 82 45 bat
233 1297 82 45 per
280 1297 188 45 aequalitatem
433 1297 176 45 distantiae,
574 1297 94 45 quae
633 1297 106 45 debet
691 1297 59 45 es-

171 1337 92 39 se
217 1337 139 39 inter
309 1337 185 39 centrum,
448 1337 77 39 &
463 1337 277 39 circumferentiam.

201 1362 88 54 Sed
252 1362 100 54 ista
314 1362 126 54 opinio
402 1362 100 54 mihi
465 1362 88 54 non
515 1362 126 54 placet
603 1362 126 54 Primo,
679 1362 75 54 quia

182 1399 189 42 sequeretur,
334 1399 101 42 quod
397 1399 126 42 nostra
485 1399 151 42 scientia
599 1399 139 42 sumeret
687 1399 63 42 spe

182 1435 111 39 ciem,
256 1435 62 39 &
280 1435 210 39 distinctionem
453 1435 86 39 non
502 1435 62 39 a
527 1435 148 39 ueritate
638 1435 86 39 rei
675 1435 74 39 sci-

177 1472 98 35 tae,
238 1472 86 35 sed
287 1472 61 35 a
311 1472 122 35 nostro
397 1472 98 35 modo
458 1472 147 35 sciendi,
568 1472 98 35 quod
630 1472 86 35 est
666 1472 86 35 absur

177 1499 104 45 dum,
242 1499 65 45 &
268 1499 130 45 contra
360 1499 196 45 intentionem
516 1499 130 45 Arist.
607 1499 78 45 2.
634 1499 117 45 Metaph-

213 1533 163 48 Praeterea
338 1533 188 48 sequeretur,
488 1533 100 48 quod
550 1533 138 48 veritas
638 1533 113 48 eiusdem

162 1541 50 41 as

175 1578 201 37 conclusionis
338 1578 88 37 non
389 1578 125 37 posset
476 1578 125 37 sciri:
564 1578 75 37 in
602 1578 113 37 eadem
664 1578 88 37 scien

177 1607 92 41 tia
229 1607 209 41 diuersimode,
399 1607 105 41 quod
465 1607 92 41 est
517 1607 144 41 falsum,
622 1607 92 41 cum
661 1607 92 41 scien

177 1637 91 37 tia
229 1637 168 37 naturalis
358 1637 129 37 possit
449 1637 194 37 demonstrare
604 1637 129 37 eandem
681 1637 65 37 con

177 1673 165 47 clusionem
304 1673 152 47 diuersis
418 1673 127 47 modis,
507 1673 152 47 scilicet
621 1673 89 47 per
659 1673 89 47 omnia

171 1705 253 48 genera
322 1705 304 48 causarum..

202 1737 204 48 Quapropter
362 1737 116 48 mihi
435 1737 160 48 videtur
551 1737 174 48 dicedum,
668 1737 87 48 quod

191 1775 143 41 diuersae
298 1775 167 41 scientiae,
429 1775 83 41 uel
477 1775 107 41 nullo
548 1775 95 41 modo
596 1775 155 41 considerent

184 1812 79 41 de
223 1812 119 41 eadem
303 1812 172 41 ueritate,
435 1812 93 41 uel
488 1812 79 41 si
528 1812 212 41 considerant,
687 1812 66 41 hoc

182 1840 87 50 pro
231 1840 112 50 tanto
306 1840 99 50 est,
368 1840 99 50 quia
430 1840 75 50 ab
467 1840 99 50 illa
529 1840 87 50 non
579 1840 161 50 recipiunt
691 1840 62 50 spe

185 1879 118 39 ciem,
263 1879 92 39 nec
316 1879 236 39 distinctionem,
512 1879 196 39 connectitur
656 1879 92 39 tamen

183 1914 94 40 eius
242 1914 141 40 cognitio
348 1914 141 40 diuersis
453 1914 106 40 alijs
524 1914 188 40 ueritatibus,
677 1914 59 40 a
688 1914 59 40 qui

185 1946 86 42 bus
234 1946 160 42 praefatae
357 1946 160 42 scientiae
481 1946 222 42 specificantur,
666 1946 62 42 &
678 1946 74 42 quod

176 1976 91 46 ita
228 1976 91 46 sit
280 1976 143 46 apparet
384 1976 78 46 in
423 1976 143 46 exemplo
526 1976 156 46 superius
630 1976 117 46 posito,

183 2013 148 42 constat
290 2013 121 42 enim,
371 2013 108 42 quod
439 2013 81 42 si
479 2013 162 42 physica,
601 2013 67 42 &
614 2013 135 42 Mathema-

181 2052 106 37 tica
247 2052 225 37 considerarent
432 2052 251 37 aliamueritatem,
643 2052 106 37 quam
696 2052 53 37 ro

182 2079 169 55 runditatem
315 2079 133 55 terrae,
411 2079 84 55 non
459 2079 121 55 essent
544 2079 169 55 distinctae
665 2079 84 55 scien

761 154 116 63 tiae,
838 154 64 63 &
864 154 167 63 probatur,
992 154 90 63 nam
1044 154 103 63 tota
1108 154 128 63 causa,
1198 154 116 63 quare
1262 154 64 63 di-

766 210 116 50 uersi
843 210 103 50 modi
907 210 193 50 cognoseendi
1061 210 218 50 diuersifioent
1228 210 103 50 scien-

767 245 108 36 tias,
839 245 96 36 est,
899 245 96 36 quia
959 245 84 36 per
1007 245 72 36 se
1043 245 180 36 separantur,
1187 245 60 36 &
1211 245 84 36 per
1247 245 84 36 acci-

764 277 111 40 dens
834 277 222 40 coniunguntur
1014 277 167 40 respectu
1139 277 153 40 eiusdem
1236 277 97 40 ueri-

773 313 136 43 tatis:
869 313 109 43 unde
937 313 163 43 uidemus,
1059 313 109 43 quod
1127 313 122 43 modus
1195 313 136 43 conside-

771 348 105 43 randi
841 348 151 43 scientiae
957 348 163 43 naturalis,
1085 348 81 43 qui
1132 348 81 43 est
1178 348 81 43 per
1213 348 116 43 reductio

760 381 106 37 nem
820 381 91 37 ad
866 381 151 37 primam
972 381 197 37 materiam,
1123 381 76 37 &
1153 381 151 37 primum
1244 381 91 37 moto

767 417 86 32 rem
816 417 86 32 (ut
865 417 111 32 supra
940 417 124 32 dictum
1026 417 111 32 fuit)
1100 417 86 32 est
1150 417 86 32 per
1199 417 74 32 se
1224 417 111 32 separa-

762 449 91 40 tus
814 449 65 40 a
840 449 103 40 modo
904 449 207 40 Metaphysici,
1072 449 91 40 qui
1124 449 142 40 reducit
1228 449 78 40 in
1253 449 78 40 pri-

761 484 105 41 mam
821 484 165 41 formam,
941 484 75 41 &
971 484 165 41 ultimum
1091 484 150 41 finem,
1196 484 105 41 ita
1241 484 90 41 quod

761 517 123 34 modus
843 517 205 34 cognoscendi
1007 517 191 34 philosophi
1157 517 177 34 naturalis
1279 517 55 34 du

767 550 92 41 cit
819 550 196 41 intellectum
976 550 79 41 in
1016 550 118 41 solam
1094 550 196 41 cognitionem
1238 550 92 41 rerum

764 584 209 42 naturalium,
931 584 126 42 modus
1015 584 126 42 autem
1099 584 209 42 Metaphysici
1252 584 84 42 asce

767 616 89 39 dit
818 616 76 39 ad
856 616 204 39 cognoscendas
1022 616 166 39 ueritates
1150 616 115 39 rerum
1213 616 115 39 abstra-

774 653 130 37 ctarum
865 653 234 37 principaliter,
1061 653 208 37 consequenter
1230 653 104 37 uero
1282 653 52 37 ue

771 684 132 39 ritates
867 684 132 39 entium,
964 684 72 39 nt
1000 684 108 39 eutia
1072 684 108 39 sunt,
1144 684 60 39 &
1168 684 193 39 sicdicendio,

768 725 175 42 contingit
902 725 189 42 quandoque,
1051 725 108 42 quod
1118 725 202 42 Metaphysica
1267 725 67 42 con

765 753 133 49 currit
858 753 93 49 cum
911 753 147 49 physica
1018 753 80 49 in
1058 753 240 49 consideratione
1245 753 93 49 eius-

767 788 90 46 dem
819 788 180 46 ueritatis,
960 788 116 46 sicut
1037 788 116 46 patet
1114 788 77 46 o.
1153 788 64 46 &
1179 788 103 46 xij.
1230 788 103 46 Metaph

771 821 89 41 ubi
822 821 127 41 Arist.
911 821 153 41 inquirit
1026 821 127 41 eandem
1115 821 165 41 ueritatem
1242 821 76 41 de
1267 821 64 41 sub

769 854 133 43 stantia
866 854 169 43 sensibili,
999 854 97 43 quam
1059 854 157 43 quaesiuit
1180 854 73 43 in
1204 854 133 43 naturali-

765 892 106 38 bus;
831 892 106 38 Hinc
897 892 106 38 Com.
963 892 132 38 ibidem
1056 892 132 38 dicit,
1149 892 106 38 quod
1215 892 93 38 hae
1255 892 79 38 duae

771 924 231 38 considerationes
966 924 122 38 unitae
1051 924 110 38 sunt,
1124 924 61 38 &
1148 924 134 38 necesse
1246 924 85 38 est
1282 924 61 38 una

773 956 110 46 earum
846 956 85 46 uti
895 956 73 46 in
931 956 122 46 altera
1004 956 134 46 scientia.

777 995 79 37 Si
816 995 106 37 quis
883 995 106 37 ergo
949 995 185 37 quaereret,
1095 995 146 37 Anistae
1187 995 146 37 scientiae

772 1026 121 38 essent
857 1026 182 38 distinctae,
1002 1026 73 38 si
1039 1026 206 38 considerarent
1209 1026 73 38 de
1233 1026 97 38 solaue

766 1060 116 39 ritate
847 1060 173 39 substantiae
986 1060 173 39 sensibilis,
1125 1060 69 39 in
1160 1060 104 39 cuius
1217 1060 116 39 conside-

765 1094 149 45 ratione
874 1094 203 45 concurrunt,
1036 1094 162 45 dicendum
1157 1094 135 45 esset,
1252 1094 108 45 quod

773 1126 100 40 non,
835 1126 112 40 licet
910 1126 187 40 considerent
1059 1126 162 40 ueritatem
1184 1126 125 40 illius
1258 1126 75 40 sub-

774 1160 147 38 stantiae
884 1160 147 38 diuersis
995 1160 123 38 modis,
1081 1160 111 38 puta,
1155 1160 74 38 in
1192 1160 135 38 quantum
1278 1160 61 38 sen

771 1197 140 37 sibilis
873 1197 64 37 a
899 1197 166 37 Naturali,
1026 1197 64 37 &
1052 1197 76 37 in
1090 1197 140 37 quantum
1179 1197 153 37 substantia

772 1232 83 44 est
819 1232 59 44 a
843 1232 189 44 Metaphysico,
997 1232 71 44 Et
1032 1232 106 44 ratio
1103 1232 95 44 est,
1162 1232 95 44 quia
1222 1232 95 44 isti
1269 1232 59 44 di-

769 1265 115 41 uersi
846 1265 256 41 modiconsiderandi
1063 1265 90 41 non
1115 1265 179 41 sufficiunt
1255 1265 77 41 ad
1281 1265 51 41 di

766 1296 197 42 stinctionem
924 1296 131 42 earum,
1016 1296 105 42 nisi
1081 1296 118 42 adhuc
1160 1296 118 42 esset
1226 1296 105 42 aliqua

763 1333 102 36 alia
827 1333 153 36 ueritas,
942 1333 77 36 in
981 1333 90 36 qua
1032 1333 153 36 praefati
1147 1333 128 36 modino
1224 1333 102 36 conuen

765 1366 114 42 rent,
841 1366 114 42 sicut
917 1366 89 42 est
968 1366 139 42 ueritas
1069 1366 127 42 entium
1145 1366 190 42 abstractorum,

767 1404 84 35 in
809 1404 98 35 qua
865 1404 98 35 non
921 1404 196 35 conueniunt
1075 1404 182 35 physicus,
1215 1404 70 35 &
1229 1404 98 35 Meta-

766 1434 189 49 physicus,
912 1434 116 49 ergo
985 1434 131 49 eodem
1072 1434 116 49 modo
1145 1434 175 49 dicendum
1261 1434 73 49 est

769 1464 85 47 in
811 1464 155 47 exemplo
924 1464 169 47 superius
1051 1464 155 47 posito;
1164 1464 99 47 Nam
1206 1464 127 47 quamuis

766 1502 231 42 Mathematicus,
957 1502 68 42 &
984 1502 177 42 naturalis
1120 1502 204 42 considerent
1270 1502 68 42 ter

767 1537 93 37 rae
820 1537 212 37 rotunditatem
992 1537 159 37 diuersis
1112 1537 133 37 modis,
1204 1537 119 37 adhuc
1271 1537 66 37 non

767 1571 166 42 sufficeret
897 1571 83 42 pro
945 1571 189 42 distinctione
1098 1571 142 42 illarum,
1205 1571 95 42 nisi
1252 1571 83 42 esset

767 1605 97 39 alia
828 1605 146 39 ueritas,
937 1605 73 39 in
974 1605 85 39 qua
1022 1605 146 39 praefati
1132 1605 97 39 modi
1181 1605 158 39 consideram-

764 1638 83 47 di
806 1638 97 47 non
847 1638 195 47 conuenirent.

800 1663 83 55 Et
842 1663 111 55 ideo
911 1663 208 55 descendendo
1078 1663 97 55 ad,
1134 1663 194 55 propositum
1272 1663 56 55 do

765 1710 205 42 Theologo,
923 1710 79 42 &
955 1710 253 42 Metaphysico.
1160 1710 142 42 Dico,
1239 1710 95 42 quod

765 1740 131 41 utique
857 1740 145 41 possunt
962 1740 250 41 eandemueritatem
1172 1740 158 41 diuersis
1277 1740 53 41 mo

771 1776 88 38 dis
821 1776 200 38 considerare,
983 1776 100 38 puta
1046 1776 125 38 istam,
1133 1776 100 38 Deum
1196 1776 100 38 esse
1246 1776 88 38 unum;

763 1807 235 43 Metaphysicus
954 1807 117 43 enim
1027 1807 103 43 per
1086 1807 191 43 naturalem
1218 1807 117 43 cogni-

769 1842 156 40 tionem,
882 1842 184 40 Theologus
1024 1842 113 40 uero
1094 1842 99 40 per
1151 1842 156 40 diuinam
1250 1842 85 40 reue

773 1874 149 50 lationem
885 1874 162 50 procedet,
1009 1874 87 50 sed
1059 1874 100 50 isti
1121 1874 100 50 modi
1184 1874 137 50 diuerse
1271 1874 62 50 con

769 1909 166 41 siderandi
897 1909 140 41 nunquam
999 1909 192 41 sufficerent
1152 1909 77 41 ad
1178 1909 153 41 distinctio

766 1950 93 38 nem
819 1950 119 38 harum
898 1950 211 38 scientiarum,
1070 1950 106 38 nisi
1136 1950 145 38 daretur
1228 1950 106 38 aliqua

765 1985 100 38 alia
828 1985 150 38 ueritas;
941 1985 75 38 in
978 1985 88 38 qua
1028 1985 163 38 praedicti
1154 1985 100 38 modi
1216 1985 88 38 non
1254 1985 75 38 con-

770 2015 169 44 currerent,
903 2015 109 44 sicut
975 2015 85 44 est
1024 2015 109 44 ista.
1096 2015 97 44 Deus
1157 2015 85 44 est
1205 2015 121 44 trinus
1278 2015 48 44 in

779 2046 167 37 personis,
908 2046 64 37 &
934 2046 103 37 unus
998 2046 77 37 in
1037 2046 167 37 essentia,
1166 2046 77 37 de
1204 2046 90 37 qua
1243 2046 90 37 solum

777 2081 89 48 per
828 2081 140 48 diuinam
930 2081 204 48 reuelationem
1096 2081 140 48 habetur
1185 2081 128 48 cognitio
