1500 2344
197 166 64 54 &
223 166 116 54 aliud
300 166 116 54 esse;
377 166 90 54 nam
428 166 116 54 pront
505 166 154 54 obiectum
621 166 116 54 habet
685 166 77 54 esse

197 210 157 43 cognitum
315 210 79 43 in
354 210 197 43 intellectu,
512 210 92 43 sic
564 210 118 43 mouet
630 210 131 43 volunta-

191 243 102 40 tem
250 243 102 40 per
308 243 131 40 modum
396 243 175 40 agentis,
527 243 88 40 in
571 243 161 40 quantum
673 243 88 40 vero

196 278 111 36 habet
270 278 98 36 esse
331 278 111 36 reale
405 278 111 36 extra
479 278 197 36 intellectum,
639 278 86 36 sic
676 278 86 36 mouet

192 313 95 42 eam
247 313 95 42 per
301 313 122 42 modum
383 313 136 42 finis,
478 313 109 42 quod
546 313 149 42 probant
654 313 95 42 per
695 313 68 42 Con

191 352 103 39 ment
256 352 64 39 1
281 352 77 39 2.
320 352 116 39 Meth.
397 352 90 39 vbi
449 352 103 39 ait,
513 352 103 39 quod
578 352 142 39 balncum
668 352 90 39 secu-

194 379 90 38 dum
246 379 116 38 esse,
323 379 103 38 quod
387 379 116 38 habet
464 379 77 38 in
502 379 116 38 anima
579 379 90 38 est
631 379 116 38 agens
695 379 64 38 de-

195 412 179 44 siderium,
333 412 165 44 secundum
457 412 110 44 esse
525 412 124 44 vero,
608 412 110 44 quod
663 412 96 44 habet

192 447 109 44 extra
265 447 133 44 animam,
362 447 85 44 est
410 447 109 44 finis
483 447 170 44 desiderij.
616 447 73 44 Ad
641 447 121 44 proposi-

193 483 89 41 tum
244 483 102 41 ergo
308 483 140 41 dicunt,
409 483 102 41 quod
473 483 152 41 cognitio
587 483 89 41 est
638 483 76 41 de
663 483 102 41 intrin

196 516 99 42 seca
258 516 137 42 ratione
357 516 137 42 obiecti
456 516 186 42 voluntatis,
606 516 112 42 prout
668 516 99 42 volun-

192 552 98 43 tas
248 552 153 43 mouetur
359 552 84 43 ab
401 552 84 43 eo
443 552 98 43 per
499 552 126 43 modum
583 552 167 43 agentis,
694 552 70 43 non

186 585 146 51 autem
283 585 146 51 prout
380 585 178 51 monetur
510 585 97 51 ab
558 585 97 51 eo
607 585 113 51 per
656 585 113 51 modum

179 615 100 46 finis.

222 629 98 61 Haec
283 629 122 61 posito
369 629 98 61 mihi
430 629 86 61 non
479 629 183 61 satisfacit,
625 629 98 61 quia
674 629 86 61 inci-

194 681 88 47 dit
245 681 75 47 in
282 681 101 47 idem
345 681 214 47 inconueniens,
521 681 101 47 quod
584 681 126 47 prima,
659 681 101 47 scili-

193 724 94 40 cet
246 724 121 40 quod,
327 724 161 40 voluntas
447 724 161 40 moueatur
568 724 107 40 ante
622 724 147 40 cognitio-

189 755 115 41 nem.
260 755 101 41 Nec
318 755 144 41 valet,
418 755 115 41 quod
490 755 144 41 dicunt
591 755 101 41 per
634 755 129 41 Commen-

191 793 172 38 tatorem
316 793 94 38 de
363 793 172 38 balneo,
489 793 125 38 quia
551 793 219 38 Commentator.

184 820 90 43 non
236 820 181 43 intelligit
378 820 90 43 per
429 820 103 43 esse
494 820 77 43 in
533 820 116 43 anima
610 820 103 43 esse
662 820 103 43 secun-

190 859 94 37 dum
243 859 216 37 intellectum,
419 859 94 37 sed
473 859 162 37 secundum
594 859 121 37 aliam
661 859 108 37 poten-

184 890 127 40 tiam,
269 890 113 40 puta
340 890 170 40 secundum
467 890 212 40 phantasiam;
637 890 113 40 vult
693 890 71 40 er-

184 925 85 43 go
226 925 170 43 secundum
354 925 114 43 hoc,
425 925 114 43 quod
496 925 156 43 Palneum
610 925 142 43 habens
695 925 71 43 es-

189 956 78 48 se
228 956 169 48 materiale
358 956 117 48 extra
436 956 130 48 animam
526 956 91 48 non
578 956 130 48 possit
656 956 104 48 secun-

190 992 91 41 dum
242 992 105 41 tale
308 992 105 41 esse
373 992 118 41 agere
451 992 118 41 motum
530 992 78 41 in
569 992 131 41 anima,
660 992 91 41 sed
700 992 65 41 se-

194 1033 131 32 cundum
285 1033 105 32 esse
351 1033 209 32 spirituale,,
521 1033 105 32 quod
586 1033 118 32 habet
664 1033 78 32 in
691 1033 78 32 ani-

190 1065 88 37 ma,
241 1065 101 37 puta
304 1065 76 37 in
342 1065 177 37 phantasia,
481 1065 114 37 prout
557 1065 190 37 illustratur
696 1065 63 37 per

185 1097 210 37 intellectum
353 1097 168 37 agentem,
479 1097 70 37 &
507 1097 98 37 sic
563 1097 126 37 mouet
633 1097 126 37 animam,

183 1131 106 39 non
243 1131 136 39 solum
334 1131 166 39 quantum
455 1131 91 39 ad
501 1131 227 39 desiderium,
667 1131 91 39 quod

190 1166 92 37 est
242 1166 79 37 in
282 1166 184 37 voluntate,
426 1166 92 37 sed
478 1166 118 37 etiam
557 1166 144 37 quantum
662 1166 79 37 ad
688 1166 79 37 com-

188 1197 231 46 gnitionem,
369 1197 132 46 quae
452 1197 116 46 est
518 1197 99 46 in
551 1197 215 46 intellectu.

225 1229 97 40 vel
281 1229 166 40 possumus
405 1229 152 40 dicere,
516 1229 111 40 quod
585 1229 152 40 balneum
682 1229 83 40 esse

183 1262 75 42 in
221 1262 125 42 anima,
309 1262 100 42 siue
371 1262 75 42 in
409 1262 175 42 intellectu
546 1262 125 42 potest
621 1262 138 42 intelligi

185 1297 192 41 dupliciter,
339 1297 90 41 vel
390 1297 141 41 quantum
492 1297 77 41 ad
531 1297 102 41 esse
582 1297 179 41 repraesenta-

185 1339 118 34 tatum
264 1339 92 34 per
316 1339 158 34 speciem,
435 1339 92 34 vel
488 1339 145 34 quantum
593 1339 79 34 ad
632 1339 105 34 esse
685 1339 79 34 com-

194 1369 137 45 gnitum
290 1369 96 45 per
345 1369 123 45 actum
427 1369 232 45 intelligendi;
618 1369 109 45 vult
673 1369 82 45 ergo

197 1401 187 40 Comment.
337 1401 124 40 quod
415 1401 171 40 balneum
539 1401 109 40 non
602 1401 155 40 moueat
695 1401 62 40 ad

182 1433 121 37 actum
262 1433 175 37 desiderij
397 1433 94 37 per
451 1433 121 37 illam
532 1433 148 37 formam,
640 1433 108 37 quam
694 1433 67 37 ha-

187 1468 75 43 bet
230 1468 64 43 in
262 1468 117 43 materia
347 1468 96 43 extra
411 1468 160 43 intellectu,
540 1468 75 43 sed
582 1468 75 43 per
625 1468 107 43 illam,
689 1468 64 43 quam

184 1504 114 32 habet
260 1504 114 32 extra
337 1504 152 32 materiam
451 1504 101 32 puta
514 1504 89 32 per
565 1504 140 32 speciem
666 1504 76 32 in
692 1504 63 32 in-

190 1537 152 42 tellectu
304 1537 190 42 existentem,
456 1537 101 42 quod
519 1537 88 42 non
569 1537 114 42 nego,
633 1537 126 42 siquidem

185 1572 97 42 per
241 1572 139 42 eandem
338 1572 139 42 formam
435 1572 139 42 credo,
533 1572 111 42 quod
602 1572 139 42 moueat
686 1572 70 42 in-

188 1600 172 48 tellectum
320 1600 79 48 ad
360 1600 119 48 actum
439 1600 225 48 intelligendi,
625 1600 66 48 &
638 1600 119 48 volunta

182 1638 98 37 tem
238 1638 84 37 ad
280 1638 126 37 actum
364 1638 154 37 volendi
476 1638 98 37 Sed
533 1638 98 37 sic
589 1638 154 37 dicendo
687 1638 70 37 non

186 1671 126 37 habent
275 1671 189 37 propositum,
426 1671 151 37 scilicet
539 1671 101 37 quod
602 1671 151 37 cognitio
703 1671 50 37 ip

186 1706 70 36 sa
221 1706 81 36 sit
268 1706 70 36 de
302 1706 162 36 intrinseca
430 1706 128 36 ratione
523 1706 139 36 obiecti,
627 1706 70 36 in
651 1706 104 36 quantum

183 1738 130 39 habet
269 1738 173 39 rationem
399 1738 187 39 mouentis;
543 1738 115 39 immo
615 1738 159 39 habent,

187 1774 104 40 quod
252 1774 78 40 ab
291 1774 117 40 eodem
369 1774 143 40 agente,
473 1774 104 40 puta
538 1774 65 40 a
564 1774 130 40 specie
642 1774 104 40 intel-

193 1803 155 53 ligibili,
312 1803 83 53 sit
360 1803 155 53 cognitio,
479 1803 60 53 &
503 1803 179 53 desiderium,
646 1803 95 53 quod
693 1803 60 53 ego

193 1844 122 39 etiam
261 1844 136 39 concedo.

226 1872 151 43 Videtur
336 1872 110 43 ergo
405 1872 110 43 mihi
473 1872 178 43 dicendum,
611 1872 124 43 actum
679 1872 69 43 ip-

183 1906 94 48 sius
242 1906 165 48 voluntatis
371 1906 82 48 ita
419 1906 153 48 supponete
536 1906 106 48 actum
595 1906 153 48 intellects,

181 1948 100 39 quod
244 1948 88 39 non
294 1948 151 39 supponit
407 1948 125 39 ipsum,
495 1948 113 39 quasi
570 1948 88 39 sit
621 1948 75 39 de
646 1948 100 39 intrin

181 1979 101 41 seca
244 1979 139 41 ratione
345 1979 139 41 obiecti
446 1979 189 41 voluntatis,
597 1979 88 41 nec
635 1979 113 41 inquan-

184 2011 99 43 tum
240 2011 99 43 est
297 2011 127 43 agens
382 2011 212 43 desiderium,
551 2011 99 43 nec
594 2011 155 43 inquantum

189 2048 87 34 est
238 2048 112 34 finis
313 2048 174 34 desiderij;
450 2048 87 34 nam
500 2048 87 34 nec
550 2048 125 34 intrat
624 2048 125 34 rationem

180 2077 155 51 praefati
296 2077 155 51 obiecti;
413 2077 91 51 nec
465 2077 181 51 cooperatur
607 2077 142 51 obiecto
697 2077 52 51 in

781 170 154 50 agendo,
893 170 98 50 vel
949 170 196 50 eerminando
1103 170 126 50 actum
1173 170 182 50 voluntatis,

793 209 126 42 Ratio
877 209 140 42 igitur
975 209 224 42 suppositonis
1157 209 126 42 horum
1241 209 140 42 actuum

778 242 115 45 inter
855 242 77 45 se
893 242 89 45 non
944 242 89 45 est
995 242 179 45 accipienda
1136 242 77 45 ex
1174 242 115 45 parte
1238 242 115 45 obiecti

781 277 182 41 voluntatis,
926 277 73 41 vt
963 277 85 41 sic
1011 277 146 41 indigeat
1121 277 97 41 actu
1181 277 194 41 intellectus,

784 311 116 50 quod
856 311 87 50 ex
900 311 87 50 se
943 311 102 50 non
1001 311 145 50 habeat
1103 311 174 50 virtutem
1219 311 131 50 mouendi

780 345 113 42 ipsam
856 345 189 42 voluntatem,
1007 345 101 42 nisi
1070 345 88 42 per
1120 345 101 42 actu
1171 345 176 42 intellectus.

782 379 91 39 Nam
834 379 117 39 sicut
912 379 156 39 ostensum
1029 379 104 39 fuit
1095 379 78 39 in
1134 379 195 39 praecedenti
1277 379 78 39 quae

780 416 141 35 stione,
883 416 90 35 per
934 416 128 35 eandem
1024 416 154 35 rationem
1140 416 116 35 monet
1217 416 154 35 vtramqu.

783 451 175 43 potentiam
917 451 81 43 ad
957 451 108 43 suum
1024 451 134 43 actum,
1119 451 148 43 propter
1226 451 108 43 quod
1280 451 67 43 non

782 480 113 47 mouet
858 480 101 47 vnam
921 480 76 47 in
959 480 139 47 virtute
1059 480 164 47 alterius,
1185 480 101 47 quia
1248 480 88 47 sic
1286 480 63 47 non

780 518 164 40 moueret
899 518 104 40 per
959 518 149 40 eandem
1063 518 178 40 rationem
1181 518 164 40 vtramque.

782 549 111 44 Quod
851 549 111 44 ergo
921 549 139 44 moueat
1018 549 111 44 vnam
1087 549 166 44 mediante
1212 549 125 44 alia,
1281 549 69 44 hoc

786 584 89 44 non
837 584 152 44 prouenit
951 584 102 44 nisi
1015 584 76 44 ex
1053 584 127 44 ordine
1142 584 165 44 naturali,
1269 584 63 44 &
1282 584 63 44 es-

785 618 153 41 sentiali,
903 618 82 41 qui
950 618 106 41 inter
1021 618 106 41 istas
1092 618 153 41 potentias
1198 618 141 41 reperitur;

778 652 109 44 sicut
851 652 121 44 patuit
936 652 73 44 in
972 652 182 44 praecedenti
1106 652 97 44 artic.

785 686 136 40 Posset
881 686 109 40 ergo
949 686 150 40 formari
1058 686 123 40 ratio
1140 686 82 40 ad
1167 686 177 40 propositum,

779 718 124 41 sicut
862 718 179 41 superius,
1000 718 138 41 quando
1096 718 193 41 arguebatur
1234 718 110 41 contra

780 758 129 37 pnimam
871 758 194 37 positionem.
1026 758 78 37 Si
1065 758 155 37 cognitio
1181 758 116 37 esset
1258 758 78 37 de
1284 758 65 37 in-

783 793 140 35 trinseca
888 793 128 35 ratione
982 793 128 35 obiecti
1075 793 175 35 voluntatis,
1215 793 82 35 vel
1261 793 70 35 si
1285 793 58 35 coo

784 825 171 37 peraretur
915 825 79 37 ei
955 825 79 37 in
994 825 158 37 causando
1112 825 105 37 suum
1178 825 131 37 actum,
1257 825 92 37 seque

783 859 136 38 retur,
879 859 109 38 quod
947 859 164 38 voluntas
1070 859 177 38 moueretur
1206 859 68 38 a
1233 859 95 38 non
1274 859 68 38 co-

784 892 145 41 gnito,
885 892 73 41 &
914 892 116 41 quod
987 892 174 41 obiectum
1117 892 102 41 non
1175 892 160 41 moueret
1277 892 73 41 sub

786 926 113 40 tadem
862 926 138 40 ratione
962 926 151 40 vtramque
1075 926 176 40 potentiam,
1213 926 113 40 cuius
1276 926 75 40 com-

779 964 153 41 trarium
890 964 167 41 superius
1016 964 111 41 fuit
1085 964 181 41 probarum:
1225 964 111 41 ergo
1280 964 70 41 &c.

780 990 91 46 Cum
832 990 104 46 ergo
897 990 183 46 quaeritur,
1041 990 117 46 vtrum
1119 990 117 46 visio
1197 990 91 46 sit
1250 990 78 46 de
1276 990 65 46 in-

777 1026 150 42 trinseca
890 1026 138 42 ratione
990 1026 138 42 obiecti
1091 1026 175 42 fruibilis:
1216 1026 125 42 dicendum

773 1061 103 40 est,
838 1061 103 40 quod
902 1061 103 40 non,
966 1061 103 40 quia
1031 1061 103 40 tunc
1095 1061 155 40 voluntas
1198 1061 142 40 frueretur

777 1102 92 37 non
830 1102 119 37 viso,
909 1102 66 37 &
935 1102 158 37 obiectum
1054 1102 158 37 fruibile
1173 1102 92 37 non
1212 1102 132 37 causaret

776 1128 91 46 sub
828 1128 117 46 eadem
906 1128 143 46 ratione
1010 1128 117 46 actum
1089 1128 169 46 visionis,
1219 1128 65 46 &
1245 1128 117 46 actum

769 1161 196 50 fruitionis;
926 1161 65 50 &
952 1161 91 50 hoc
1004 1161 157 50 sufficit
1121 1161 144 50 quantum
1226 1161 78 50 ad
1252 1161 91 50 psens

759 1233 401 41 ARTICVLVS
1037 1233 308 41 TERTIVS.

777 1265 119 43 Vtrum
856 1265 79 43 in
895 1265 171 43 fruitione
1027 1265 119 43 beata
1106 1265 158 43 obiectum
1211 1265 132 43 fruibile

792 1302 134 39 possit
886 1302 134 39 mouere
980 1302 107 39 vnam
1047 1302 202 39 potentiarum
1208 1302 81 39 ad
1235 1302 94 39 actum

945 1331 106 44 suum
1011 1331 106 44 sine
1077 1331 119 44 alia.

801 1501 99 45 Vnt
857 1501 99 45 hic
914 1501 99 45 duo
970 1501 113 45 mihi
1041 1501 155 45 dicenda
1154 1501 99 45 pro
1196 1501 141 45 declara-

773 1508 143 75 Dtione
873 1508 129 75 huius
958 1508 143 75 artic.
1059 1508 157 75 Primum,
1173 1508 129 75 vtrum
1244 1508 86 75 pos-

767 1572 85 40 sit
815 1572 122 40 mouere
901 1572 182 40 intellectum
1046 1572 73 40 ad
1083 1572 109 40 actum
1156 1572 158 40 visionis,
1265 1572 61 40 non

773 1609 154 34 mouendo
885 1609 196 34 voluntatem
1039 1609 84 34 ad
1081 1609 126 34 actum
1151 1609 182 34 fruitionis:

762 1636 181 46 Secundum,
901 1636 83 46 an
943 1636 139 46 possit
1040 1636 139 46 mouere
1137 1636 195 46 voluntatem
1276 1636 56 46 ad

770 1675 121 41 actum
850 1675 201 41 fruitionis,
1011 1675 94 41 non
1065 1675 148 41 mouendo
1159 1675 174 41 intellectum

770 1704 77 46 ad
809 1704 116 46 actum
873 1704 142 46 visionis.

788 1740 87 45 Ad
832 1740 145 45 primum
934 1740 189 45 respondet
1079 1740 145 45 Doctor
1180 1740 145 45 noster
1267 1740 73 45 Ae-

771 1776 124 44 gidius
857 1776 173 44 quolibetto
993 1776 74 44 3.
1031 1776 124 44 quest.
1117 1776 74 44 8.
1154 1776 136 44 dicens,
1253 1776 87 44 non
1290 1776 50 44 es

773 1805 72 47 se
809 1805 167 47 possibile,
940 1805 179 47 intellectum
1083 1805 119 47 videre
1167 1805 119 47 aperte
1238 1805 84 47 obie-

767 1839 105 48 ctum
833 1839 171 48 fruibile,
964 1839 66 48 &
991 1839 119 48 tamen
1070 1839 184 48 voluntatem
1215 1839 92 48 non
1254 1839 79 48 frui

766 1877 118 52 ipso,
845 1877 92 52 vel
897 1877 92 52 non
950 1877 158 52 diligere
1068 1877 131 52 ipsum,
1160 1877 105 52 quod
1213 1877 118 52 probat.

769 1909 148 44 quatuor
863 1909 161 44 rationibus

793 1943 71 44 Si
829 1943 178 44 intellectus
971 1943 119 44 posset
1055 1943 119 44 moueri
1138 1943 71 44 ab
1173 1943 131 44 obiecto
1257 1943 71 44 frui

768 1981 104 44 bili
833 1981 78 44 ad
872 1981 117 44 actum
949 1981 168 44 visionis,
1079 1981 91 44 non
1131 1981 104 44 mota
1183 1981 142 44 voluntate

765 2011 78 47 ad
804 2011 117 47 actum
882 2011 195 47 fruitionis,
1038 2011 182 47 sequeretur
1180 2011 104 47 quod
1232 2011 91 47 actus

763 2047 182 39 intellectus
908 2047 121 39 posset
993 2047 194 39 simpliciter,
1150 2047 61 39 &
1163 2047 157 39 vniuersali-

758 2082 91 46 ter
810 2082 155 46 sepatari
926 2082 78 46 ab
965 2082 103 46 actu
1030 2082 194 46 voluntatis,
1172 2082 155 46 consequens
