1500 2357
194 174 100 63 cum
251 174 185 63 probatur,
393 174 114 63 quia
465 174 171 63 videmus,
593 174 114 63 quod
664 174 100 63 hic
707 174 57 63 in

198 222 84 54 via
246 222 120 54 potest
330 222 120 54 obijci
414 222 132 54 aliquid
509 222 180 54 intellectui
653 222 96 54 pure
701 222 60 54 spe

192 260 185 40 culabile,
334 260 114 40 quod
405 260 99 40 non
462 260 142 40 moueat
561 260 199 40 voluntatem
703 260 57 40 ad

195 292 123 42 actum
277 292 150 42 amoris,
386 292 177 42 dicendum,
523 292 95 42 hoc
577 292 95 42 non
632 292 109 42 esse
686 292 82 42 simi

197 323 84 55 le,
245 323 97 55 quia
306 323 72 55 in
342 323 97 55 illa
402 323 133 55 visione
499 323 109 55 beata
571 323 145 55 obiectum
667 323 97 55 fruibi

193 360 77 41 le
232 360 179 41 necessario
372 360 141 41 videtur
474 360 89 41 sub
525 360 141 41 ratione
628 360 115 41 summe
691 360 77 41 dili

192 398 154 47 gibilis,
308 398 141 47 propter
410 398 103 47 quod
475 398 77 47 ad
513 398 116 47 illam
590 398 154 47 visionem
693 398 64 47 ne-

197 431 156 42 cessario
314 431 156 42 sequitur
431 431 117 42 actus
496 431 104 42 amoris

254 491 332 68 QV.AESTIO
483 491 204 68 QVINTA

191 554 115 50 Vtrum
268 554 90 50 vti
319 554 90 50 sit
370 554 115 50 actus
447 554 179 50 necessario
588 554 179 50 distinctus
716 554 51 50 ab

402 601 106 56 ipso
455 601 93 56 frui,

176 802 319 47 ARGVITVR
389 802 373 47 AFFIRMATIVE.

293 863 111 51 Ctus
363 863 195 51 diuersarum
516 863 209 51 potentiarum
669 863 97 51 neces

194 887 129 70 sario
279 887 114 70 sunt
351 887 200 70 distincti,
508 887 114 70 isti
579 887 114 70 sunt
636 887 129 70 huiusmo

199 941 94 45 di;
252 941 107 45 ergo
319 941 94 45 &c.
373 941 121 45 Maior
453 941 94 45 est
507 941 121 45 nota,
587 941 121 45 Minor
654 941 107 45 proba-

197 978 99 43 tur,
258 978 99 43 quia
320 978 99 43 frui
382 978 86 43 est
431 978 111 43 actus
506 978 185 43 voluntatis,
654 978 74 43 vt
679 978 86 43 proba

194 1009 84 39 tum
242 1009 96 39 est,
302 1009 84 39 vti
350 1009 108 39 vero,
422 1009 84 39 cum
470 1009 84 39 sit
519 1009 132 39 aliquid
615 1009 72 39 in
651 1009 108 39 finem
711 1009 48 39 re

197 1046 125 38 ferre,
284 1046 137 38 videtur
383 1046 112 38 actus
458 1046 199 38 intellectus,
620 1046 112 38 cuius
682 1046 75 38 pro-

194 1084 125 42 prium
277 1084 97 42 est
333 1084 139 42 aliqua
430 1084 166 42 conferre
554 1084 180 42 adinuicem
693 1084 69 42 &
707 1084 55 42 in

195 1112 125 44 finem
264 1112 139 44 referre.

230 1139 62 52 2
254 1139 99 52 Illi
316 1139 124 52 actus,
403 1139 87 52 qui
452 1139 173 52 necessario
589 1139 124 52 habent
663 1139 99 52 diuer-

194 1178 70 42 sa
229 1178 139 42 obiecta,
333 1178 93 42 sunt
391 1178 162 42 necessario
519 1178 162 42 distincti,
646 1178 93 42 isti
693 1178 70 42 sunt

196 1215 181 40 huiusmodi;
338 1215 103 40 ergo
403 1215 90 40 &c.
454 1215 116 40 Maior
532 1215 129 40 patet,
622 1215 103 40 quia
674 1215 77 40 actu

193 1256 224 37 distinguuntur
377 1256 92 37 per
430 1256 158 37 obiecta,
548 1256 145 37 minorem
654 1256 132 37 probo,

199 1282 106 49 quia
265 1282 158 49 obiectum
384 1282 185 49 fruitionis
529 1282 92 49 est
581 1282 106 49 vnum
634 1282 119 49 tantum,

197 1319 77 48 vt
236 1319 154 48 superius
351 1319 141 48 patuit,
453 1319 154 48 obiectum
569 1319 115 48 autem
646 1319 102 48 vsus
697 1319 51 48 ni

196 1353 91 38 est
248 1353 117 38 vnum,
326 1353 91 38 sed
378 1353 130 38 multa,
469 1353 104 38 quia
535 1353 130 38 omnia,
626 1353 104 38 quae
678 1353 78 38 sunt

202 1384 116 51 citra
280 1384 116 51 Deum,
357 1384 129 51 cadunt
447 1384 90 51 sub
499 1384 103 51 vsu,
563 1384 142 51 dicente
667 1384 77 51 P.
692 1384 65 51 Au-

197 1423 143 44 gustino
301 1423 104 44 833.
366 1423 208 44 quaestionum,
535 1423 143 44 quaest.
639 1423 91 44 35.
678 1423 78 44 quod

190 1460 128 47 omnia,
280 1460 102 47 quae
344 1460 115 47 facta
420 1460 115 47 sunt,
497 1460 77 47 in
536 1460 102 47 vsum
600 1460 141 47 hominis
689 1460 64 47 fa-

192 1491 102 43 cta
235 1491 87 43 sunt

176 1550 151 60 AD
251 1550 327 60 OPPOSITVM
478 1550 277 60 ARGVITVR.

189 1604 78 69 SI
228 1604 130 69 essent
319 1604 117 69 actus
397 1604 169 69 distincti
527 1604 117 69 vsus,
605 1604 65 69 &
618 1604 117 69 fruitio

206 1650 110 53 vnus
275 1650 96 53 non
330 1650 137 53 posset
426 1650 192 53 praedicari
577 1650 82 53 de
618 1650 151 53 altero,
714 1650 41 53 &

185 1695 134 35 maxime
278 1695 228 35 praedicatione
466 1695 147 35 dicente
573 1695 94 35 hoc
626 1695 94 35 est
667 1695 80 35 hoc,

185 1735 189 32 consequens
333 1735 94 32 est
387 1735 148 32 falsum,
495 1735 108 32 ergo
562 1735 67 32 &
576 1735 175 32 antecedens:

194 1765 207 46 Consequentia
362 1765 130 46 patet,
453 1765 65 46 &
479 1765 181 46 Falsitatem
621 1765 117 46 probo
686 1765 65 46 per

183 1797 79 43 P.
222 1797 184 43 Augustinum
367 1797 92 43 xi.
420 1797 79 43 de
459 1797 158 43 Ciuitate
578 1797 105 43 Dei,
644 1797 92 43 vbi
683 1797 66 43 ca-

193 1830 98 49 pite
254 1830 86 49 20.
303 1830 159 49 praedicat
426 1830 98 49 vnam
487 1830 74 49 de
524 1830 123 49 altero
610 1830 135 49 dicens,
696 1830 61 49 nec

186 1862 138 45 ignoro,
287 1862 100 45 quod
350 1862 138 45 proprie
450 1862 138 45 fructus
550 1862 151 45 fruentis
663 1862 88 45 est
701 1862 50 45 v-

185 1901 91 46 sus
224 1901 130 46 vtentis,

225 1925 256 53 RESPONDEO:
426 1925 110 53 In
481 1925 128 53 hac
554 1925 238 53 quaestio

189 1971 75 44 ne
227 1971 100 44 tria
290 1971 100 44 sunt
352 1971 150 44 videnda,
465 1971 100 44 quae
528 1971 175 44 quaeruntur
665 1971 75 44 in
690 1971 63 44 ar

171 2004 167 48 gumentis.

229 2028 66 54 1
255 2028 80 54 An
295 2028 106 54 vti,
361 2028 66 54 &
388 2028 106 54 frui
454 2028 106 54 sint
520 2028 119 54 actus
600 2028 146 54 eiusdem
693 2028 66 54 po

179 2069 116 41 tentiae.

217 2096 67 63 2
243 2096 80 63 An
284 2096 107 63 sint
350 2096 107 63 idem
404 2096 107 63 actus.

812 181 80 53 3
844 181 96 53 An
892 181 160 53 omnia,
1004 181 128 53 quae
1085 181 128 53 sunt
1165 181 144 53 citra
1245 181 96 53 Deum

782 218 91 48 sint
838 218 147 48 vtibilia.

831 287 336 48 ARTICVLVS
1064 287 233 48 PRIMVS.

811 357 121 52 Vtrum
891 357 108 52 vti,
959 357 67 52 &
986 357 108 52 frui
1053 357 108 52 sint
1120 357 121 52 actus
1201 357 148 52 eiusdem

985 392 144 45 potentiae.

799 561 89 50 DRo
850 561 115 50 huius
927 561 153 50 articuli
1042 561 217 50 intelligentia
1220 561 115 50 primo
1284 561 64 50 no-

829 595 126 49 tandum
918 595 101 49 est,
981 595 101 49 quid
1044 595 88 49 sit
1095 595 101 49 vti.
1158 595 76 49 Ad
1196 595 101 49 quod
1246 595 101 49 respon

781 635 77 41 det
825 635 66 41 S.
858 635 110 41 Thomas
935 635 66 41 in
968 635 66 41 p.
1001 635 66 41 2.
1034 635 77 41 q4.
1078 635 77 41 18.
1122 635 88 41 art.
1177 635 66 41 1.
1210 635 121 41 dicens,
1287 635 55 41 quo

780 664 87 41 vti
829 664 124 41 aliqua
916 664 87 41 re,
965 664 87 41 est
1015 664 161 41 applicare
1139 664 111 41 illam
1213 664 74 41 ad
1238 664 111 41 aliquam

782 701 201 50 operationem,
946 701 101 50 puta
1009 701 88 50 vti
1059 701 101 50 equo
1122 701 88 50 est
1173 701 164 50 applicare
1286 701 63 50 ip-

779 735 93 38 sum
832 735 212 38 equitationi,
1004 735 66 38 &
1030 735 132 38 gladio
1123 735 185 38 incisioni,
1269 735 66 38 &
1282 735 66 38 sic

780 769 83 38 de
822 769 139 38 alijs.
919 769 111 38 Vnde
989 769 139 38 quidam
1086 769 195 38 exponentes
1239 769 97 38 eum
1281 769 70 38 di-

781 807 118 34 cunt,
859 807 105 34 quod
925 807 92 34 ita
977 807 79 34 se
1017 807 118 34 habet
1095 807 92 34 vti
1148 807 79 34 ad
1187 807 118 34 vsum,
1252 807 92 34 sicut

777 841 136 34 mouere
873 841 82 34 ad
914 841 136 34 motum,
1009 841 95 34 nam
1064 841 123 34 sicut
1145 841 136 34 mouere
1241 841 95 34 est
1282 841 68 34 cau

778 872 101 45 sare
842 872 114 45 motum
918 872 76 45 in
956 872 76 45 re
994 872 139 45 mobili,
1095 872 89 45 sic
1145 872 89 45 vti
1196 872 89 45 est
1234 872 114 45 causare

789 906 93 45 vsum
848 906 70 45 in
883 906 70 45 re
918 906 140 45 vtibili.

820 942 142 37 Contra
919 942 113 37 hunc
990 942 128 37 modum
1075 942 156 37 dicendi
1188 942 128 37 arguo
1259 942 85 37 quam

765 970 168 49 drupliciter

841 1014 75 39 Si
879 1014 88 39 vti
929 1014 125 39 aliqua
1017 1014 75 39 re
1054 1014 88 39 est
1104 1014 163 39 applicare
1229 1014 113 39 illam
1292 1014 50 39 ad

780 1033 146 56 aliquam
886 1033 213 56 operationem,
1059 1033 106 56 tunc
1125 1033 186 56 necessario
1258 1033 80 56 con-

774 1080 146 46 currunt
880 1080 80 46 ad
920 1080 106 46 vsum
987 1080 93 46 duo
1040 1080 120 46 actus
1120 1080 160 46 scilicet
1226 1080 120 46 impera-

779 1115 94 44 tus,
838 1115 82 44 cui
885 1115 82 44 res
932 1115 141 44 vtibilis
1037 1115 176 44 applicatur,
1178 1115 59 44 &
1201 1115 106 44 actus
1260 1115 82 44 elici

779 1150 88 55 tus
829 1150 63 55 a
854 1150 175 55 voluntate,
991 1150 88 55 per
1041 1150 100 55 quem
1104 1150 88 55 fit
1154 1150 113 55 talis
1216 1150 125 55 applica-

783 1177 104 47 tio,
848 1177 183 47 consequens
992 1177 91 47 est
1044 1177 144 47 falsum,
1148 1177 104 47 ergo
1214 1177 91 47 &c.
1253 1177 91 47 Conse

784 1221 139 33 quentia
885 1221 126 33 patet,
974 1221 63 33 &
999 1221 114 33 probo
1075 1221 189 33 falsitatem,
1226 1221 88 33 nam
1264 1221 76 33 quae

781 1254 87 41 dam
830 1254 99 41 sunt
892 1254 161 41 vtibilia,
1016 1254 124 41 quibus
1103 1254 149 41 voluntas
1215 1254 124 41 vtitur
1289 1254 50 41 se

782 1284 71 40 lo
818 1284 95 40 actu
877 1284 143 40 elicito,
984 1284 95 40 puta
1044 1284 95 40 mala
1103 1284 131 40 culpae,
1198 1284 119 40 quibus
1270 1284 71 40 vti-

782 1319 94 50 tur
835 1319 200 50 detestando,
995 1319 107 50 quod
1062 1319 94 50 fit
1116 1319 94 50 per
1169 1319 120 50 solum
1249 1319 120 50 actum

768 1350 145 42 elicitum.

803 1384 80 48 2.
843 1384 133 48 Omnia,
935 1384 106 48 quae
1002 1384 106 48 sunt
1068 1384 119 48 citra
1147 1384 119 48 Deum,
1227 1384 106 48 sunt
1280 1384 66 48 vti

773 1419 127 44 bilia,
862 1419 76 44 vt
900 1419 152 44 inferius
1015 1419 152 44 patebit,
1129 1419 64 44 &
1154 1419 89 44 per
1193 1419 152 44 consequens

777 1452 96 43 illa
837 1452 155 43 operatio,
956 1452 72 43 ad
992 1452 96 43 quam
1052 1452 84 43 fit
1100 1452 167 43 applicatio
1231 1452 108 43 esset
1291 1452 48 43 et

771 1493 97 37 ipsa
832 1493 158 37 vtibilis,
953 1493 61 37 &
977 1493 194 37 applicaretur
1135 1493 73 37 ad
1171 1493 133 37 aliquam
1256 1493 85 37 aliam

773 1527 211 39 operationem,
944 1527 66 39 &
971 1527 106 39 illa
1037 1527 79 39 ad
1076 1527 132 39 aliam,
1169 1527 66 39 &
1195 1527 92 39 sic
1248 1527 79 39 in
1274 1527 66 39 in

762 1558 137 50 finitum,.

813 1592 68 39 3
840 1592 135 39 Contra
934 1592 243 39 declarationem,
1137 1592 81 39 si
1177 1592 108 39 enim
1245 1592 95 39 ita
1285 1592 54 39 se

769 1622 142 50 haberet
873 1622 91 50 vti
924 1622 78 50 ad
963 1622 117 50 vsum,
1041 1622 117 50 sicut
1119 1622 130 50 mouere
1209 1622 78 50 ad
1235 1622 104 50 motum,

770 1659 108 40 tunc
838 1659 122 40 sicut
919 1659 135 40 mouere
1014 1659 95 40 non
1068 1659 122 40 ponit
1149 1659 149 40 aliquid
1243 1659 95 40 forma

772 1695 111 50 liter
846 1695 74 50 in
883 1695 148 50 mouente,
994 1695 86 50 ita
1043 1695 86 50 vti
1093 1695 86 50 non
1142 1695 136 50 poneret
1229 1695 111 50 aliquen

773 1727 118 42 actum
852 1727 79 42 in
891 1727 145 42 vtente,
996 1727 105 42 quod
1062 1727 92 42 est
1115 1727 145 42 falsum,
1220 1727 105 42 quia
1272 1727 66 42 vti

784 1767 110 41 ponit
857 1767 172 41 necessario
992 1767 74 41 in
1029 1767 123 41 vtente
1115 1767 135 41 aliquem
1213 1767 110 41 actum
1274 1767 61 41 eli

772 1801 120 37 citum,
856 1801 84 37 cum
904 1801 84 37 sit
952 1801 108 37 actus
1024 1801 120 37 liberi
1107 1801 156 37 arbitrij,
1227 1801 72 37 vt
1251 1801 84 37 patet

778 1836 58 39 p
801 1836 69 39 P.
835 1836 127 39 August.
927 1836 69 39 in
962 1836 92 39 lib.
1019 1836 81 39 83.
1065 1836 127 39 quaest.
1157 1836 127 39 quaest.
1249 1836 81 39 35.
1284 1836 58 39 vbi

766 1869 96 44 ait,
826 1869 96 44 quod
886 1869 84 44 vti
934 1869 120 44 aliqua
1018 1869 72 44 re
1055 1869 84 44 non
1103 1869 132 44 potest,
1199 1869 96 44 nisi
1247 1869 84 44 ille,

773 1900 88 51 qui
823 1900 88 51 est
873 1900 150 51 rationis
985 1900 175 51 particeps;
1123 1900 200 51 Consequentia
1273 1900 63 51 pa-

773 1942 99 40 tet,
835 1942 99 40 quia
897 1942 124 40 aliter
984 1942 174 40 similitudo
1120 1942 87 40 non
1170 1942 112 40 esset
1232 1942 87 40 bona.

798 1973 83 37 4.
840 1973 208 37 Sequeretur,
1006 1973 111 37 quod
1075 1973 125 37 sicut
1158 1973 125 37 motus
1241 1973 97 37 est
1283 1973 55 37 a-

774 2000 107 50 ctus
841 2000 161 50 mobilis,
961 2000 67 50 &
988 2000 94 50 non
1041 2000 174 50 mouentis,
1175 2000 80 50 Vt
1215 2000 121 50 patet
1282 2000 54 50 in

772 2038 110 42 eodem
845 2038 73 42 3.
882 2038 184 42 physicorum,
1029 2038 86 42 ita
1078 2038 98 42 vsus
1139 2038 110 42 esset
1213 2038 110 42 actus
1274 2038 61 42 vti

775 2074 116 41 bilis,
857 2074 58 41 &
880 2074 81 41 non
926 2074 139 41 vtentis,
1031 2074 58 41 &
1054 2074 81 41 sic
1101 2074 105 41 magis
1170 2074 128 41 vtibile
1252 2074 81 41 vtere

770 2112 101 51 tur,
833 2112 101 51 quam
896 2112 113 51 ipsum
972 2112 126 51 vtens,
1060 2112 101 51 quod
1123 2112 88 51 est
1161 2112 138 51 absurdum.
