1500 2342
136 186 188 53 dependens,
283 186 94 53 vel
337 186 188 53 dependens:
485 186 81 53 si
525 186 148 53 ponatur
619 186 94 53 depen

133 233 120 39 dens,
213 233 120 39 erunt
293 233 173 39 composita
426 233 80 39 ex
466 233 200 39 dependenti,
626 233 67 39 &
639 233 67 39 in-

143 268 212 35 dependenti,
313 268 71 35 &
341 268 99 35 per
398 268 198 35 consequens
553 268 113 35 ambo
610 268 99 35 depen

142 296 121 43 debunt
226 296 72 43 ab
263 296 121 43 aliquo
347 296 109 43 alio,
419 296 84 43 tum
468 296 97 43 quia
528 296 72 43 in
564 296 84 43 sui
612 296 121 43 ratio¬

141 334 79 38 ne
180 334 172 38 includunt
313 334 145 38 aliquod
418 334 185 38 dependens:
564 334 93 38 tum
617 334 119 38 etiam

142 369 107 43 quia
209 369 107 43 sunt
276 369 188 43 composita,
423 369 174 43 quodlibet
557 369 121 43 autem
625 369 80 43 com-

141 408 147 39 positum
248 408 160 39 dependet
368 408 80 39 ab
408 408 134 39 aliquo
502 408 187 39 extrinseco
635 408 67 39 com

136 438 172 44 ponente,
265 438 86 44 eo
308 438 115 44 quod
379 438 143 44 nullum
480 438 215 44 compositum,
637 438 72 44 vel

136 475 201 42 componibile
296 475 161 42 efficiat
417 475 147 42 suammet
510 475 201 42 compositonem,

145 509 104 38 ergo
210 509 91 38 non
262 509 91 38 est
314 509 169 38 possibile
445 509 117 38 plura
510 509 195 38 independentia

145 540 124 38 esse,
228 540 69 38 &
255 540 96 38 per
310 540 193 38 consequens
462 540 96 38 nec
517 540 138 38 plures
613 540 124 38 Deos.

177 573 127 39 lstam
262 573 169 39 rationem
389 573 141 39 tangit
487 573 169 39 Auicenna
614 573 85 39 5.
642 573 71 39 Me-

140 610 118 43 taphc.
223 610 71 43 8.
258 610 83 43 vbi
306 610 106 43 vult,
376 610 94 43 quod
435 610 83 43 non
483 610 83 43 sit
530 610 94 43 dare
589 610 106 43 plura
648 610 59 43 ne-

140 643 110 41 nesse
213 643 110 41 esse,
287 643 98 41 quia
348 643 86 41 non
397 643 135 41 possent
495 643 147 41 differre
605 643 86 41 per
642 643 61 41 ne-

140 673 108 47 cesse
212 673 108 47 esse,
284 673 84 47 cum
332 673 72 47 in
368 673 84 47 hoc
416 673 180 47 conueniant,
561 673 84 47 nec
609 673 84 47 per
645 673 60 47 ali

140 707 108 46 quod
208 707 190 46 consequens
357 707 81 46 ad
398 707 149 46 necesse
506 707 122 46 esse,
587 707 108 46 quia
655 707 81 46 ad

141 742 101 42 idem
204 742 139 42 necesse
305 742 101 42 esse
368 742 126 42 semper
457 742 151 42 sequitur
570 742 114 42 idem,
633 742 76 42 dif-

145 775 139 37 ferrent
247 775 101 37 ergo
310 775 89 37 per
360 775 139 37 aliquod
462 775 177 37 possibile,
601 775 101 37 quod
651 775 51 37 ha

144 810 110 38 bent
213 810 82 38 ab
254 810 206 38 extrinseco,
419 810 69 38 &
446 810 96 38 per
501 810 192 38 consequens
638 810 69 38 non

140 849 116 32 erunt
217 849 141 32 necesse
320 849 116 32 esse,
397 849 90 32 tum
449 849 103 32 quia
513 849 77 32 in
552 849 90 32 sui
590 849 116 32 ratione

139 879 165 37 includunt
267 879 140 37 aliquod
368 879 178 37 possibile,
508 879 89 37 tum
559 879 127 37 etiam,
636 879 76 37 quia

133 910 198 47 dependebunt
291 910 79 47 ab
331 910 106 47 alia
383 910 106 47 causa-

168 950 142 38 Secundo
272 950 78 38 ad
311 950 104 38 idem
375 950 104 38 sic.
440 950 130 38 lllud,
531 950 104 38 quod
582 950 130 38 conuenit

133 985 129 41 alicui
223 985 90 41 rei
275 985 155 41 secundum
391 985 103 41 esse
456 985 168 41 proprium,
585 985 65 41 &
598 985 103 41 singu-

136 1016 106 36 lare,
207 1016 95 36 quod
266 1016 118 36 habet,
349 1016 83 36 non
396 1016 201 36 plurificatur,
562 1016 83 36 sed
609 1016 95 36 esse
657 1016 47 36 in

140 1049 189 36 dependens
285 1049 174 36 conuenit
415 1049 131 36 primo
502 1049 116 36 enti
560 1049 145 36 secundum

137 1081 105 40 esse
203 1081 171 40 proprium,
334 1081 66 40 &
361 1081 184 40 singulare,
506 1081 105 40 quod
571 1081 132 40 habet,
650 1081 53 40 er

141 1116 74 47 go
178 1116 86 47 non
227 1116 198 47 plurificatur
388 1116 111 47 Maior
462 1116 86 47 est
511 1116 111 47 satis
585 1116 111 47 nota.
647 1116 62 47 Nam

136 1150 105 39 ideo
202 1150 132 39 primum
294 1150 92 39 ens
347 1150 92 39 est
399 1150 211 39 independens,
570 1150 66 39 &
584 1150 119 39 necesse

142 1191 111 30 esse,
216 1191 99 30 quia
278 1191 62 30 a
303 1191 136 30 seipso,
402 1191 62 30 &
426 1191 87 30 non
476 1191 87 30 per
525 1191 111 30 aliud
600 1191 136 30 alterum

139 1217 206 36 determinatur
306 1217 77 36 ad
345 1217 180 36 necessario
486 1217 116 36 esse,
564 1217 103 36 quod
615 1217 90 36 autem

137 1251 88 44 sic
188 1251 202 44 determinatur
352 1251 88 44 est
402 1251 139 44 quoddam
503 1251 177 44 singulare:
629 1251 76 44 quia

143 1289 104 43 omne,
213 1289 92 43 quod
271 1289 92 43 actu
328 1289 139 43 existit,
432 1289 150 43 singulare
548 1289 92 43 est:
606 1289 69 43 Et
629 1289 69 43 ideo

143 1321 110 39 sicut
216 1321 134 39 aliquod
313 1321 195 39 determinatur
472 1321 73 39 ad
508 1321 110 39 esse,
581 1321 85 39 ita
618 1321 85 39 deter

133 1358 149 37 minatur
242 1358 81 37 ad
282 1358 108 37 suam
350 1358 257 37 singularitatem:
566 1358 108 37 Hinc
620 1358 81 37 est,

137 1386 98 48 quod
198 1386 172 48 materialia
333 1386 86 48 non
382 1386 98 48 sunt
443 1386 172 48 singularia
578 1386 86 48 per
627 1386 74 48 se
652 1386 49 48 ip

139 1422 86 46 sa,
188 1422 98 46 quia
249 1422 86 46 non
299 1422 209 46 determinantur
471 1422 74 46 ad
508 1422 98 46 esse
570 1422 86 46 per
619 1422 86 46 se;
668 1422 62 46 &

136 1459 86 41 per
185 1459 173 41 consequens
321 1459 74 41 in
358 1459 86 41 suo
407 1459 99 41 esse
469 1459 99 41 sunt
518 1459 185 41 dependentia:;

138 1489 132 46 primum
230 1489 119 46 autem
309 1489 106 46 ens,
375 1489 106 46 quia
441 1489 132 46 seipso
534 1489 92 46 est
586 1489 145 46 quoddam

141 1522 176 46 fingulare;
279 1522 100 46 ideo
342 1522 88 46 est
392 1522 201 46 independens.
543 1522 163 46 Relinquitur

138 1555 107 49 ergo
204 1555 107 49 quod
271 1555 227 49 independentia
458 1555 107 49 sibi
524 1555 187 49 conueniant
658 1555 53 49 ra

142 1593 114 38 tione
218 1593 102 38 suae
282 1593 241 38 singularitatis,
485 1593 63 38 &
511 1593 89 38 per
549 1593 152 38 consequens

137 1627 99 43 erit
198 1627 99 43 sibi
260 1627 148 43 propria,
371 1627 62 43 &
396 1627 86 43 non
446 1627 136 43 poterit
544 1627 124 43 alteri
619 1627 86 43 conue

135 1660 122 43 nire,
217 1660 68 43 &
244 1660 95 43 ita
298 1660 95 43 non
352 1660 162 43 poterunt
473 1660 108 43 esse
541 1660 122 43 plura
608 1660 95 43 inde

117 1693 172 47 pendentia

131 1730 135 44 lstam
221 1730 179 44 rationem
355 1730 164 44 videtur
475 1730 164 44 tangere
579 1730 120 44 Commen

134 1764 116 34 tator
211 1764 64 34 1
237 1764 77 34 2.
275 1764 103 34 Meth
340 1764 90 34 com
391 1764 77 34 xi
429 1764 90 34 vbi
481 1764 141 34 videtur
571 1764 128 34 imagina-

130 1798 101 38 ri,
187 1798 115 38 quod
259 1798 173 38 ponentes
389 1798 158 38 numerum
504 1798 86 38 in
547 1798 101 38 Deo
590 1798 115 38 cogan-

136 1833 87 35 tur
185 1833 125 35 ponere
273 1833 187 35 substantiam
423 1833 200 35 plurificari,
585 1833 100 35 quod
635 1833 62 35 ta-

135 1867 91 42 men
187 1867 91 42 non
239 1867 91 42 est
290 1867 130 42 verum,
381 1867 78 42 vt
420 1867 117 42 infra
498 1867 155 42 patebit.
601 1867 104 42 Volens

141 1899 117 38 tamen
219 1899 183 38 ostendere,
363 1899 104 38 quod
428 1899 117 38 prima
506 1899 183 38 substantia
637 1899 65 38 non

136 1933 118 43 possit
219 1933 177 43 plurificari
361 1933 71 43 in
396 1933 142 43 diuersis
503 1933 177 43 suppositis,
633 1933 71 43 quod

136 1969 93 42 est
189 1969 79 42 ad
228 1969 185 42 propositum
374 1969 159 42 nostrum,
493 1969 132 42 dicit,
586 1969 106 42 quod
639 1969 66 42 cum

137 2000 189 37 substantia
285 2000 135 37 fuerit
379 2000 162 37 numerata
501 2000 202 37 congregatum
649 2000 54 37 v-

137 2036 100 43 num
194 2036 100 43 per
251 2036 114 43 vnam
322 2036 214 43 intentionem
494 2036 157 43 additam
594 2036 114 43 congre

138 2070 112 44 gato:
212 2070 175 44 intelligit
350 2070 112 44 autem
425 2070 87 44 ibi
474 2070 87 44 per
524 2070 175 44 aggregatum
649 2070 50 44 ip

135 2100 100 47 sum
192 2100 214 47 suppositum,
363 2100 114 47 quod
434 2100 128 47 habet
505 2100 200 47 substantiam,

727 184 95 53 vult
787 184 95 53 ergo
846 184 131 53 dicere,
942 184 95 53 quod
1002 184 72 53 si
1037 184 107 53 dicta
1109 184 167 53 substantia
1228 184 60 53 plu

726 233 164 43 rificetur,
855 233 82 43 ita
902 233 93 43 quod
960 233 93 43 sint
1018 233 117 43 plures
1100 233 93 43 Dei,
1159 233 82 43 tuc
1205 233 105 43 Deus,

731 268 86 44 qui
780 268 86 44 est
829 268 111 44 nomen
903 268 148 44 supposit
1014 268 148 44 habentis
1113 268 172 44 substantiam,

731 305 95 42 erit
791 305 95 42 vnus
850 305 131 42 vnitate
945 305 226 42 singularitatis,
1136 305 83 42 non
1184 305 83 42 per
1219 305 60 42 ip-

719 335 105 41 sam,
784 335 92 41 sed
837 335 92 41 per
889 335 144 41 aliquod
994 335 157 41 additum,
1112 335 105 41 quia
1177 335 92 41 hoc
1216 335 79 41 dato

726 368 180 44 substantia
867 368 128 44 diuina
957 368 90 44 non
1009 368 231 44 determinaretur
1201 368 77 44 ad
1227 368 64 44 es-

725 405 74 34 se
762 405 161 34 singulare
886 405 87 34 per
935 405 149 34 seipsam,
1047 405 87 34 sed
1097 405 87 34 per
1146 405 136 34 aliquod
1233 405 62 34 ad-

728 439 143 37 ditum,
828 439 215 37 quemadmodum
1000 439 201 37 substantia
1144 439 143 37 materia-

724 469 101 44 lis,
788 469 63 44 &
813 469 88 44 per
863 469 190 44 consequens,
1015 469 114 44 sicut
1091 469 177 44 suppositum
1217 469 76 44 sub-

728 507 145 46 stantiae
837 507 170 46 materialis
970 507 145 46 dependet
1079 507 73 46 in
1115 507 85 46 suo
1164 507 97 46 esse
1212 507 85 46 signa

724 541 82 46 to,
771 541 58 46 &
794 541 140 46 actuali,
900 541 70 46 ab
935 541 82 46 eo,
981 541 94 46 quod
1040 541 129 46 additur
1133 541 94 46 suae
1180 541 117 46 substam-

724 573 104 39 tiae,
794 573 58 39 &
817 573 58 39 a
840 573 116 39 causa,
921 573 93 39 quae
979 573 81 39 hoc
1025 573 173 39 superaddit;
1164 573 81 39 ita
1210 573 81 39 suo
1245 573 46 39 mo

726 610 83 35 do
768 610 151 35 diceret
878 610 193 35 Commentat.
1029 610 110 35 quod
1098 610 193 35 suppositum
1235 610 55 35 di

734 643 113 42 uinae
809 643 188 42 substantiae
959 643 175 42 dependeret
1096 643 75 42 in
1134 643 88 42 suo
1184 643 100 42 esse
1234 643 63 42 si-

733 677 125 44 gnato,
820 677 62 44 &
845 677 162 44 singulari
969 677 75 44 ab
1007 677 174 44 intentione
1144 677 125 44 addita
1218 677 75 44 suae

733 707 182 42 ubstantiae,
879 707 61 42 &
903 707 61 42 a
927 707 122 42 causa,
1012 707 97 42 quae
1073 707 134 42 faceret
1170 707 109 42 illam
1231 707 61 42 ad-

728 743 169 35 ditionem.
858 743 78 35 Si
897 743 117 35 autem
975 743 143 35 volumus
1079 743 130 35 vitare
1170 743 117 35 illud
1235 743 65 35 in-

723 778 200 40 conueniens,
883 778 147 40 cogimur
989 778 147 40 dicere,
1096 778 107 40 quod
1163 778 93 40 ens
1203 778 93 40 inde-

731 814 153 41 pendens,
846 814 77 41 eo
884 814 115 41 ipso,
961 814 102 41 quod
1025 814 192 41 independens
1178 814 102 41 est,
1229 814 64 41 de-

728 850 184 44 terminatur
872 850 79 44 ad
912 850 131 44 habere
1003 850 105 44 esse
1069 850 171 44 signatum,
1200 850 66 44 &
1213 850 79 44 sin-

731 880 129 48 gulare
821 880 77 48 in
860 880 116 48 rerum
937 880 129 48 natura
1027 880 90 48 per
1079 880 77 48 se
1118 880 129 48 ipsum,
1208 880 64 48 &
1221 880 77 48 suam

720 920 217 33 substantiam
893 920 188 33 propriam,
1037 920 72 33 &
1066 920 101 33 non
1124 920 101 33 per
1167 920 130 33 aliquam

729 947 199 43 intentionem
888 947 159 43 additam,
1007 947 66 43 &
1034 947 159 43 secundum
1153 947 119 43 istam
1219 947 80 43 viam

725 989 116 36 ratio
802 989 205 36 dependentiae
969 989 154 36 conuenit
1085 989 77 36 ei
1123 989 141 36 ratione
1213 989 77 36 suae

724 1022 145 45 propriae
832 1022 229 45 singularitatis,
1025 1022 60 45 &
1049 1022 84 45 sua
1097 1022 132 45 propria
1182 1022 108 45 singula

724 1047 109 41 ritas
797 1047 134 41 ratione
894 1047 97 41 suae
943 1047 207 41 independentiae.

766 1083 135 45 Tertio
860 1083 81 45 ad
901 1083 108 45 idem
968 1083 108 45 sic.
1036 1083 81 45 Si
1076 1083 95 45 ens
1117 1083 176 45 independens

728 1122 122 40 posset
813 1122 195 40 plurificari,
971 1122 97 40 tunc
1032 1122 134 40 possent
1130 1122 97 40 esse
1190 1122 73 40 in
1215 1122 85 40 rerum

725 1149 132 47 natura
817 1149 132 47 plures
909 1149 224 47 omnipotentes,
1094 1149 184 47 Consequens
1225 1149 66 47 est

725 1184 156 43 falsum,
838 1184 114 43 ergo
909 1184 71 43 &
938 1184 213 43 Antecedens,
1108 1184 128 43 probo
1179 1184 114 43 Conse-

723 1224 175 38 quentiam,
857 1224 94 38 nam
911 1224 108 38 ideo
979 1224 148 38 aliquod
1087 1224 81 38 in
1127 1224 121 38 rerum
1195 1224 94 38 natu-

724 1256 80 41 ra
764 1256 121 41 habet
844 1256 241 41 omnipotentiam,
1046 1256 107 41 quia
1113 1256 94 41 est
1153 1256 134 41 indepen-

724 1289 108 46 dens
792 1289 68 46 a
819 1289 176 46 quocunque
955 1289 122 46 alio,
1036 1289 68 46 &
1063 1289 122 46 omnia
1144 1289 108 46 alia
1198 1289 95 46 depen

727 1321 93 48 dent
786 1321 70 48 ab
821 1321 105 48 ipso,
891 1321 70 48 si
926 1321 93 48 ergo
984 1321 128 48 possent
1078 1321 93 48 esse
1136 1321 117 48 plures
1206 1321 82 48 inde-

730 1356 161 44 pendentes
853 1356 99 44 pari
915 1356 148 44 ratione,
1026 1356 87 44 qua
1076 1356 99 44 vnus
1138 1356 111 44 esset
1199 1356 87 44 omni-

731 1391 133 45 potens,
828 1391 109 45 eadem
901 1391 146 45 ratione,
1010 1391 61 45 &
1034 1391 121 45 alius,
1119 1391 109 45 probo
1180 1391 109 45 Falsita

725 1423 93 46 tem
778 1423 225 46 Consequentis.
963 1423 93 46 Nam
1017 1423 119 46 ille;
1096 1423 93 46 qui
1149 1423 93 46 est
1189 1423 106 46 omnipo

731 1459 100 44 tens
793 1459 112 44 debet
868 1459 125 44 habere
955 1459 162 44 potentiam
1079 1459 112 44 super
1154 1459 112 44 omnia
1216 1459 75 44 alia

722 1491 67 38 a
748 1491 93 38 se,
802 1491 93 38 sic
855 1491 173 38 quicunque
988 1491 147 38 illorum
1095 1491 147 38 deberet
1188 1491 107 38 habere

727 1530 165 41 potentiam
854 1530 114 41 super
930 1530 114 41 alios
1006 1530 177 41 distinctos
1145 1530 63 41 a
1170 1530 89 41 se,
1221 1530 63 41 &
1234 1530 63 41 per

726 1564 184 48 consequens
870 1564 105 48 alij
936 1564 92 48 non
989 1564 118 48 erunt
1068 1564 223 48 omnipotentes,
1252 1564 66 48 &

726 1592 75 42 in
764 1592 88 42 Deo
814 1592 176 42 implicatur
953 1592 214 42 contradictio.

751 1625 120 45 lstam
830 1625 159 45 rationem
950 1625 133 45 tangit
1043 1625 173 45 Riccardus
1176 1625 120 45 primo
1242 1625 40 45 l

723 1658 87 43 bro
772 1658 87 43 suo
822 1658 75 43 de
859 1658 124 43 Trinit
946 1658 99 43 cap.
1009 1658 99 43 vlt.
1071 1658 87 43 vbi
1120 1658 137 43 probat,
1207 1658 75 43 quoc

718 1697 90 46 non
770 1697 142 46 possent
873 1697 103 46 esse
937 1697 129 46 plures
1028 1697 206 46 omnipotentes
1183 1697 90 46 dices

722 1738 102 37 quod
786 1738 90 37 qui
837 1738 102 37 vere
901 1738 90 37 est
952 1738 192 37 omnipotens,
1106 1738 153 37 efficere
1208 1738 77 37 poto

730 1767 80 45 rit
775 1767 69 45 vt
810 1767 160 45 caeterorum
935 1767 137 45 quilibet
1038 1767 103 45 nihil
1107 1767 149 45 efficiat.
1210 1767 80 45 Intel

719 1799 164 39 ligendum
843 1799 137 39 tamen,
938 1799 110 39 quod
1007 1799 110 39 ista
1076 1799 123 39 ratio
1144 1799 137 39 supponit

727 1839 105 36 quod
793 1839 79 36 in
832 1839 119 36 rerum
911 1839 132 36 natura
1003 1839 92 36 sit
1056 1839 158 36 aliquid,
1175 1839 105 36 quod
1227 1839 66 36 ha-

724 1871 90 41 bet
776 1871 232 41 omnipotentiam,
969 1871 64 41 &
995 1871 90 41 hoc
1046 1871 167 41 supposito
1175 1871 142 41 probat,

729 1901 101 45 quod
793 1901 89 45 non
843 1901 139 45 possint
944 1901 101 45 esse
1008 1901 114 45 plura
1084 1901 127 45 talia.
1172 1901 114 45 Vtrum
1235 1901 51 45 au

727 1932 88 46 tem
778 1932 113 46 istud
853 1932 176 46 suppositum
991 1932 126 46 possit
1079 1932 189 46 efficaciter
1218 1932 75 46 pro-

726 1967 110 35 bari,
799 1967 134 35 habebit
896 1967 110 35 locum
969 1967 73 35 in
1006 1967 134 35 secundo
1103 1967 122 35 libro.
1189 1967 85 35 Sic
1225 1967 61 35 er-

725 2002 76 44 go
763 2002 127 44 patet,
852 2002 101 44 quod
915 2002 89 44 Deo
966 2002 152 44 repugnat
1080 2002 190 44 plurificari
1220 2002 63 44 ra-

721 2035 129 47 tione,
811 2035 90 47 qua
863 2035 90 47 ens
915 2035 207 47 independens,
1082 2035 116 47 sicut
1147 2035 142 47 quaerebat

718 2067 187 42 secundum
843 2067 202 42 argumentum.

756 2104 130 44 Contra
847 2104 117 44 tamen
925 2104 130 44 dictas
1016 2104 169 44 rationes,
1146 2104 130 44 quidam
1224 2104 65 44 te
