1500 2341
191 180 168 43 municant,
320 180 65 43 &
346 180 168 43 differunt
475 180 116 43 eadem
552 180 142 43 ratione
656 180 116 43 abso¬

188 221 110 44 luta,
261 221 86 44 vel
310 221 110 44 alia,
383 221 61 44 &
408 221 110 44 alia.
481 221 73 44 Si
518 221 122 44 dicas,
603 221 98 44 quod
652 221 98 44 eadem,

195 248 97 40 tunc
255 248 85 40 res
304 248 97 40 illa
364 248 145 40 absoluta
473 248 97 40 erit
534 248 170 40 necessario
655 248 97 40 secun-

186 282 100 47 dum
243 282 157 47 aliquem
357 282 157 47 gradum,
470 282 100 47 vel
527 282 128 47 modum
598 282 157 47 perfectio

189 319 88 41 nis
240 319 76 41 in
278 319 101 41 vno,
341 319 151 41 secundum
454 319 101 41 quem
517 319 88 41 non
567 319 101 41 erit
630 319 76 41 in
668 319 113 41 alio;

196 356 109 45 quia
264 356 81 45 si
305 356 122 45 esset
386 356 81 45 in
427 356 149 45 vtroque
536 356 163 45 secundum
644 356 109 45 eundem

191 384 130 46 modum,
282 384 91 46 vel
334 384 130 46 gradum
425 384 221 46 perfectionis,
608 384 104 46 tunc
660 384 91 46 inter

188 420 89 43 eos
239 420 114 43 nulla
315 420 114 43 esset
391 420 114 43 ratio
467 420 178 43 differendi
607 420 152 43 secundum
708 420 51 43 ra

191 455 154 41 tionem,
303 455 70 41 &
331 455 126 41 multo
415 455 126 41 minus
499 455 154 41 secudum
611 455 112 41 rem,
667 455 84 41 ergo

188 485 93 50 ibi
241 485 185 50 necessario
386 485 106 50 erit
452 485 145 50 quaedam
558 485 172 50 composito
677 485 79 50 pos-

193 522 148 49 sibilis,
303 522 62 49 &
316 522 135 49 actualis.

226 552 72 45 Si
262 552 108 45 autem
334 552 120 45 dicas,
418 552 96 45 quod
478 552 84 45 sit
526 552 96 45 alia
586 552 84 45 res
622 552 132 45 absoluta,

191 589 96 48 per
246 589 110 48 quam
315 589 206 48 conueniunt,
480 589 69 48 &
508 589 110 48 alia
576 589 96 48 per
631 589 110 48 quam
686 589 69 48 dif

191 622 148 46 ferunt,
298 622 108 46 tunc
365 622 94 46 non
419 622 94 46 est
473 622 148 46 dubium,
580 622 108 46 quod
647 622 94 46 ibi
688 622 67 46 est

199 654 179 54 composito;
340 654 115 54 patet
417 654 102 54 ergo
481 654 102 54 quod
545 654 115 54 prima
609 654 141 54 instantia

180 696 142 46 non
241 696 223 46 procedit.

194 724 157 45 Secunda
308 724 186 45 instantia
451 724 100 45 non
509 724 157 45 videtur
609 724 143 45 procede-

186 767 95 35 re:
241 767 95 35 Nam
295 767 95 35 cum
349 767 149 35 dicunt,
458 767 109 35 quod
526 767 82 35 si
567 767 136 35 essent
648 767 109 35 plures

188 793 123 43 Dij,
265 793 108 43 non
326 793 185 43 haberent
465 793 185 43 communem
588 793 169 43 conceptum

189 834 174 42 secundum
319 834 145 42 genus,
421 834 189 42 dicendum,
566 834 102 42 non
624 834 116 42 esse
682 834 73 42 in-

194 862 213 46 telligibile,
367 862 107 46 quod
434 862 133 46 aliquo
527 862 107 46 modo
594 862 147 46 habeant
687 862 67 46 si-

191 896 138 39 milem
283 896 184 39 naturam,
421 896 77 39 &
451 896 107 39 non
513 896 169 39 habeant
620 896 138 39 commune

191 929 189 42 conceptum,
339 929 95 42 vel
393 929 162 42 secundum
515 929 162 42 speciem,
636 929 95 42 vel
677 929 68 42 sal

189 963 94 43 tem
242 963 161 43 secundum
363 963 134 43 genus,
457 963 107 43 quod
524 963 80 43 si
564 963 107 43 quis
631 963 121 43 neget
698 963 54 43 in

188 996 173 52 proposito,
324 996 99 52 pari
386 996 136 52 ratione
485 996 136 52 poterit
584 996 87 52 hoc
633 996 124 52 negare
707 996 50 52 in

189 1030 149 43 omnibus
298 1030 135 43 alijs;
393 1030 122 43 illud
474 1030 108 43 vero
541 1030 149 43 medium,
650 1030 108 43 quod
704 1030 54 43 ad

194 1062 145 42 ducunt,
299 1062 92 42 non
352 1062 131 42 valet,
444 1062 92 42 nam
496 1062 92 42 cum
549 1062 145 42 dicunt,
654 1062 105 42 quod
706 1062 53 42 si

194 1102 125 41 essent
281 1102 125 41 plures
368 1102 100 41 Dij,
430 1102 125 41 neuter
517 1102 112 41 eorum
592 1102 112 41 esset
667 1102 75 41 in
692 1102 62 41 ge-

192 1140 121 37 nere,
272 1140 201 37 simpliciter
433 1140 94 37 est
486 1140 174 37 negandum,
620 1140 67 37 &
647 1140 94 37 cum
687 1140 67 37 pro

186 1174 121 38 bant,
266 1174 108 38 quia
334 1174 94 38 non
387 1174 108 38 ideo
455 1174 108 38 Deus
522 1174 94 38 non
576 1174 94 38 est
630 1174 81 38 in
657 1174 94 38 gene-

182 1201 82 43 re,
229 1201 105 43 eoqud
299 1201 82 43 non
346 1201 82 43 sit
392 1201 163 43 possibilis
521 1201 117 43 alius,
602 1201 82 43 sed
649 1201 93 43 quia
707 1201 70 43 ab

186 1238 173 38 intrinseco
322 1238 99 38 suae
383 1238 136 38 naturae
482 1238 99 38 sibi
544 1238 161 38 repugnat.
655 1238 99 38 Dicen-

189 1274 99 40 dum
245 1274 113 40 quod
316 1274 113 40 vnum
387 1274 155 40 istorum
500 1274 170 40 sequitur
627 1274 85 40 ad
655 1274 99 40 alte-

186 1302 107 42 rum:
252 1302 107 42 puta
319 1302 107 42 quia
386 1302 160 42 repugnat
506 1302 93 42 Deo
559 1302 80 42 ab
586 1302 160 42 intrinseco

188 1338 99 40 suae
250 1338 136 40 naturae
349 1338 99 40 esse
410 1338 74 40 in
448 1338 136 40 genere,
547 1338 99 40 ideo
608 1338 149 40 repugnat
707 1338 50 40 es

186 1373 83 43 se
228 1373 124 43 alium
310 1373 110 43 Deum
379 1373 83 43 in
420 1373 124 43 eodem
503 1373 138 43 genere
599 1373 138 43 secum,
682 1373 69 43 sed

191 1404 77 46 si
230 1404 116 46 esset
307 1404 116 46 alius
384 1404 103 46 Deus
448 1404 77 46 in
486 1404 116 46 eodem
563 1404 141 46 genere,
666 1404 90 46 vel
705 1404 51 46 in

191 1438 113 43 eadem
266 1438 138 43 specie,
366 1438 88 43 non
416 1438 175 43 repugnaret
553 1438 100 43 sibi
616 1438 75 43 ab
641 1438 113 43 intrin-

193 1477 95 42 seco
253 1477 95 42 suae
312 1477 131 42 naturae
407 1477 95 42 esse
467 1477 71 42 in
502 1477 131 42 genere,
597 1477 95 42 quia
657 1477 95 42 vere
704 1477 48 42 ha

189 1511 128 41 beret
274 1511 142 41 eandem
373 1511 170 41 naturam,
501 1511 113 41 quam
572 1511 156 41 ponitur
671 1511 85 41 habe

192 1539 78 48 re
231 1539 117 48 modo,
309 1539 143 48 propter
413 1539 104 48 quod
478 1539 78 48 in
517 1539 104 48 isto
582 1539 117 48 dicto
647 1539 104 48 semper

188 1579 188 40 implicatur
336 1579 229 40 contradictio,
524 1579 94 40 nam
578 1579 175 40 inquantum
699 1579 54 40 po

187 1611 137 42 nitur,
283 1611 109 42 Deum
351 1611 96 42 non
406 1611 109 42 esse
474 1611 82 42 in
515 1611 150 42 genere,
611 1611 137 42 supponi-

188 1650 100 43 tur,
251 1650 100 43 quod
314 1650 88 43 sua
364 1650 125 43 natura
452 1650 88 43 sit
502 1650 125 43 purior
590 1650 125 43 actus,
678 1650 63 43 &
690 1650 63 43 per

195 1677 171 41 consequens
329 1677 85 41 non
378 1677 85 41 sit
427 1677 232 41 distinguibilis,
622 1677 61 41 &
634 1677 122 41 diuisibi

192 1710 84 43 lis
240 1710 72 43 ab
276 1710 167 43 intrinseco
407 1710 84 43 per
455 1710 131 43 aliquos
550 1710 119 43 gradus
622 1710 131 43 essentia-

194 1743 90 42 les
245 1743 77 42 ad
284 1743 115 42 modum
361 1743 154 42 generis,
476 1743 90 42 vel
527 1743 77 42 ab
566 1743 179 42 extrinseco
694 1743 64 42 per

187 1782 150 36 aliquas
297 1782 205 36 conditiones
461 1782 219 36 indiuiduales
638 1782 82 36 ad
665 1782 96 36 modum

193 1812 157 46 speciei,
311 1812 170 46 inquantum
441 1812 105 46 vero
507 1812 144 46 ponitur
611 1812 105 46 esse
664 1812 92 46 alium

195 1846 115 42 Deum
267 1846 158 42 praeter
382 1846 144 42 ipsum,
483 1846 187 42 sequitur,
626 1846 115 42 quod
684 1846 72 42 sua

196 1883 119 38 natura
279 1883 83 38 sit
327 1883 166 38 distincta,
457 1883 59 38 &
481 1883 119 38 diuisa
564 1883 71 38 in
600 1883 142 38 ambobus,
695 1883 59 38 ve-

196 1912 83 50 per
244 1912 142 50 diuersos
350 1912 119 50 gradus
434 1912 190 50 essentiales,
588 1912 83 50 vel
635 1912 83 50 per
671 1912 83 50 diuei

193 1948 91 43 sas
245 1948 195 43 conditiones
401 1948 221 43 indiuiduales,
583 1948 65 43 &
609 1948 91 43 per
648 1948 104 43 conse-

197 1984 123 40 quens,
283 1984 98 40 quod
344 1984 86 40 sit
393 1984 74 40 in
430 1984 135 40 genere,
529 1984 86 40 vel
578 1984 74 40 in
615 1984 135 40 specie;
701 1984 61 40 re-

203 2014 108 41 motis
275 2014 96 41 ergo
335 2014 108 41 istis
406 2014 167 41 instantijs
538 2014 96 41 stat
598 2014 108 41 adhuc
657 2014 96 41 secun-

199 2048 74 40 da
236 2048 124 40 ratio,
322 2048 148 40 scilicet
434 2048 99 40 quod
495 2048 74 40 si
532 2048 124 40 essent
619 2048 124 40 plures
693 2048 62 40 Dij

201 2086 173 54 haberent
330 2086 173 54 communem
460 2086 202 54 conceptum,
618 2086 101 54 vel
661 2086 101 54 salte

774 173 91 47 non
826 173 129 47 posset
916 173 91 47 hoc
968 173 116 47 fugi,
1046 173 103 47 quin
1110 173 155 47 haberent
1214 173 129 47 vnitatem

764 209 177 51 secundum
897 209 206 51 analogiam,
1059 209 118 51 quia
1133 209 177 51 secundum
1251 209 88 51 Dea-

774 250 93 41 tum
827 250 172 41 Dionvsium
959 250 106 41 lib.
1025 250 79 41 1.
1065 250 79 41 de
1105 250 146 41 diuinis
1197 250 146 41 nominibs,

770 283 87 40 non
819 283 87 40 est
869 283 125 40 aliqua
957 283 175 40 multitudo,
1094 283 100 40 quae
1156 283 87 40 non
1193 283 150 40 participet

781 316 97 45 vno,
842 316 97 45 quod
902 316 122 45 probat
988 316 122 45 ibidem
1073 316 182 45 discurrendo
1219 316 85 45 per
1255 316 73 45 sin-

776 352 112 41 gulos
850 352 112 41 modos
925 352 211 41 multitudinis,
1098 352 74 41 vt
1135 352 112 41 patet
1198 352 137 41 intuenti-

769 382 94 50 cui
822 382 174 50 concordat
956 382 147 50 Proclus
1063 382 80 50 in
1103 382 174 50 principio
1236 382 94 50 sui
1276 382 67 50 li-

771 416 105 41 bri.
836 416 79 41 Si
876 416 118 41 autem
954 416 131 41 plures
1046 416 92 41 Dij
1098 416 157 41 haberent
1203 416 131 41 vnitaten

767 455 169 35 secundum
893 455 183 35 analogiam
1034 455 98 35 non
1090 455 141 35 essent
1174 455 169 35 aequaliter

772 487 156 40 perfecti,
892 487 60 40 &
916 487 84 40 per
964 487 168 40 consequens
1095 487 96 40 ille
1155 487 120 40 solus,
1239 487 84 40 qui
1275 487 60 40 es-

772 521 86 36 set
821 521 184 36 perfectior,
968 521 110 36 esset
1041 521 110 36 Deus,
1115 521 98 36 ergo
1176 521 147 36 repugnat
1274 521 61 36 Deo

776 552 184 48 plurificari
923 552 135 48 ratione
1021 552 98 48 suae
1082 552 123 48 summae
1156 552 184 48 perfectionis.

811 588 121 45 Tertio
896 588 109 45 probo
969 588 85 45 hoc
1017 588 97 45 idem
1078 588 97 45 sic;
1139 588 85 45 Fi,
1187 588 97 45 quod
1248 588 85 45 est
1284 588 49 45 in

771 622 128 36 finitae
864 622 198 36 perfectionis,
1027 622 140 36 repugnat
1132 622 186 36 plurificari;
1272 622 58 36 Des

778 656 96 38 est
833 656 192 38 huiusmodi,
984 656 124 38 ergo;
1067 656 151 38 Minorem
1176 656 165 38 suppono,
1286 656 55 38 Ma

773 686 118 43 iorem
851 686 131 43 probo.
943 686 92 43 Nam
996 686 79 43 si
1035 686 157 43 infinita
1153 686 131 43 Diuina
1231 686 105 43 perfe-

772 723 100 46 ctio
835 723 238 46 plurificaretur,
1035 723 175 46 sequeretur
1173 723 100 46 quod
1223 723 113 46 daretur

773 755 115 45 Maius
850 755 166 45 infinito,
978 755 179 45 consequens
1118 755 89 45 est
1156 755 179 45 impossibile,

771 793 111 45 ergo
841 793 70 45 &
868 793 209 45 antecedens,
1035 793 125 45 probo
1119 793 250 45 Consequentiam,

777 825 102 47 quia
841 825 114 47 sicut
917 825 89 47 duo
968 825 152 47 perfecta
1082 825 127 47 habent
1171 825 102 47 plus
1234 825 76 47 de
1260 825 76 47 per-

772 859 170 40 fectione
900 859 114 40 quam
971 859 156 40 alterum
1084 859 156 40 tantum,
1198 859 99 40 ita
1255 859 71 40 &
1269 859 71 40 duo

774 891 158 41 infinita
893 891 158 41 perfecta
1011 891 119 41 simul
1090 891 132 41 sumpta
1183 891 106 41 plus
1235 891 106 41 habent

774 928 77 40 de
813 928 205 40 perfectione,
980 928 103 40 quam
1044 928 141 40 alterum
1146 928 128 40 solum;
1236 928 77 40 Si
1262 928 77 40 ergo

774 961 120 42 essent
858 961 120 42 plures
942 961 96 42 Dij,
1002 961 60 42 &
1026 961 144 42 quilibet
1135 961 156 42 infinitae
1243 961 96 42 actiui

774 997 120 45 tatis,
858 997 60 45 &
882 997 204 45 perfectionis,
1050 997 72 45 vt
1086 997 180 45 supponitur,
1230 997 96 45 plus
1278 997 60 45 es-

774 1029 87 43 set
823 1029 75 43 de
861 1029 186 43 perfectione
1010 1029 75 43 in
1047 1029 87 43 eis
1097 1029 137 43 omnibus
1196 1029 112 43 simul
1258 1029 75 43 sum-

777 1065 114 42 ptis,
853 1065 101 42 quam
917 1065 76 42 in
955 1065 89 42 vno
1005 1065 114 42 solo,
1082 1065 89 42 cum
1132 1065 101 42 ergo
1196 1065 76 42 in
1234 1065 89 42 vno
1272 1065 63 42 sit

778 1104 154 40 perfectio
896 1104 154 40 infinita,
1015 1104 95 40 erit
1074 1104 95 40 dare
1133 1104 106 40 maius
1192 1104 130 40 infinito.

801 1131 104 39 lsta
866 1131 117 39 ratio
944 1131 142 39 patitur
1047 1131 104 39 vnam
1112 1131 194 39 instantiam.
1267 1131 91 39 Nam

776 1163 138 48 videtur
877 1163 75 48 ad
915 1163 88 48 eam
965 1163 126 48 sequi,
1053 1163 101 48 quod
1116 1163 88 48 non
1166 1163 88 48 sit
1204 1163 126 48 possibi-

773 1198 79 41 le
812 1198 106 41 dare
878 1198 145 41 aliquam
984 1198 185 41 creaturam,
1129 1198 106 41 quia
1195 1198 106 41 plus
1248 1198 92 41 vide-

774 1236 93 42 tur
827 1236 106 42 esse
893 1236 79 42 de
932 1236 198 42 perfectione
1091 1236 79 42 in
1131 1236 106 42 Deo,
1197 1236 66 42 &
1210 1236 132 42 creatura

766 1267 142 47 simul,
865 1267 113 47 quam
936 1267 85 47 in
978 1267 99 47 Deo
1035 1267 127 47 solo,
1120 1267 170 47 secundum
1233 1267 99 47 modum

773 1300 160 46 arguendi
893 1300 160 46 superius
1013 1300 200 46 obseruatum,
1173 1300 93 46 sed
1226 1300 80 46 in
1253 1300 80 46 solo

779 1334 84 43 Deo
827 1334 84 43 est
875 1334 155 43 perfectio
994 1334 155 43 infinita,
1114 1334 96 43 ergo
1174 1334 108 43 esset
1245 1334 96 43 dare
1293 1334 48 43 Ma

770 1370 76 43 ius
814 1370 131 43 infinito

802 1401 81 43 Ad
842 1401 95 43 hoc
896 1401 122 43 dico,
977 1401 108 43 quod
1045 1401 95 43 non
1099 1401 95 43 est
1153 1401 108 43 plus
1220 1401 81 43 de
1247 1401 108 43 perfei

768 1439 139 44 ctione
865 1439 83 44 in
907 1439 111 44 Deo,
977 1439 70 44 &
1004 1439 167 44 creatura
1130 1439 139 44 simul,
1227 1439 111 44 quam
1282 1439 56 44 in

771 1470 91 46 Deo
823 1470 116 46 solo,
900 1470 103 46 quia
965 1470 155 46 quicquid
1081 1470 207 46 perfectionis
1249 1470 91 46 est
1288 1470 52 46 in

771 1505 168 37 creatura,
900 1505 116 37 totum
978 1505 194 37 praeexistit
1132 1505 77 37 in
1171 1505 103 37 Deo,
1223 1505 116 37 dicente

778 1540 152 44 Dionysio
892 1540 76 44 3.
930 1540 76 44 de
968 1540 139 44 diuinis
1069 1540 177 44 nominibus,
1208 1540 101 44 quod
1259 1540 76 44 ipse

770 1572 103 37 Deus
835 1572 246 37 incircumscripte
1042 1572 181 37 preaccipit
1184 1572 78 37 in
1223 1572 78 37 se
1248 1572 91 37 totum

776 1607 116 45 esse,
853 1607 103 45 quod
917 1607 90 45 non
969 1607 90 45 est
1020 1607 141 45 propter
1123 1607 128 45 aliud,
1213 1607 103 45 nisi
1264 1607 77 45 quia

771 1642 106 40 Deus
837 1642 93 40 est
890 1642 173 40 perfectus
1023 1642 93 40 per
1076 1642 186 40 essentiam,
1209 1642 133 40 creatura

776 1679 114 39 autem
852 1679 89 39 per
903 1679 254 39 participationem,
1119 1679 89 39 sed
1169 1679 76 39 si
1208 1679 127 39 essent
1284 1679 63 39 plu

772 1708 82 37 res
819 1708 94 37 Dij,
878 1708 141 37 quilibet
983 1708 106 37 esset
1054 1708 152 37 perfectus
1171 1708 82 37 per
1206 1708 141 37 essentiam,

782 1744 166 39 propter
902 1744 120 39 quod
978 1744 196 39 instantia
1128 1744 105 39 non
1173 1744 166 39 procedit.

809 1775 246 46 Intelligendum
1011 1775 130 46 autem
1097 1775 116 46 quod
1170 1775 144 46 quidam
1256 1775 87 46 pro-

781 1802 110 58 bant
850 1802 124 58 istam
933 1802 138 58 eandem
1029 1802 165 58 rationem
1153 1802 138 58 duabus
1235 1802 110 58 conclu

772 1845 165 39 sionibus,
900 1845 102 39 quae
963 1845 153 39 videntur
1078 1845 102 39 mihi
1141 1845 140 39 sumptae
1243 1845 76 39 ex
1269 1845 76 39 par-

776 1882 77 39 te
815 1882 141 39 diuinae
918 1882 219 39 perfectionis,
1098 1882 141 39 propter
1201 1882 103 39 quod
1252 1882 90 39 habe-

778 1918 102 34 rent
842 1918 115 34 locum
919 1918 77 34 in
957 1918 102 34 isto
1021 1918 153 34 articulo
1136 1918 77 34 si
1162 1918 179 34 concluderent

777 1942 83 45 de
819 1942 221 45 necessitate:
998 1942 111 45 quod
1068 1942 124 45 tamen
1150 1942 97 45 non
1206 1942 138 45 credo,
1289 1942 55 45 vt

774 1980 123 45 statim
860 1980 148 45 patebit,
971 1980 123 45 quarum
1057 1980 111 45 prima
1131 1980 86 45 sic
1180 1980 86 45 pot
1217 1980 123 45 formari,

812 2014 75 48 Si
849 2014 124 48 essent
936 2014 124 48 plures
1023 2014 100 48 Dij,
1085 2014 100 48 vnus
1147 2014 87 48 non
1185 2014 149 48 intellige-

774 2049 85 47 ret
823 2049 122 47 alium,
908 2049 170 47 consequens
1042 2049 85 47 est
1090 2049 134 47 falsum,
1188 2049 110 47 ergo,
1261 2049 61 47 &
1273 2049 61 47 an-

776 2086 160 53 tecedens,
899 2086 148 53 Falsitas
1010 2086 197 53 consequentis
1170 2086 148 53 apparet,
1269 2086 74 53 quia
