<?xml version="1.0" encoding="UTF-8"?>
<alto xmlns:xsi="http://www.w3.org/2001/XMLSchema-instance"
      xmlns="http://www.loc.gov/standards/alto/ns-v2#"
      xmlns:page="http://schema.primaresearch.org/PAGE/gts/pagecontent/2013-07-15"
      xsi:schemaLocation="http://www.loc.gov/standards/alto/ns-v2# http://www.loc.gov/standards/alto/alto.xsd">
   <Description>
      <MeasurementUnit>pixel</MeasurementUnit>
      <OCRProcessing ID="IdOcr">
         <ocrProcessingStep>
            <processingDateTime>2020-09-29T17:17:05.817-04:00</processingDateTime>
            <processingSoftware>
               <softwareCreator>READ COOP</softwareCreator>
               <softwareName>Transkribus</softwareName>
            </processingSoftware>
         </ocrProcessingStep>
      </OCRProcessing>
   </Description>
   <Tags/>
   <Layout>
      <Page ID="Page1" PHYSICAL_IMG_NR="1" HEIGHT="2358" WIDTH="1500">
         <TopMargin HEIGHT="0" WIDTH="1500" VPOS="0" HPOS="0"/>
         <LeftMargin HEIGHT="2358" WIDTH="0" VPOS="0" HPOS="0"/>
         <RightMargin HEIGHT="2358" WIDTH="0" VPOS="0" HPOS="1500"/>
         <BottomMargin HEIGHT="0" WIDTH="1500" VPOS="2358" HPOS="0"/>
         <PrintSpace HEIGHT="2358" WIDTH="1500" VPOS="0" HPOS="0">
            <TextBlock ID="TextRegion_1600388358314_887"
                       HEIGHT="2027"
                       WIDTH="575"
                       VPOS="148"
                       HPOS="206">
               <Shape>
                  <Polygon POINTS="206,148 781,148 781,2175 206,2175"/>
               </Shape>
               <TextLine ID="r3l5"
                         BASELINE="241"
                         HEIGHT="58"
                         WIDTH="332"
                         VPOS="183"
                         HPOS="212">
                  <String HEIGHT="58"
                          WIDTH="142"
                          VPOS="183"
                          HPOS="196"
                          CONTENT="retur"/>
                  <SP HEIGHT="58" WIDTH="16" VPOS="183" HPOS="338"/>
                  <String HEIGHT="58" WIDTH="111" VPOS="183" HPOS="291" CONTENT="per"/>
                  <SP HEIGHT="58" WIDTH="16" VPOS="183" HPOS="402"/>
                  <String HEIGHT="58"
                          WIDTH="126"
                          VPOS="183"
                          HPOS="354"
                          CONTENT="vnum"/>
                  <SP HEIGHT="58" WIDTH="16" VPOS="183" HPOS="481"/>
                  <String HEIGHT="58"
                          WIDTH="126"
                          VPOS="183"
                          HPOS="418"
                          CONTENT="medium"/>
               </TextLine>
               <TextLine ID="r3l7"
                         BASELINE="271"
                         HEIGHT="46"
                         WIDTH="533"
                         VPOS="225"
                         HPOS="236">
                  <String HEIGHT="46" WIDTH="80" VPOS="225" HPOS="223" CONTENT="Ad"/>
                  <SP HEIGHT="46" WIDTH="13" VPOS="225" HPOS="303"/>
                  <String HEIGHT="46"
                          WIDTH="160"
                          VPOS="225"
                          HPOS="263"
                          CONTENT="secundam"/>
                  <SP HEIGHT="46" WIDTH="13" VPOS="225" HPOS="423"/>
                  <String HEIGHT="46"
                          WIDTH="160"
                          VPOS="225"
                          HPOS="383"
                          CONTENT="rationem"/>
                  <SP HEIGHT="46" WIDTH="13" VPOS="225" HPOS="542"/>
                  <String HEIGHT="46"
                          WIDTH="173"
                          VPOS="225"
                          HPOS="503"
                          CONTENT="respondeo"/>
                  <SP HEIGHT="46" WIDTH="13" VPOS="225" HPOS="676"/>
                  <String HEIGHT="46"
                          WIDTH="120"
                          VPOS="225"
                          HPOS="636"
                          CONTENT="etiam"/>
                  <SP HEIGHT="46" WIDTH="13" VPOS="225" HPOS="756"/>
                  <String HEIGHT="46"
                          WIDTH="67"
                          VPOS="225"
                          HPOS="702"
                          CONTENT="du"
                          SUBS_TYPE="HypPart1"
                          SUBS_CONTENT="dupliciter,"/>
                  <HYP CONTENT="-"/>
               </TextLine>
               <TextLine ID="r3l9"
                         BASELINE="310"
                         HEIGHT="47"
                         WIDTH="551"
                         VPOS="263"
                         HPOS="215">
                  <String HEIGHT="47"
                          WIDTH="156"
                          VPOS="263"
                          HPOS="203"
                          CONTENT="pliciter,"
                          SUBS_TYPE="HypPart2"
                          SUBS_CONTENT="dupliciter,"/>
                  <SP HEIGHT="47" WIDTH="12" VPOS="263" HPOS="359"/>
                  <String HEIGHT="47"
                          WIDTH="108"
                          VPOS="263"
                          HPOS="323"
                          CONTENT="primo"/>
                  <SP HEIGHT="47" WIDTH="12" VPOS="263" HPOS="431"/>
                  <String HEIGHT="47" WIDTH="96" VPOS="263" HPOS="395" CONTENT="modo"/>
                  <SP HEIGHT="47" WIDTH="12" VPOS="263" HPOS="491"/>
                  <String HEIGHT="47"
                          WIDTH="168"
                          VPOS="263"
                          HPOS="455"
                          CONTENT="concedendo"/>
                  <SP HEIGHT="47" WIDTH="12" VPOS="263" HPOS="622"/>
                  <String HEIGHT="47"
                          WIDTH="192"
                          VPOS="263"
                          HPOS="574"
                          CONTENT="consequentiam,"/>
               </TextLine>
               <TextLine ID="r3l11"
                         BASELINE="342"
                         HEIGHT="47"
                         WIDTH="548"
                         VPOS="295"
                         HPOS="219">
                  <String HEIGHT="47"
                          WIDTH="102"
                          VPOS="295"
                          HPOS="206"
                          CONTENT="quia"/>
                  <SP HEIGHT="47" WIDTH="13" VPOS="295" HPOS="308"/>
                  <String HEIGHT="47"
                          WIDTH="102"
                          VPOS="295"
                          HPOS="270"
                          CONTENT="vnus"/>
                  <SP HEIGHT="47" WIDTH="13" VPOS="295" HPOS="372"/>
                  <String HEIGHT="47"
                          WIDTH="102"
                          VPOS="295"
                          HPOS="334"
                          CONTENT="Deus"/>
                  <SP HEIGHT="47" WIDTH="13" VPOS="295" HPOS="436"/>
                  <String HEIGHT="47" WIDTH="89" VPOS="295" HPOS="397" CONTENT="non"/>
                  <SP HEIGHT="47" WIDTH="13" VPOS="295" HPOS="487"/>
                  <String HEIGHT="47"
                          WIDTH="166"
                          VPOS="295"
                          HPOS="448"
                          CONTENT="diligeret"/>
                  <SP HEIGHT="47" WIDTH="13" VPOS="295" HPOS="614"/>
                  <String HEIGHT="47"
                          WIDTH="127"
                          VPOS="295"
                          HPOS="576"
                          CONTENT="alium,"/>
                  <SP HEIGHT="47" WIDTH="13" VPOS="295" HPOS="703"/>
                  <String HEIGHT="47" WIDTH="89" VPOS="295" HPOS="665" CONTENT="nam"/>
                  <SP HEIGHT="47" WIDTH="13" VPOS="295" HPOS="754"/>
                  <String HEIGHT="47"
                          WIDTH="64"
                          VPOS="295"
                          HPOS="703"
                          CONTENT="si"
                          SUBS_TYPE="HypPart1"
                          SUBS_CONTENT="sicut"/>
                  <HYP CONTENT="-"/>
               </TextLine>
               <TextLine ID="r3l13"
                         BASELINE="366"
                         HEIGHT="38"
                         WIDTH="550"
                         VPOS="328"
                         HPOS="217">
                  <String HEIGHT="38"
                          WIDTH="90"
                          VPOS="328"
                          HPOS="204"
                          CONTENT="cut"
                          SUBS_TYPE="HypPart2"
                          SUBS_CONTENT="sicut"/>
                  <SP HEIGHT="38" WIDTH="13" VPOS="328" HPOS="294"/>
                  <String HEIGHT="38"
                          WIDTH="166"
                          VPOS="328"
                          HPOS="255"
                          CONTENT="dicebatur"/>
                  <SP HEIGHT="38" WIDTH="13" VPOS="328" HPOS="422"/>
                  <String HEIGHT="38"
                          WIDTH="166"
                          VPOS="328"
                          HPOS="383"
                          CONTENT="superius,"/>
                  <SP HEIGHT="38" WIDTH="13" VPOS="328" HPOS="550"/>
                  <String HEIGHT="38"
                          WIDTH="102"
                          VPOS="328"
                          HPOS="511"
                          CONTENT="quod"/>
                  <SP HEIGHT="38" WIDTH="13" VPOS="328" HPOS="614"/>
                  <String HEIGHT="38"
                          WIDTH="102"
                          VPOS="328"
                          HPOS="575"
                          CONTENT="vnus"/>
                  <SP HEIGHT="38" WIDTH="13" VPOS="328" HPOS="677"/>
                  <String HEIGHT="38"
                          WIDTH="115"
                          VPOS="328"
                          HPOS="639"
                          CONTENT="eorum"/>
                  <SP HEIGHT="38" WIDTH="13" VPOS="328" HPOS="754"/>
                  <String HEIGHT="38" WIDTH="64" VPOS="328" HPOS="703" CONTENT="non"/>
               </TextLine>
               <TextLine ID="r3l15"
                         BASELINE="404"
                         HEIGHT="43"
                         WIDTH="558"
                         VPOS="361"
                         HPOS="210">
                  <String HEIGHT="43"
                          WIDTH="173"
                          VPOS="361"
                          HPOS="197"
                          CONTENT="indigeret"/>
                  <SP HEIGHT="43" WIDTH="13" VPOS="361" HPOS="369"/>
                  <String HEIGHT="43"
                          WIDTH="106"
                          VPOS="361"
                          HPOS="330"
                          CONTENT="alio"/>
                  <SP HEIGHT="43" WIDTH="13" VPOS="361" HPOS="436"/>
                  <String HEIGHT="43" WIDTH="80" VPOS="361" HPOS="396" CONTENT="ad"/>
                  <SP HEIGHT="43" WIDTH="13" VPOS="361" HPOS="476"/>
                  <String HEIGHT="43"
                          WIDTH="106"
                          VPOS="361"
                          HPOS="436"
                          CONTENT="suum"/>
                  <SP HEIGHT="43" WIDTH="13" VPOS="361" HPOS="542"/>
                  <String HEIGHT="43"
                          WIDTH="173"
                          VPOS="361"
                          HPOS="502"
                          CONTENT="perfectum"/>
                  <SP HEIGHT="43" WIDTH="13" VPOS="361" HPOS="675"/>
                  <String HEIGHT="43"
                          WIDTH="120"
                          VPOS="361"
                          HPOS="635"
                          CONTENT="esse,"/>
                  <SP HEIGHT="43" WIDTH="13" VPOS="361" HPOS="755"/>
                  <String HEIGHT="43" WIDTH="66" VPOS="361" HPOS="702" CONTENT="nec"/>
               </TextLine>
               <TextLine ID="r3l17"
                         BASELINE="441"
                         HEIGHT="45"
                         WIDTH="554"
                         VPOS="396"
                         HPOS="215">
                  <String HEIGHT="45" WIDTH="77" VPOS="396" HPOS="202" CONTENT="ad"/>
                  <SP HEIGHT="45" WIDTH="13" VPOS="396" HPOS="279"/>
                  <String HEIGHT="45"
                          WIDTH="103"
                          VPOS="396"
                          HPOS="241"
                          CONTENT="suum"/>
                  <SP HEIGHT="45" WIDTH="13" VPOS="396" HPOS="344"/>
                  <String HEIGHT="45"
                          WIDTH="167"
                          VPOS="396"
                          HPOS="305"
                          CONTENT="perfectum"/>
                  <SP HEIGHT="45" WIDTH="13" VPOS="396" HPOS="473"/>
                  <String HEIGHT="45"
                          WIDTH="206"
                          VPOS="396"
                          HPOS="434"
                          CONTENT="intelligere,"/>
                  <SP HEIGHT="45" WIDTH="13" VPOS="396" HPOS="640"/>
                  <String HEIGHT="45" WIDTH="90" VPOS="396" HPOS="602" CONTENT="ita"/>
                  <SP HEIGHT="45" WIDTH="13" VPOS="396" HPOS="692"/>
                  <String HEIGHT="45"
                          WIDTH="129"
                          VPOS="396"
                          HPOS="640"
                          CONTENT="possumus"/>
               </TextLine>
               <TextLine ID="r3l19"
                         BASELINE="479"
                         HEIGHT="45"
                         WIDTH="553"
                         VPOS="434"
                         HPOS="217">
                  <String HEIGHT="45"
                          WIDTH="132"
                          VPOS="434"
                          HPOS="204"
                          CONTENT="dicere"/>
                  <SP HEIGHT="45" WIDTH="13" VPOS="434" HPOS="336"/>
                  <String HEIGHT="45" WIDTH="79" VPOS="434" HPOS="296" CONTENT="in"/>
                  <SP HEIGHT="45" WIDTH="13" VPOS="434" HPOS="375"/>
                  <String HEIGHT="45"
                          WIDTH="184"
                          VPOS="434"
                          HPOS="336"
                          CONTENT="proposito,"/>
                  <SP HEIGHT="45" WIDTH="13" VPOS="434" HPOS="520"/>
                  <String HEIGHT="45"
                          WIDTH="105"
                          VPOS="434"
                          HPOS="480"
                          CONTENT="quod"/>
                  <SP HEIGHT="45" WIDTH="13" VPOS="434" HPOS="586"/>
                  <String HEIGHT="45" WIDTH="92" VPOS="434" HPOS="546" CONTENT="non"/>
                  <SP HEIGHT="45" WIDTH="13" VPOS="434" HPOS="638"/>
                  <String HEIGHT="45"
                          WIDTH="171"
                          VPOS="434"
                          HPOS="599"
                          CONTENT="indigeret"/>
                  <SP HEIGHT="45" WIDTH="13" VPOS="434" HPOS="770"/>
                  <String HEIGHT="45" WIDTH="53" VPOS="434" HPOS="717" CONTENT="eo"/>
               </TextLine>
               <TextLine ID="r3l21"
                         BASELINE="504"
                         HEIGHT="37"
                         WIDTH="545"
                         VPOS="467"
                         HPOS="217">
                  <String HEIGHT="37" WIDTH="82" VPOS="467" HPOS="203" CONTENT="ad"/>
                  <SP HEIGHT="37" WIDTH="14" VPOS="467" HPOS="285"/>
                  <String HEIGHT="37"
                          WIDTH="109"
                          VPOS="467"
                          HPOS="244"
                          CONTENT="suum"/>
                  <SP HEIGHT="37" WIDTH="14" VPOS="467" HPOS="353"/>
                  <String HEIGHT="37"
                          WIDTH="177"
                          VPOS="467"
                          HPOS="312"
                          CONTENT="perfectum"/>
                  <SP HEIGHT="37" WIDTH="14" VPOS="467" HPOS="490"/>
                  <String HEIGHT="37"
                          WIDTH="177"
                          VPOS="467"
                          HPOS="449"
                          CONTENT="diligere,"/>
                  <SP HEIGHT="37" WIDTH="14" VPOS="467" HPOS="626"/>
                  <String HEIGHT="37"
                          WIDTH="150"
                          VPOS="467"
                          HPOS="585"
                          CONTENT="propter"/>
                  <SP HEIGHT="37" WIDTH="14" VPOS="467" HPOS="735"/>
                  <String HEIGHT="37" WIDTH="82" VPOS="467" HPOS="680" CONTENT="quod"/>
               </TextLine>
               <TextLine ID="r3l23"
                         BASELINE="535"
                         HEIGHT="36"
                         WIDTH="549"
                         VPOS="499"
                         HPOS="218">
                  <String HEIGHT="36"
                          WIDTH="140"
                          VPOS="499"
                          HPOS="205"
                          CONTENT="poterit"/>
                  <SP HEIGHT="36" WIDTH="13" VPOS="499" HPOS="346"/>
                  <String HEIGHT="36"
                          WIDTH="102"
                          VPOS="499"
                          HPOS="307"
                          CONTENT="suus"/>
                  <SP HEIGHT="36" WIDTH="13" VPOS="499" HPOS="410"/>
                  <String HEIGHT="36"
                          WIDTH="102"
                          VPOS="499"
                          HPOS="371"
                          CONTENT="amor"/>
                  <SP HEIGHT="36" WIDTH="13" VPOS="499" HPOS="473"/>
                  <String HEIGHT="36"
                          WIDTH="166"
                          VPOS="499"
                          HPOS="435"
                          CONTENT="perfectus"/>
                  <SP HEIGHT="36" WIDTH="13" VPOS="499" HPOS="601"/>
                  <String HEIGHT="36"
                          WIDTH="102"
                          VPOS="499"
                          HPOS="563"
                          CONTENT="esse"/>
                  <SP HEIGHT="36" WIDTH="13" VPOS="499" HPOS="665"/>
                  <String HEIGHT="36" WIDTH="89" VPOS="499" HPOS="627" CONTENT="non"/>
                  <SP HEIGHT="36" WIDTH="13" VPOS="499" HPOS="716"/>
                  <String HEIGHT="36"
                          WIDTH="102"
                          VPOS="499"
                          HPOS="665"
                          CONTENT="exten"
                          SUBS_TYPE="HypPart1"
                          SUBS_CONTENT="extendendo"/>
                  <HYP CONTENT="-"/>
               </TextLine>
               <TextLine ID="r3l25"
                         BASELINE="569"
                         HEIGHT="40"
                         WIDTH="550"
                         VPOS="529"
                         HPOS="214">
                  <String HEIGHT="40"
                          WIDTH="124"
                          VPOS="529"
                          HPOS="200"
                          CONTENT="dendo"
                          SUBS_TYPE="HypPart2"
                          SUBS_CONTENT="extendendo"/>
                  <SP HEIGHT="40" WIDTH="14" VPOS="529" HPOS="324"/>
                  <String HEIGHT="40" WIDTH="83" VPOS="529" HPOS="283" CONTENT="se"/>
                  <SP HEIGHT="40" WIDTH="14" VPOS="529" HPOS="365"/>
                  <String HEIGHT="40" WIDTH="83" VPOS="529" HPOS="324" CONTENT="ad"/>
                  <SP HEIGHT="40" WIDTH="14" VPOS="529" HPOS="407"/>
                  <String HEIGHT="40"
                          WIDTH="124"
                          VPOS="529"
                          HPOS="365"
                          CONTENT="alium"/>
                  <SP HEIGHT="40" WIDTH="14" VPOS="529" HPOS="489"/>
                  <String HEIGHT="40"
                          WIDTH="124"
                          VPOS="529"
                          HPOS="448"
                          CONTENT="Deum,"/>
                  <SP HEIGHT="40" WIDTH="14" VPOS="529" HPOS="572"/>
                  <String HEIGHT="40" WIDTH="69" VPOS="529" HPOS="530" CONTENT="&amp;"/>
                  <SP HEIGHT="40" WIDTH="14" VPOS="529" HPOS="599"/>
                  <String HEIGHT="40"
                          WIDTH="165"
                          VPOS="529"
                          HPOS="558"
                          CONTENT="secundum"/>
                  <SP HEIGHT="40" WIDTH="14" VPOS="529" HPOS="723"/>
                  <String HEIGHT="40"
                          WIDTH="96"
                          VPOS="529"
                          HPOS="668"
                          CONTENT="istam"/>
               </TextLine>
               <TextLine ID="r3l27"
                         BASELINE="605"
                         HEIGHT="37"
                         WIDTH="554"
                         VPOS="568"
                         HPOS="215">
                  <String HEIGHT="37"
                          WIDTH="189"
                          VPOS="568"
                          HPOS="202"
                          CONTENT="solutionem,"/>
                  <SP HEIGHT="37" WIDTH="13" VPOS="568" HPOS="391"/>
                  <String HEIGHT="37"
                          WIDTH="189"
                          VPOS="568"
                          HPOS="354"
                          CONTENT="confirmatio"/>
                  <SP HEIGHT="37" WIDTH="13" VPOS="568" HPOS="542"/>
                  <String HEIGHT="37"
                          WIDTH="126"
                          VPOS="568"
                          HPOS="505"
                          CONTENT="istius"/>
                  <SP HEIGHT="37" WIDTH="13" VPOS="568" HPOS="631"/>
                  <String HEIGHT="37"
                          WIDTH="151"
                          VPOS="568"
                          HPOS="593"
                          CONTENT="rationis"/>
                  <SP HEIGHT="37" WIDTH="13" VPOS="568" HPOS="744"/>
                  <String HEIGHT="37" WIDTH="88" VPOS="568" HPOS="706" CONTENT="non"/>
                  <SP HEIGHT="37" WIDTH="13" VPOS="568" HPOS="794"/>
                  <String HEIGHT="37" WIDTH="25" VPOS="568" HPOS="744" CONTENT=""/>
               </TextLine>
               <TextLine ID="r3l29"
                         BASELINE="643"
                         HEIGHT="38"
                         WIDTH="546"
                         VPOS="605"
                         HPOS="214">
                  <String HEIGHT="38"
                          WIDTH="107"
                          VPOS="605"
                          HPOS="202"
                          CONTENT="habet"/>
                  <SP HEIGHT="38" WIDTH="12" VPOS="605" HPOS="309"/>
                  <String HEIGHT="38"
                          WIDTH="119"
                          VPOS="605"
                          HPOS="273"
                          CONTENT="locum,"/>
                  <SP HEIGHT="38" WIDTH="12" VPOS="605" HPOS="392"/>
                  <String HEIGHT="38"
                          WIDTH="142"
                          VPOS="605"
                          HPOS="356"
                          CONTENT="siquidem"/>
                  <SP HEIGHT="38" WIDTH="12" VPOS="605" HPOS="499"/>
                  <String HEIGHT="38" WIDTH="95" VPOS="605" HPOS="463" CONTENT="vnus"/>
                  <SP HEIGHT="38" WIDTH="12" VPOS="605" HPOS="558"/>
                  <String HEIGHT="38" WIDTH="95" VPOS="605" HPOS="523" CONTENT="Deus"/>
                  <SP HEIGHT="38" WIDTH="12" VPOS="605" HPOS="618"/>
                  <String HEIGHT="38" WIDTH="83" VPOS="605" HPOS="582" CONTENT="non"/>
                  <SP HEIGHT="38" WIDTH="12" VPOS="605" HPOS="665"/>
                  <String HEIGHT="38"
                          WIDTH="154"
                          VPOS="605"
                          HPOS="629"
                          CONTENT="vteretur,"/>
                  <SP HEIGHT="38" WIDTH="12" VPOS="605" HPOS="784"/>
                  <String HEIGHT="38" WIDTH="24" VPOS="605" HPOS="736" CONTENT=""/>
               </TextLine>
               <TextLine ID="r3l31"
                         BASELINE="671"
                         HEIGHT="38"
                         WIDTH="552"
                         VPOS="633"
                         HPOS="215">
                  <String HEIGHT="38" WIDTH="94" VPOS="633" HPOS="202" CONTENT="nec"/>
                  <SP HEIGHT="38" WIDTH="13" VPOS="633" HPOS="296"/>
                  <String HEIGHT="38"
                          WIDTH="162"
                          VPOS="633"
                          HPOS="255"
                          CONTENT="fueretur"/>
                  <SP HEIGHT="38" WIDTH="13" VPOS="633" HPOS="417"/>
                  <String HEIGHT="38"
                          WIDTH="108"
                          VPOS="633"
                          HPOS="377"
                          CONTENT="alio"/>
                  <SP HEIGHT="38" WIDTH="13" VPOS="633" HPOS="484"/>
                  <String HEIGHT="38"
                          WIDTH="108"
                          VPOS="633"
                          HPOS="444"
                          CONTENT="Deo,"/>
                  <SP HEIGHT="38" WIDTH="13" VPOS="633" HPOS="552"/>
                  <String HEIGHT="38"
                          WIDTH="108"
                          VPOS="633"
                          HPOS="511"
                          CONTENT="quia"/>
                  <SP HEIGHT="38" WIDTH="13" VPOS="633" HPOS="619"/>
                  <String HEIGHT="38"
                          WIDTH="135"
                          VPOS="633"
                          HPOS="579"
                          CONTENT="nullum"/>
                  <SP HEIGHT="38" WIDTH="13" VPOS="633" HPOS="713"/>
                  <String HEIGHT="38"
                          WIDTH="121"
                          VPOS="633"
                          HPOS="673"
                          CONTENT="actum"/>
                  <SP HEIGHT="38" WIDTH="13" VPOS="633" HPOS="794"/>
                  <String HEIGHT="38" WIDTH="27" VPOS="633" HPOS="740" CONTENT=""/>
               </TextLine>
               <TextLine ID="r3l34"
                         BASELINE="717"
                         HEIGHT="47"
                         WIDTH="305"
                         VPOS="670"
                         HPOS="212">
                  <String HEIGHT="47"
                          WIDTH="140"
                          VPOS="670"
                          HPOS="199"
                          CONTENT="haberet"/>
                  <SP HEIGHT="47" WIDTH="13" VPOS="670" HPOS="339"/>
                  <String HEIGHT="47"
                          WIDTH="153"
                          VPOS="670"
                          HPOS="301"
                          CONTENT="respectu"/>
                  <SP HEIGHT="47" WIDTH="13" VPOS="670" HPOS="453"/>
                  <String HEIGHT="47"
                          WIDTH="114"
                          VPOS="670"
                          HPOS="403"
                          CONTENT="ipsius."/>
               </TextLine>
               <TextLine ID="r3l36"
                         BASELINE="746"
                         HEIGHT="43"
                         WIDTH="519"
                         VPOS="703"
                         HPOS="246">
                  <String HEIGHT="43"
                          WIDTH="159"
                          VPOS="703"
                          HPOS="232"
                          CONTENT="Secundo"/>
                  <SP HEIGHT="43" WIDTH="14" VPOS="703" HPOS="390"/>
                  <String HEIGHT="43"
                          WIDTH="187"
                          VPOS="703"
                          HPOS="347"
                          CONTENT="respondeo"/>
                  <SP HEIGHT="43" WIDTH="14" VPOS="703" HPOS="534"/>
                  <String HEIGHT="43"
                          WIDTH="159"
                          VPOS="703"
                          HPOS="491"
                          CONTENT="negando"/>
                  <SP HEIGHT="43" WIDTH="14" VPOS="703" HPOS="650"/>
                  <String HEIGHT="43"
                          WIDTH="173"
                          VPOS="703"
                          HPOS="592"
                          CONTENT="Consequen"
                          SUBS_TYPE="HypPart1"
                          SUBS_CONTENT="Consequentiam,"/>
                  <HYP CONTENT="-"/>
               </TextLine>
               <TextLine ID="r3l38"
                         BASELINE="775"
                         HEIGHT="39"
                         WIDTH="559"
                         VPOS="736"
                         HPOS="209">
                  <String HEIGHT="39"
                          WIDTH="109"
                          VPOS="736"
                          HPOS="197"
                          CONTENT="tiam,"
                          SUBS_TYPE="HypPart2"
                          SUBS_CONTENT="Consequentiam,"/>
                  <SP HEIGHT="39" WIDTH="12" VPOS="736" HPOS="306"/>
                  <String HEIGHT="39" WIDTH="61" VPOS="736" HPOS="270" CONTENT="&amp;"/>
                  <SP HEIGHT="39" WIDTH="12" VPOS="736" HPOS="331"/>
                  <String HEIGHT="39" WIDTH="85" VPOS="736" HPOS="294" CONTENT="cum"/>
                  <SP HEIGHT="39" WIDTH="12" VPOS="736" HPOS="379"/>
                  <String HEIGHT="39"
                          WIDTH="158"
                          VPOS="736"
                          HPOS="343"
                          CONTENT="probatur,"/>
                  <SP HEIGHT="39" WIDTH="12" VPOS="736" HPOS="501"/>
                  <String HEIGHT="39" WIDTH="97" VPOS="736" HPOS="464" CONTENT="quia"/>
                  <SP HEIGHT="39" WIDTH="12" VPOS="736" HPOS="561"/>
                  <String HEIGHT="39" WIDTH="85" VPOS="736" HPOS="525" CONTENT="est"/>
                  <SP HEIGHT="39" WIDTH="12" VPOS="736" HPOS="610"/>
                  <String HEIGHT="39"
                          WIDTH="182"
                          VPOS="736"
                          HPOS="574"
                          CONTENT="diligibilis"/>
                  <SP HEIGHT="39" WIDTH="12" VPOS="736" HPOS="756"/>
                  <String HEIGHT="39"
                          WIDTH="61"
                          VPOS="736"
                          HPOS="707"
                          CONTENT="in"
                          SUBS_TYPE="HypPart1"
                          SUBS_CONTENT="infinite,"/>
                  <HYP CONTENT="-"/>
               </TextLine>
               <TextLine ID="r3l40"
                         BASELINE="818"
                         HEIGHT="49"
                         WIDTH="549"
                         VPOS="769"
                         HPOS="215">
                  <String HEIGHT="49"
                          WIDTH="144"
                          VPOS="769"
                          HPOS="202"
                          CONTENT="finite,"
                          SUBS_TYPE="HypPart2"
                          SUBS_CONTENT="infinite,"/>
                  <SP HEIGHT="49" WIDTH="13" VPOS="769" HPOS="346"/>
                  <String HEIGHT="49" WIDTH="92" VPOS="769" HPOS="307" CONTENT="nam"/>
                  <SP HEIGHT="49" WIDTH="13" VPOS="769" HPOS="398"/>
                  <String HEIGHT="49"
                          WIDTH="105"
                          VPOS="769"
                          HPOS="359"
                          CONTENT="tunc"/>
                  <SP HEIGHT="49" WIDTH="13" VPOS="769" HPOS="463"/>
                  <String HEIGHT="49"
                          WIDTH="170"
                          VPOS="769"
                          HPOS="424"
                          CONTENT="diligeret"/>
                  <SP HEIGHT="49" WIDTH="13" VPOS="769" HPOS="594"/>
                  <String HEIGHT="49" WIDTH="92" VPOS="769" HPOS="555" CONTENT="eum"/>
                  <SP HEIGHT="49" WIDTH="13" VPOS="769" HPOS="646"/>
                  <String HEIGHT="49"
                          WIDTH="144"
                          VPOS="769"
                          HPOS="607"
                          CONTENT="quantum"/>
                  <SP HEIGHT="49" WIDTH="13" VPOS="769" HPOS="751"/>
                  <String HEIGHT="49" WIDTH="65" VPOS="769" HPOS="699" CONTENT="se,"/>
               </TextLine>
               <TextLine ID="r3l42"
                         BASELINE="843"
                         HEIGHT="39"
                         WIDTH="553"
                         VPOS="804"
                         HPOS="210">
                  <String HEIGHT="39"
                          WIDTH="108"
                          VPOS="804"
                          HPOS="198"
                          CONTENT="dico,"/>
                  <SP HEIGHT="39" WIDTH="12" VPOS="804" HPOS="306"/>
                  <String HEIGHT="39" WIDTH="96" VPOS="804" HPOS="270" CONTENT="quod"/>
                  <SP HEIGHT="39" WIDTH="12" VPOS="804" HPOS="366"/>
                  <String HEIGHT="39" WIDTH="84" VPOS="804" HPOS="330" CONTENT="non"/>
                  <SP HEIGHT="39" WIDTH="12" VPOS="804" HPOS="414"/>
                  <String HEIGHT="39" WIDTH="84" VPOS="804" HPOS="378" CONTENT="est"/>
                  <SP HEIGHT="39" WIDTH="12" VPOS="804" HPOS="462"/>
                  <String HEIGHT="39"
                          WIDTH="180"
                          VPOS="804"
                          HPOS="426"
                          CONTENT="diligibilis"/>
                  <SP HEIGHT="39" WIDTH="12" VPOS="804" HPOS="607"/>
                  <String HEIGHT="39"
                          WIDTH="144"
                          VPOS="804"
                          HPOS="571"
                          CONTENT="infinite"/>
                  <SP HEIGHT="39" WIDTH="12" VPOS="804" HPOS="715"/>
                  <String HEIGHT="39" WIDTH="60" VPOS="804" HPOS="679" CONTENT="a"/>
                  <SP HEIGHT="39" WIDTH="12" VPOS="804" HPOS="739"/>
                  <String HEIGHT="39"
                          WIDTH="72"
                          VPOS="804"
                          HPOS="691"
                          CONTENT="quo"
                          SUBS_TYPE="HypPart1"
                          SUBS_CONTENT="quocunque,"/>
                  <HYP CONTENT="-"/>
               </TextLine>
               <TextLine ID="r3l44"
                         BASELINE="887"
                         HEIGHT="46"
                         WIDTH="544"
                         VPOS="841"
                         HPOS="214">
                  <String HEIGHT="46"
                          WIDTH="142"
                          VPOS="841"
                          HPOS="201"
                          CONTENT="cunque,"
                          SUBS_TYPE="HypPart2"
                          SUBS_CONTENT="quocunque,"/>
                  <SP HEIGHT="46" WIDTH="13" VPOS="841" HPOS="344"/>
                  <String HEIGHT="46" WIDTH="91" VPOS="841" HPOS="305" CONTENT="sed"/>
                  <SP HEIGHT="46" WIDTH="13" VPOS="841" HPOS="395"/>
                  <String HEIGHT="46"
                          WIDTH="117"
                          VPOS="841"
                          HPOS="356"
                          CONTENT="solum"/>
                  <SP HEIGHT="46" WIDTH="13" VPOS="841" HPOS="473"/>
                  <String HEIGHT="46"
                          WIDTH="155"
                          VPOS="841"
                          HPOS="434"
                          CONTENT="respectu"/>
                  <SP HEIGHT="46" WIDTH="13" VPOS="841" HPOS="590"/>
                  <String HEIGHT="46" WIDTH="91" VPOS="841" HPOS="551" CONTENT="sui"/>
                  <SP HEIGHT="46" WIDTH="13" VPOS="841" HPOS="641"/>
                  <String HEIGHT="46"
                          WIDTH="130"
                          VPOS="841"
                          HPOS="603"
                          CONTENT="ipsus,"/>
                  <SP HEIGHT="46" WIDTH="13" VPOS="841" HPOS="732"/>
                  <String HEIGHT="46" WIDTH="78" VPOS="841" HPOS="680" CONTENT="quia"/>
               </TextLine>
               <TextLine ID="r3l45"
                         BASELINE="912"
                         HEIGHT="41"
                         WIDTH="554"
                         VPOS="871"
                         HPOS="206">
                  <String HEIGHT="41"
                          WIDTH="111"
                          VPOS="871"
                          HPOS="192"
                          CONTENT="amor"/>
                  <SP HEIGHT="41" WIDTH="14" VPOS="871" HPOS="303"/>
                  <String HEIGHT="41"
                          WIDTH="166"
                          VPOS="871"
                          HPOS="261"
                          CONTENT="fundatur"/>
                  <SP HEIGHT="41" WIDTH="14" VPOS="871" HPOS="428"/>
                  <String HEIGHT="41"
                          WIDTH="125"
                          VPOS="871"
                          HPOS="386"
                          CONTENT="supra"/>
                  <SP HEIGHT="41" WIDTH="14" VPOS="871" HPOS="511"/>
                  <String HEIGHT="41"
                          WIDTH="152"
                          VPOS="871"
                          HPOS="469"
                          CONTENT="vnione,"/>
                  <SP HEIGHT="41" WIDTH="14" VPOS="871" HPOS="622"/>
                  <String HEIGHT="41" WIDTH="69" VPOS="871" HPOS="580" CONTENT="&amp;"/>
                  <SP HEIGHT="41" WIDTH="14" VPOS="871" HPOS="649"/>
                  <String HEIGHT="41" WIDTH="83" VPOS="871" HPOS="608" CONTENT="ad"/>
                  <SP HEIGHT="41" WIDTH="14" VPOS="871" HPOS="691"/>
                  <String HEIGHT="41"
                          WIDTH="125"
                          VPOS="871"
                          HPOS="635"
                          CONTENT="seipsum"/>
               </TextLine>
               <TextLine ID="r3l48"
                         BASELINE="956"
                         HEIGHT="46"
                         WIDTH="549"
                         VPOS="910"
                         HPOS="209">
                  <String HEIGHT="46"
                          WIDTH="127"
                          VPOS="910"
                          HPOS="195"
                          CONTENT="habet"/>
                  <SP HEIGHT="46" WIDTH="14" VPOS="910" HPOS="322"/>
                  <String HEIGHT="46"
                          WIDTH="155"
                          VPOS="910"
                          HPOS="279"
                          CONTENT="maximam"/>
                  <SP HEIGHT="46" WIDTH="14" VPOS="910" HPOS="434"/>
                  <String HEIGHT="46"
                          WIDTH="169"
                          VPOS="910"
                          HPOS="392"
                          CONTENT="vnionem,"/>
                  <SP HEIGHT="46" WIDTH="14" VPOS="910" HPOS="561"/>
                  <String HEIGHT="46"
                          WIDTH="169"
                          VPOS="910"
                          HPOS="519"
                          CONTENT="scilicet"/>
                  <SP HEIGHT="46" WIDTH="14" VPOS="910" HPOS="688"/>
                  <String HEIGHT="46"
                          WIDTH="127"
                          VPOS="910"
                          HPOS="631"
                          CONTENT="vnionem"/>
               </TextLine>
               <TextLine ID="r3l49"
                         BASELINE="990"
                         HEIGHT="52"
                         WIDTH="552"
                         VPOS="938"
                         HPOS="214">
                  <String HEIGHT="52" WIDTH="86" VPOS="938" HPOS="202" CONTENT="per"/>
                  <SP HEIGHT="52" WIDTH="12" VPOS="938" HPOS="288"/>
                  <String HEIGHT="52"
                          WIDTH="196"
                          VPOS="938"
                          HPOS="251"
                          CONTENT="identitatem,"/>
                  <SP HEIGHT="52" WIDTH="12" VPOS="938" HPOS="447"/>
                  <String HEIGHT="52"
                          WIDTH="135"
                          VPOS="938"
                          HPOS="410"
                          CONTENT="propter"/>
                  <SP HEIGHT="52" WIDTH="12" VPOS="938" HPOS="545"/>
                  <String HEIGHT="52" WIDTH="98" VPOS="938" HPOS="508" CONTENT="quod"/>
                  <SP HEIGHT="52" WIDTH="12" VPOS="938" HPOS="607"/>
                  <String HEIGHT="52" WIDTH="61" VPOS="938" HPOS="570" CONTENT="a"/>
                  <SP HEIGHT="52" WIDTH="12" VPOS="938" HPOS="631"/>
                  <String HEIGHT="52"
                          WIDTH="123"
                          VPOS="938"
                          HPOS="594"
                          CONTENT="seipso"/>
                  <SP HEIGHT="52" WIDTH="12" VPOS="938" HPOS="717"/>
                  <String HEIGHT="52"
                          WIDTH="98"
                          VPOS="938"
                          HPOS="668"
                          CONTENT="infini"/>
               </TextLine>
               <TextLine ID="r3l52"
                         BASELINE="1018"
                         HEIGHT="43"
                         WIDTH="555"
                         VPOS="975"
                         HPOS="205">
                  <String HEIGHT="43" WIDTH="79" VPOS="975" HPOS="192" CONTENT="te"/>
                  <SP HEIGHT="43" WIDTH="13" VPOS="975" HPOS="271"/>
                  <String HEIGHT="43"
                          WIDTH="185"
                          VPOS="975"
                          HPOS="231"
                          CONTENT="diligitur,"/>
                  <SP HEIGHT="43" WIDTH="13" VPOS="975" HPOS="416"/>
                  <String HEIGHT="43" WIDTH="79" VPOS="975" HPOS="377" CONTENT="ad"/>
                  <SP HEIGHT="43" WIDTH="13" VPOS="975" HPOS="456"/>
                  <String HEIGHT="43"
                          WIDTH="119"
                          VPOS="975"
                          HPOS="416"
                          CONTENT="alium"/>
                  <SP HEIGHT="43" WIDTH="13" VPOS="975" HPOS="535"/>
                  <String HEIGHT="43"
                          WIDTH="106"
                          VPOS="975"
                          HPOS="496"
                          CONTENT="vero"/>
                  <SP HEIGHT="43" WIDTH="13" VPOS="975" HPOS="601"/>
                  <String HEIGHT="43"
                          WIDTH="106"
                          VPOS="975"
                          HPOS="562"
                          CONTENT="Deum"/>
                  <SP HEIGHT="43" WIDTH="13" VPOS="975" HPOS="668"/>
                  <String HEIGHT="43" WIDTH="93" VPOS="975" HPOS="628" CONTENT="non"/>
                  <SP HEIGHT="43" WIDTH="13" VPOS="975" HPOS="720"/>
                  <String HEIGHT="43"
                          WIDTH="93"
                          VPOS="975"
                          HPOS="668"
                          CONTENT="habet"/>
               </TextLine>
               <TextLine ID="r3l54"
                         BASELINE="1052"
                         HEIGHT="36"
                         WIDTH="553"
                         VPOS="1016"
                         HPOS="216">
                  <String HEIGHT="36"
                          WIDTH="126"
                          VPOS="1016"
                          HPOS="203"
                          CONTENT="tantam"/>
                  <SP HEIGHT="36" WIDTH="13" VPOS="1016" HPOS="329"/>
                  <String HEIGHT="36"
                          WIDTH="151"
                          VPOS="1016"
                          HPOS="291"
                          CONTENT="vnionem,"/>
                  <SP HEIGHT="36" WIDTH="13" VPOS="1016" HPOS="442"/>
                  <String HEIGHT="36"
                          WIDTH="101"
                          VPOS="1016"
                          HPOS="405"
                          CONTENT="quia"/>
                  <SP HEIGHT="36" WIDTH="13" VPOS="1016" HPOS="505"/>
                  <String HEIGHT="36"
                          WIDTH="113"
                          VPOS="1016"
                          HPOS="467"
                          CONTENT="solum"/>
                  <SP HEIGHT="36" WIDTH="13" VPOS="1016" HPOS="580"/>
                  <String HEIGHT="36"
                          WIDTH="113"
                          VPOS="1016"
                          HPOS="543"
                          CONTENT="habet"/>
                  <SP HEIGHT="36" WIDTH="13" VPOS="1016" HPOS="656"/>
                  <String HEIGHT="36"
                          WIDTH="138"
                          VPOS="1016"
                          HPOS="618"
                          CONTENT="vnionem"/>
                  <SP HEIGHT="36" WIDTH="13" VPOS="1016" HPOS="756"/>
                  <String HEIGHT="36" WIDTH="63" VPOS="1016" HPOS="706" CONTENT="per"/>
               </TextLine>
               <TextLine ID="r3l56"
                         BASELINE="1085"
                         HEIGHT="44"
                         WIDTH="550"
                         VPOS="1041"
                         HPOS="208">
                  <String HEIGHT="44"
                          WIDTH="254"
                          VPOS="1041"
                          HPOS="194"
                          CONTENT="similitudinem,"/>
                  <SP HEIGHT="44" WIDTH="14" VPOS="1041" HPOS="448"/>
                  <String HEIGHT="44"
                          WIDTH="197"
                          VPOS="1041"
                          HPOS="405"
                          CONTENT="quapropter"/>
                  <SP HEIGHT="44" WIDTH="14" VPOS="1041" HPOS="603"/>
                  <String HEIGHT="44" WIDTH="99" VPOS="1041" HPOS="561" CONTENT="non"/>
                  <SP HEIGHT="44" WIDTH="14" VPOS="1041" HPOS="659"/>
                  <String HEIGHT="44"
                          WIDTH="169"
                          VPOS="1041"
                          HPOS="617"
                          CONTENT="oportet,"/>
                  <SP HEIGHT="44" WIDTH="14" VPOS="1041" HPOS="786"/>
                  <String HEIGHT="44" WIDTH="28" VPOS="1041" HPOS="730" CONTENT=""/>
               </TextLine>
               <TextLine ID="r3l58"
                         BASELINE="1125"
                         HEIGHT="45"
                         WIDTH="562"
                         VPOS="1080"
                         HPOS="207">
                  <String HEIGHT="45"
                          WIDTH="105"
                          VPOS="1080"
                          HPOS="194"
                          CONTENT="quod"/>
                  <SP HEIGHT="45" WIDTH="13" VPOS="1080" HPOS="298"/>
                  <String HEIGHT="45" WIDTH="78" VPOS="1080" HPOS="259" CONTENT="ab"/>
                  <SP HEIGHT="45" WIDTH="13" VPOS="1080" HPOS="338"/>
                  <String HEIGHT="45"
                          WIDTH="105"
                          VPOS="1080"
                          HPOS="298"
                          CONTENT="alio"/>
                  <SP HEIGHT="45" WIDTH="13" VPOS="1080" HPOS="403"/>
                  <String HEIGHT="45" WIDTH="91" VPOS="1080" HPOS="364" CONTENT="Deo"/>
                  <SP HEIGHT="45" WIDTH="13" VPOS="1080" HPOS="455"/>
                  <String HEIGHT="45"
                          WIDTH="170"
                          VPOS="1080"
                          HPOS="416"
                          CONTENT="diligatur"/>
                  <SP HEIGHT="45" WIDTH="13" VPOS="1080" HPOS="586"/>
                  <String HEIGHT="45"
                          WIDTH="144"
                          VPOS="1080"
                          HPOS="547"
                          CONTENT="finite,"/>
                  <SP HEIGHT="45" WIDTH="13" VPOS="1080" HPOS="691"/>
                  <String HEIGHT="45" WIDTH="91" VPOS="1080" HPOS="651" CONTENT="non"/>
                  <SP HEIGHT="45" WIDTH="13" VPOS="1080" HPOS="743"/>
                  <String HEIGHT="45"
                          WIDTH="78"
                          VPOS="1080"
                          HPOS="691"
                          CONTENT="enim"/>
               </TextLine>
               <TextLine ID="r3l60"
                         BASELINE="1151"
                         HEIGHT="39"
                         WIDTH="560"
                         VPOS="1112"
                         HPOS="208">
                  <String HEIGHT="39"
                          WIDTH="107"
                          VPOS="1112"
                          HPOS="195"
                          CONTENT="amor"/>
                  <SP HEIGHT="39" WIDTH="13" VPOS="1112" HPOS="301"/>
                  <String HEIGHT="39"
                          WIDTH="147"
                          VPOS="1112"
                          HPOS="261"
                          CONTENT="recipit"/>
                  <SP HEIGHT="39" WIDTH="13" VPOS="1112" HPOS="408"/>
                  <String HEIGHT="39"
                          WIDTH="160"
                          VPOS="1112"
                          HPOS="368"
                          CONTENT="mensuram"/>
                  <SP HEIGHT="39" WIDTH="13" VPOS="1112" HPOS="528"/>
                  <String HEIGHT="39"
                          WIDTH="107"
                          VPOS="1112"
                          HPOS="488"
                          CONTENT="suae"/>
                  <SP HEIGHT="39" WIDTH="13" VPOS="1112" HPOS="595"/>
                  <String HEIGHT="39"
                          WIDTH="200"
                          VPOS="1112"
                          HPOS="555"
                          CONTENT="quantitatis"/>
                  <SP HEIGHT="39" WIDTH="13" VPOS="1112" HPOS="755"/>
                  <String HEIGHT="39" WIDTH="80" VPOS="1112" HPOS="715" CONTENT="ab"/>
                  <SP HEIGHT="39" WIDTH="13" VPOS="1112" HPOS="795"/>
                  <String HEIGHT="39" WIDTH="27" VPOS="1112" HPOS="741" CONTENT=""/>
               </TextLine>
               <TextLine ID="r3l62"
                         BASELINE="1192"
                         HEIGHT="50"
                         WIDTH="552"
                         VPOS="1142"
                         HPOS="212">
                  <String HEIGHT="50"
                          WIDTH="94"
                          VPOS="1142"
                          HPOS="200"
                          CONTENT="ipso"/>
                  <SP HEIGHT="50" WIDTH="12" VPOS="1142" HPOS="294"/>
                  <String HEIGHT="50"
                          WIDTH="129"
                          VPOS="1142"
                          HPOS="259"
                          CONTENT="obiecto"/>
                  <SP HEIGHT="50" WIDTH="12" VPOS="1142" HPOS="388"/>
                  <String HEIGHT="50"
                          WIDTH="164"
                          VPOS="1142"
                          HPOS="353"
                          CONTENT="diligibili"/>
                  <SP HEIGHT="50" WIDTH="12" VPOS="1142" HPOS="517"/>
                  <String HEIGHT="50"
                          WIDTH="153"
                          VPOS="1142"
                          HPOS="482"
                          CONTENT="absolute,"/>
                  <SP HEIGHT="50" WIDTH="12" VPOS="1142" HPOS="635"/>
                  <String HEIGHT="50" WIDTH="82" VPOS="1142" HPOS="600" CONTENT="sed"/>
                  <SP HEIGHT="50" WIDTH="12" VPOS="1142" HPOS="682"/>
                  <String HEIGHT="50"
                          WIDTH="129"
                          VPOS="1142"
                          HPOS="635"
                          CONTENT="inquantum"/>
               </TextLine>
               <TextLine ID="r3l64"
                         BASELINE="1219"
                         HEIGHT="38"
                         WIDTH="567"
                         VPOS="1181"
                         HPOS="200">
                  <String HEIGHT="38" WIDTH="92" VPOS="1181" HPOS="187" CONTENT="est"/>
                  <SP HEIGHT="38" WIDTH="13" VPOS="1181" HPOS="279"/>
                  <String HEIGHT="38"
                          WIDTH="132"
                          VPOS="1181"
                          HPOS="240"
                          CONTENT="vnitum"/>
                  <SP HEIGHT="38" WIDTH="13" VPOS="1181" HPOS="371"/>
                  <String HEIGHT="38"
                          WIDTH="185"
                          VPOS="1181"
                          HPOS="332"
                          CONTENT="diligenti,"/>
                  <SP HEIGHT="38" WIDTH="13" VPOS="1181" HPOS="516"/>
                  <String HEIGHT="38"
                          WIDTH="145"
                          VPOS="1181"
                          HPOS="477"
                          CONTENT="idcirco"/>
                  <SP HEIGHT="38" WIDTH="13" VPOS="1181" HPOS="622"/>
                  <String HEIGHT="38" WIDTH="92" VPOS="1181" HPOS="582" CONTENT="sua"/>
                  <SP HEIGHT="38" WIDTH="13" VPOS="1181" HPOS="675"/>
                  <String HEIGHT="38"
                          WIDTH="145"
                          VPOS="1181"
                          HPOS="622"
                          CONTENT="quantitas"/>
               </TextLine>
               <TextLine ID="r3l66"
                         BASELINE="1252"
                         HEIGHT="41"
                         WIDTH="547"
                         VPOS="1211"
                         HPOS="207">
                  <String HEIGHT="41"
                          WIDTH="123"
                          VPOS="1211"
                          HPOS="193"
                          CONTENT="magis"/>
                  <SP HEIGHT="41" WIDTH="14" VPOS="1211" HPOS="316"/>
                  <String HEIGHT="41"
                          WIDTH="150"
                          VPOS="1211"
                          HPOS="275"
                          CONTENT="videtur"/>
                  <SP HEIGHT="41" WIDTH="14" VPOS="1211" HPOS="426"/>
                  <String HEIGHT="41"
                          WIDTH="178"
                          VPOS="1211"
                          HPOS="385"
                          CONTENT="mensurari"/>
                  <SP HEIGHT="41" WIDTH="14" VPOS="1211" HPOS="563"/>
                  <String HEIGHT="41"
                          WIDTH="123"
                          VPOS="1211"
                          HPOS="522"
                          CONTENT="penes"/>
                  <SP HEIGHT="41" WIDTH="14" VPOS="1211" HPOS="645"/>
                  <String HEIGHT="41"
                          WIDTH="150"
                          VPOS="1211"
                          HPOS="604"
                          CONTENT="vnionem"/>
                  <SP HEIGHT="41" WIDTH="14" VPOS="1211" HPOS="754"/>
                  <String HEIGHT="41" WIDTH="55" VPOS="1211" HPOS="699" CONTENT="di"/>
               </TextLine>
               <TextLine ID="r3l68"
                         BASELINE="1294"
                         HEIGHT="50"
                         WIDTH="558"
                         VPOS="1244"
                         HPOS="210">
                  <String HEIGHT="50"
                          WIDTH="173"
                          VPOS="1244"
                          HPOS="197"
                          CONTENT="ligibilis"/>
                  <SP HEIGHT="50" WIDTH="13" VPOS="1244" HPOS="369"/>
                  <String HEIGHT="50" WIDTH="80" VPOS="1244" HPOS="330" CONTENT="ad"/>
                  <SP HEIGHT="50" WIDTH="13" VPOS="1244" HPOS="409"/>
                  <String HEIGHT="50"
                          WIDTH="199"
                          VPOS="1244"
                          HPOS="369"
                          CONTENT="diligentem,"/>
                  <SP HEIGHT="50" WIDTH="13" VPOS="1244" HPOS="569"/>
                  <String HEIGHT="50"
                          WIDTH="106"
                          VPOS="1244"
                          HPOS="529"
                          CONTENT="quam"/>
                  <SP HEIGHT="50" WIDTH="13" VPOS="1244" HPOS="635"/>
                  <String HEIGHT="50" WIDTH="66" VPOS="1244" HPOS="595" CONTENT="e"/>
                  <SP HEIGHT="50" WIDTH="13" VPOS="1244" HPOS="662"/>
                  <String HEIGHT="50"
                          WIDTH="173"
                          VPOS="1244"
                          HPOS="622"
                          CONTENT="conuerso."/>
                  <SP HEIGHT="50" WIDTH="13" VPOS="1244" HPOS="795"/>
                  <String HEIGHT="50" WIDTH="27" VPOS="1244" HPOS="741" CONTENT=""/>
               </TextLine>
               <TextLine ID="r3l70"
                         BASELINE="1319"
                         HEIGHT="37"
                         WIDTH="518"
                         VPOS="1282"
                         HPOS="246">
                  <String HEIGHT="37" WIDTH="80" VPOS="1282" HPOS="233" CONTENT="Ad"/>
                  <SP HEIGHT="37" WIDTH="13" VPOS="1282" HPOS="312"/>
                  <String HEIGHT="37"
                          WIDTH="239"
                          VPOS="1282"
                          HPOS="273"
                          CONTENT="confirmationem"/>
                  <SP HEIGHT="37" WIDTH="13" VPOS="1282" HPOS="512"/>
                  <String HEIGHT="37"
                          WIDTH="159"
                          VPOS="1282"
                          HPOS="472"
                          CONTENT="dicitur,"/>
                  <SP HEIGHT="37" WIDTH="13" VPOS="1282" HPOS="631"/>
                  <String HEIGHT="37"
                          WIDTH="106"
                          VPOS="1282"
                          HPOS="591"
                          CONTENT="quod"/>
                  <SP HEIGHT="37" WIDTH="13" VPOS="1282" HPOS="698"/>
                  <String HEIGHT="37" WIDTH="93" VPOS="1282" HPOS="658" CONTENT="ibi"/>
                  <SP HEIGHT="37" WIDTH="13" VPOS="1282" HPOS="751"/>
                  <String HEIGHT="37" WIDTH="66" VPOS="1282" HPOS="698" CONTENT="non"/>
               </TextLine>
               <TextLine ID="r3l72"
                         BASELINE="1357"
                         HEIGHT="42"
                         WIDTH="550"
                         VPOS="1315"
                         HPOS="212">
                  <String HEIGHT="42" WIDTH="79" VPOS="1315" HPOS="201" CONTENT="est"/>
                  <SP HEIGHT="42" WIDTH="11" VPOS="1315" HPOS="279"/>
                  <String HEIGHT="42"
                          WIDTH="135"
                          VPOS="1315"
                          HPOS="246"
                          CONTENT="fruitio,"/>
                  <SP HEIGHT="42" WIDTH="11" VPOS="1315" HPOS="380"/>
                  <String HEIGHT="42" WIDTH="79" VPOS="1315" HPOS="347" CONTENT="nec"/>
                  <SP HEIGHT="42" WIDTH="11" VPOS="1315" HPOS="425"/>
                  <String HEIGHT="42"
                          WIDTH="101"
                          VPOS="1315"
                          HPOS="392"
                          CONTENT="vsus,"/>
                  <SP HEIGHT="42" WIDTH="11" VPOS="1315" HPOS="493"/>
                  <String HEIGHT="42"
                          WIDTH="90"
                          VPOS="1315"
                          HPOS="459"
                          CONTENT="quia"/>
                  <SP HEIGHT="42" WIDTH="11" VPOS="1315" HPOS="549"/>
                  <String HEIGHT="42"
                          WIDTH="101"
                          VPOS="1315"
                          HPOS="515"
                          CONTENT="ratio"/>
                  <SP HEIGHT="42" WIDTH="11" VPOS="1315" HPOS="616"/>
                  <String HEIGHT="42"
                          WIDTH="157"
                          VPOS="1315"
                          HPOS="582"
                          CONTENT="fruitionis"/>
                  <SP HEIGHT="42" WIDTH="11" VPOS="1315" HPOS="740"/>
                  <String HEIGHT="42" WIDTH="79" VPOS="1315" HPOS="706" CONTENT="non"/>
                  <SP HEIGHT="42" WIDTH="11" VPOS="1315" HPOS="784"/>
                  <String HEIGHT="42" WIDTH="22" VPOS="1315" HPOS="740" CONTENT=""/>
               </TextLine>
               <TextLine ID="r3l74"
                         BASELINE="1390"
                         HEIGHT="41"
                         WIDTH="545"
                         VPOS="1349"
                         HPOS="213">
                  <String HEIGHT="41"
                          WIDTH="107"
                          VPOS="1349"
                          HPOS="201"
                          CONTENT="cadit"/>
                  <SP HEIGHT="41" WIDTH="12" VPOS="1349" HPOS="308"/>
                  <String HEIGHT="41"
                          WIDTH="95"
                          VPOS="1349"
                          HPOS="272"
                          CONTENT="nisi"/>
                  <SP HEIGHT="41" WIDTH="12" VPOS="1349" HPOS="367"/>
                  <String HEIGHT="41"
                          WIDTH="107"
                          VPOS="1349"
                          HPOS="331"
                          CONTENT="supra"/>
                  <SP HEIGHT="41" WIDTH="12" VPOS="1349" HPOS="438"/>
                  <String HEIGHT="41"
                          WIDTH="118"
                          VPOS="1349"
                          HPOS="403"
                          CONTENT="finem,"/>
                  <SP HEIGHT="41" WIDTH="12" VPOS="1349" HPOS="521"/>
                  <String HEIGHT="41" WIDTH="59" VPOS="1349" HPOS="486" CONTENT="&amp;"/>
                  <SP HEIGHT="41" WIDTH="12" VPOS="1349" HPOS="545"/>
                  <String HEIGHT="41"
                          WIDTH="107"
                          VPOS="1349"
                          HPOS="509"
                          CONTENT="ratio"/>
                  <SP HEIGHT="41" WIDTH="12" VPOS="1349" HPOS="616"/>
                  <String HEIGHT="41"
                          WIDTH="95"
                          VPOS="1349"
                          HPOS="580"
                          CONTENT="vsus"/>
                  <SP HEIGHT="41" WIDTH="12" VPOS="1349" HPOS="675"/>
                  <String HEIGHT="41"
                          WIDTH="107"
                          VPOS="1349"
                          HPOS="640"
                          CONTENT="super"/>
                  <SP HEIGHT="41" WIDTH="12" VPOS="1349" HPOS="746"/>
                  <String HEIGHT="41"
                          WIDTH="59"
                          VPOS="1349"
                          HPOS="699"
                          CONTENT="il"
                          SUBS_TYPE="HypPart1"
                          SUBS_CONTENT="illud,"/>
                  <HYP CONTENT="-"/>
               </TextLine>
               <TextLine ID="r3l76"
                         BASELINE="1429"
                         HEIGHT="48"
                         WIDTH="554"
                         VPOS="1381"
                         HPOS="210">
                  <String HEIGHT="48"
                          WIDTH="101"
                          VPOS="1381"
                          HPOS="197"
                          CONTENT="lud,"
                          SUBS_TYPE="HypPart2"
                          SUBS_CONTENT="illud,"/>
                  <SP HEIGHT="48" WIDTH="13" VPOS="1381" HPOS="298"/>
                  <String HEIGHT="48"
                          WIDTH="101"
                          VPOS="1381"
                          HPOS="260"
                          CONTENT="quod"/>
                  <SP HEIGHT="48" WIDTH="13" VPOS="1381" HPOS="361"/>
                  <String HEIGHT="48" WIDTH="88" VPOS="1381" HPOS="323" CONTENT="est"/>
                  <SP HEIGHT="48" WIDTH="13" VPOS="1381" HPOS="411"/>
                  <String HEIGHT="48" WIDTH="76" VPOS="1381" HPOS="374" CONTENT="ad"/>
                  <SP HEIGHT="48" WIDTH="13" VPOS="1381" HPOS="449"/>
                  <String HEIGHT="48"
                          WIDTH="126"
                          VPOS="1381"
                          HPOS="411"
                          CONTENT="finem."/>
                  <SP HEIGHT="48" WIDTH="13" VPOS="1381" HPOS="537"/>
                  <String HEIGHT="48" WIDTH="76" VPOS="1381" HPOS="500" CONTENT="Si"/>
                  <SP HEIGHT="48" WIDTH="13" VPOS="1381" HPOS="575"/>
                  <String HEIGHT="48"
                          WIDTH="113"
                          VPOS="1381"
                          HPOS="537"
                          CONTENT="autem"/>
                  <SP HEIGHT="48" WIDTH="13" VPOS="1381" HPOS="651"/>
                  <String HEIGHT="48"
                          WIDTH="126"
                          VPOS="1381"
                          HPOS="613"
                          CONTENT="essent"/>
                  <SP HEIGHT="48" WIDTH="13" VPOS="1381" HPOS="739"/>
                  <String HEIGHT="48"
                          WIDTH="76"
                          VPOS="1381"
                          HPOS="688"
                          CONTENT="plu"
                          SUBS_TYPE="HypPart1"
                          SUBS_CONTENT="plures"/>
                  <HYP CONTENT="-"/>
               </TextLine>
               <TextLine ID="r3l78"
                         BASELINE="1458"
                         HEIGHT="42"
                         WIDTH="553"
                         VPOS="1416"
                         HPOS="205">
                  <String HEIGHT="42"
                          WIDTH="92"
                          VPOS="1416"
                          HPOS="192"
                          CONTENT="res"
                          SUBS_TYPE="HypPart2"
                          SUBS_CONTENT="plures"/>
                  <SP HEIGHT="42" WIDTH="13" VPOS="1416" HPOS="284"/>
                  <String HEIGHT="42"
                          WIDTH="105"
                          VPOS="1416"
                          HPOS="245"
                          CONTENT="Dij,"/>
                  <SP HEIGHT="42" WIDTH="13" VPOS="1416" HPOS="350"/>
                  <String HEIGHT="42"
                          WIDTH="105"
                          VPOS="1416"
                          HPOS="310"
                          CONTENT="Vnus"/>
                  <SP HEIGHT="42" WIDTH="13" VPOS="1416" HPOS="416"/>
                  <String HEIGHT="42" WIDTH="92" VPOS="1416" HPOS="376" CONTENT="non"/>
                  <SP HEIGHT="42" WIDTH="13" VPOS="1416" HPOS="468"/>
                  <String HEIGHT="42" WIDTH="79" VPOS="1416" HPOS="429" CONTENT="se"/>
                  <SP HEIGHT="42" WIDTH="13" VPOS="1416" HPOS="508"/>
                  <String HEIGHT="42"
                          WIDTH="145"
                          VPOS="1416"
                          HPOS="468"
                          CONTENT="haberet"/>
                  <SP HEIGHT="42" WIDTH="13" VPOS="1416" HPOS="613"/>
                  <String HEIGHT="42" WIDTH="79" VPOS="1416" HPOS="574" CONTENT="ad"/>
                  <SP HEIGHT="42" WIDTH="13" VPOS="1416" HPOS="653"/>
                  <String HEIGHT="42"
                          WIDTH="132"
                          VPOS="1416"
                          HPOS="613"
                          CONTENT="alium,"/>
                  <SP HEIGHT="42" WIDTH="13" VPOS="1416" HPOS="745"/>
                  <String HEIGHT="42" WIDTH="66" VPOS="1416" HPOS="692" CONTENT="nec"/>
               </TextLine>
               <TextLine ID="r3l80"
                         BASELINE="1494"
                         HEIGHT="41"
                         WIDTH="551"
                         VPOS="1453"
                         HPOS="210">
                  <String HEIGHT="41"
                          WIDTH="101"
                          VPOS="1453"
                          HPOS="199"
                          CONTENT="sicut"/>
                  <SP HEIGHT="41" WIDTH="11" VPOS="1453" HPOS="300"/>
                  <String HEIGHT="41"
                          WIDTH="112"
                          VPOS="1453"
                          HPOS="266"
                          CONTENT="finis,"/>
                  <SP HEIGHT="41" WIDTH="11" VPOS="1453" HPOS="379"/>
                  <String HEIGHT="41" WIDTH="79" VPOS="1453" HPOS="345" CONTENT="nec"/>
                  <SP HEIGHT="41" WIDTH="11" VPOS="1453" HPOS="424"/>
                  <String HEIGHT="41"
                          WIDTH="101"
                          VPOS="1453"
                          HPOS="390"
                          CONTENT="sicut"/>
                  <SP HEIGHT="41" WIDTH="11" VPOS="1453" HPOS="491"/>
                  <String HEIGHT="41"
                          WIDTH="112"
                          VPOS="1453"
                          HPOS="457"
                          CONTENT="illud,"/>
                  <SP HEIGHT="41" WIDTH="11" VPOS="1453" HPOS="570"/>
                  <String HEIGHT="41"
                          WIDTH="90"
                          VPOS="1453"
                          HPOS="536"
                          CONTENT="quod"/>
                  <SP HEIGHT="41" WIDTH="11" VPOS="1453" HPOS="626"/>
                  <String HEIGHT="41" WIDTH="79" VPOS="1453" HPOS="592" CONTENT="est"/>
                  <SP HEIGHT="41" WIDTH="11" VPOS="1453" HPOS="671"/>
                  <String HEIGHT="41" WIDTH="67" VPOS="1453" HPOS="637" CONTENT="ad"/>
                  <SP HEIGHT="41" WIDTH="11" VPOS="1453" HPOS="705"/>
                  <String HEIGHT="41"
                          WIDTH="112"
                          VPOS="1453"
                          HPOS="671"
                          CONTENT="finem,"/>
                  <SP HEIGHT="41" WIDTH="11" VPOS="1453" HPOS="783"/>
                  <String HEIGHT="41" WIDTH="22" VPOS="1453" HPOS="739" CONTENT=""/>
               </TextLine>
               <TextLine ID="r3l82"
                         BASELINE="1535"
                         HEIGHT="50"
                         WIDTH="549"
                         VPOS="1485"
                         HPOS="214">
                  <String HEIGHT="50"
                          WIDTH="134"
                          VPOS="1485"
                          HPOS="202"
                          CONTENT="propter"/>
                  <SP HEIGHT="50" WIDTH="12" VPOS="1485" HPOS="336"/>
                  <String HEIGHT="50"
                          WIDTH="98"
                          VPOS="1485"
                          HPOS="299"
                          CONTENT="quod"/>
                  <SP HEIGHT="50" WIDTH="12" VPOS="1485" HPOS="397"/>
                  <String HEIGHT="50" WIDTH="85" VPOS="1485" HPOS="360" CONTENT="ita"/>
                  <SP HEIGHT="50" WIDTH="12" VPOS="1485" HPOS="446"/>
                  <String HEIGHT="50"
                          WIDTH="110"
                          VPOS="1485"
                          HPOS="409"
                          CONTENT="esset"/>
                  <SP HEIGHT="50" WIDTH="12" VPOS="1485" HPOS="519"/>
                  <String HEIGHT="50" WIDTH="85" VPOS="1485" HPOS="482" CONTENT="ibi"/>
                  <SP HEIGHT="50" WIDTH="12" VPOS="1485" HPOS="568"/>
                  <String HEIGHT="50"
                          WIDTH="183"
                          VPOS="1485"
                          HPOS="531"
                          CONTENT="simpliciter"/>
                  <SP HEIGHT="50" WIDTH="12" VPOS="1485" HPOS="714"/>
                  <String HEIGHT="50"
                          WIDTH="110"
                          VPOS="1485"
                          HPOS="678"
                          CONTENT="amor,"/>
                  <SP HEIGHT="50" WIDTH="12" VPOS="1485" HPOS="787"/>
                  <String HEIGHT="50" WIDTH="24" VPOS="1485" HPOS="739" CONTENT=""/>
               </TextLine>
               <TextLine ID="r3l84"
                         BASELINE="1569"
                         HEIGHT="49"
                         WIDTH="554"
                         VPOS="1520"
                         HPOS="206">
                  <String HEIGHT="49"
                          WIDTH="108"
                          VPOS="1520"
                          HPOS="192"
                          CONTENT="quod"/>
                  <SP HEIGHT="49" WIDTH="14" VPOS="1520" HPOS="301"/>
                  <String HEIGHT="49" WIDTH="95" VPOS="1520" HPOS="260" CONTENT="nec"/>
                  <SP HEIGHT="49" WIDTH="14" VPOS="1520" HPOS="355"/>
                  <String HEIGHT="49"
                          WIDTH="122"
                          VPOS="1520"
                          HPOS="314"
                          CONTENT="vsus,"/>
                  <SP HEIGHT="49" WIDTH="14" VPOS="1520" HPOS="436"/>
                  <String HEIGHT="49" WIDTH="95" VPOS="1520" HPOS="395" CONTENT="nec"/>
                  <SP HEIGHT="49" WIDTH="14" VPOS="1520" HPOS="490"/>
                  <String HEIGHT="49"
                          WIDTH="162"
                          VPOS="1520"
                          HPOS="449"
                          CONTENT="fruitio."/>
                  <SP HEIGHT="49" WIDTH="14" VPOS="1520" HPOS="611"/>
                  <String HEIGHT="49"
                          WIDTH="162"
                          VPOS="1520"
                          HPOS="571"
                          CONTENT="Concludo"/>
                  <SP HEIGHT="49" WIDTH="14" VPOS="1520" HPOS="733"/>
                  <String HEIGHT="49"
                          WIDTH="81"
                          VPOS="1520"
                          HPOS="679"
                          CONTENT="ergo"/>
               </TextLine>
               <TextLine ID="r3l86"
                         BASELINE="1595"
                         HEIGHT="40"
                         WIDTH="559"
                         VPOS="1555"
                         HPOS="207">
                  <String HEIGHT="40"
                          WIDTH="109"
                          VPOS="1555"
                          HPOS="193"
                          CONTENT="quod"/>
                  <SP HEIGHT="40" WIDTH="14" VPOS="1555" HPOS="302"/>
                  <String HEIGHT="40"
                          WIDTH="164"
                          VPOS="1555"
                          HPOS="262"
                          CONTENT="repugnat"/>
                  <SP HEIGHT="40" WIDTH="14" VPOS="1555" HPOS="425"/>
                  <String HEIGHT="40" WIDTH="95" VPOS="1555" HPOS="384" CONTENT="Deo"/>
                  <SP HEIGHT="40" WIDTH="14" VPOS="1555" HPOS="480"/>
                  <String HEIGHT="40"
                          WIDTH="205"
                          VPOS="1555"
                          HPOS="439"
                          CONTENT="plurificari"/>
                  <SP HEIGHT="40" WIDTH="14" VPOS="1555" HPOS="643"/>
                  <String HEIGHT="40" WIDTH="95" VPOS="1555" HPOS="602" CONTENT="non"/>
                  <SP HEIGHT="40" WIDTH="14" VPOS="1555" HPOS="698"/>
                  <String HEIGHT="40"
                          WIDTH="123"
                          VPOS="1555"
                          HPOS="643"
                          CONTENT="propter"/>
               </TextLine>
               <TextLine ID="r3l88"
                         BASELINE="1631"
                         HEIGHT="45"
                         WIDTH="556"
                         VPOS="1586"
                         HPOS="201">
                  <String HEIGHT="45"
                          WIDTH="116"
                          VPOS="1586"
                          HPOS="188"
                          CONTENT="istas"/>
                  <SP HEIGHT="45" WIDTH="13" VPOS="1586" HPOS="304"/>
                  <String HEIGHT="45"
                          WIDTH="168"
                          VPOS="1586"
                          HPOS="266"
                          CONTENT="rationes,"/>
                  <SP HEIGHT="45" WIDTH="13" VPOS="1586" HPOS="434"/>
                  <String HEIGHT="45"
                          WIDTH="103"
                          VPOS="1586"
                          HPOS="395"
                          CONTENT="quae"/>
                  <SP HEIGHT="45" WIDTH="13" VPOS="1586" HPOS="498"/>
                  <String HEIGHT="45" WIDTH="91" VPOS="1586" HPOS="460" CONTENT="non"/>
                  <SP HEIGHT="45" WIDTH="13" VPOS="1586" HPOS="550"/>
                  <String HEIGHT="45"
                          WIDTH="181"
                          VPOS="1586"
                          HPOS="511"
                          CONTENT="concludunt"/>
                  <SP HEIGHT="45" WIDTH="13" VPOS="1586" HPOS="692"/>
                  <String HEIGHT="45" WIDTH="91" VPOS="1586" HPOS="654" CONTENT="hoc"/>
                  <SP HEIGHT="45" WIDTH="13" VPOS="1586" HPOS="744"/>
                  <String HEIGHT="45"
                          WIDTH="65"
                          VPOS="1586"
                          HPOS="692"
                          CONTENT="ne"
                          SUBS_TYPE="HypPart1"
                          SUBS_CONTENT="necessario,"/>
                  <HYP CONTENT="-"/>
               </TextLine>
               <TextLine ID="r3l90"
                         BASELINE="1666"
                         HEIGHT="47"
                         WIDTH="560"
                         VPOS="1619"
                         HPOS="204">
                  <String HEIGHT="47"
                          WIDTH="169"
                          VPOS="1619"
                          HPOS="191"
                          CONTENT="cessario,"
                          SUBS_TYPE="HypPart2"
                          SUBS_CONTENT="necessario,"/>
                  <SP HEIGHT="47" WIDTH="13" VPOS="1619" HPOS="360"/>
                  <String HEIGHT="47" WIDTH="91" VPOS="1619" HPOS="321" CONTENT="sed"/>
                  <SP HEIGHT="47" WIDTH="13" VPOS="1619" HPOS="412"/>
                  <String HEIGHT="47"
                          WIDTH="143"
                          VPOS="1619"
                          HPOS="373"
                          CONTENT="propter"/>
                  <SP HEIGHT="47" WIDTH="13" VPOS="1619" HPOS="517"/>
                  <String HEIGHT="47"
                          WIDTH="156"
                          VPOS="1619"
                          HPOS="477"
                          CONTENT="rationes"/>
                  <SP HEIGHT="47" WIDTH="13" VPOS="1619" HPOS="634"/>
                  <String HEIGHT="47"
                          WIDTH="156"
                          VPOS="1619"
                          HPOS="595"
                          CONTENT="superius"/>
                  <SP HEIGHT="47" WIDTH="13" VPOS="1619" HPOS="751"/>
                  <String HEIGHT="47"
                          WIDTH="65"
                          VPOS="1619"
                          HPOS="699"
                          CONTENT="ad"
                          SUBS_TYPE="HypPart1"
                          SUBS_CONTENT="adductas,"/>
                  <HYP CONTENT="-"/>
               </TextLine>
               <TextLine ID="r3l92"
                         BASELINE="1708"
                         HEIGHT="54"
                         WIDTH="365"
                         VPOS="1654"
                         HPOS="205">
                  <String HEIGHT="54"
                          WIDTH="154"
                          VPOS="1654"
                          HPOS="191"
                          CONTENT="ductas,"
                          SUBS_TYPE="HypPart2"
                          SUBS_CONTENT="adductas,"/>
                  <SP HEIGHT="54" WIDTH="14" VPOS="1654" HPOS="345"/>
                  <String HEIGHT="54" WIDTH="70" VPOS="1654" HPOS="303" CONTENT="&amp;"/>
                  <SP HEIGHT="54" WIDTH="14" VPOS="1654" HPOS="373"/>
                  <String HEIGHT="54"
                          WIDTH="112"
                          VPOS="1654"
                          HPOS="331"
                          CONTENT="haec"/>
                  <SP HEIGHT="54" WIDTH="14" VPOS="1654" HPOS="444"/>
                  <String HEIGHT="54" WIDTH="84" VPOS="1654" HPOS="402" CONTENT="de"/>
                  <SP HEIGHT="54" WIDTH="14" VPOS="1654" HPOS="486"/>
                  <String HEIGHT="54"
                          WIDTH="140"
                          VPOS="1654"
                          HPOS="430"
                          CONTENT="secundo."/>
               </TextLine>
               <TextLine ID="r3l98"
                         BASELINE="1770"
                         HEIGHT="44"
                         WIDTH="497"
                         VPOS="1726"
                         HPOS="239">
                  <String HEIGHT="44"
                          WIDTH="340"
                          VPOS="1726"
                          HPOS="213"
                          CONTENT="ARTICVLVS"/>
                  <SP HEIGHT="44" WIDTH="26" VPOS="1726" HPOS="553"/>
                  <String HEIGHT="44"
                          WIDTH="288"
                          VPOS="1726"
                          HPOS="448"
                          CONTENT="QV.ARTVS."/>
               </TextLine>
               <TextLine ID="r3l103"
                         BASELINE="1834"
                         HEIGHT="46"
                         WIDTH="532"
                         VPOS="1788"
                         HPOS="218">
                  <String HEIGHT="46"
                          WIDTH="123"
                          VPOS="1788"
                          HPOS="204"
                          CONTENT="Vtrum"/>
                  <SP HEIGHT="46" WIDTH="14" VPOS="1788" HPOS="327"/>
                  <String HEIGHT="46"
                          WIDTH="164"
                          VPOS="1788"
                          HPOS="286"
                          CONTENT="repugnet"/>
                  <SP HEIGHT="46" WIDTH="14" VPOS="1788" HPOS="450"/>
                  <String HEIGHT="46"
                          WIDTH="109"
                          VPOS="1788"
                          HPOS="409"
                          CONTENT="esse"/>
                  <SP HEIGHT="46" WIDTH="14" VPOS="1788" HPOS="518"/>
                  <String HEIGHT="46"
                          WIDTH="136"
                          VPOS="1788"
                          HPOS="477"
                          CONTENT="plures"/>
                  <SP HEIGHT="46" WIDTH="14" VPOS="1788" HPOS="614"/>
                  <String HEIGHT="46"
                          WIDTH="109"
                          VPOS="1788"
                          HPOS="573"
                          CONTENT="Deos"/>
                  <SP HEIGHT="46" WIDTH="14" VPOS="1788" HPOS="682"/>
                  <String HEIGHT="46"
                          WIDTH="123"
                          VPOS="1788"
                          HPOS="627"
                          CONTENT="ratione"/>
               </TextLine>
               <TextLine ID="r3l105"
                         BASELINE="1883"
                         HEIGHT="57"
                         WIDTH="408"
                         VPOS="1826"
                         HPOS="288">
                  <String HEIGHT="57"
                          WIDTH="210"
                          VPOS="1826"
                          HPOS="276"
                          CONTENT="perfectionis,"/>
                  <SP HEIGHT="57" WIDTH="12" VPOS="1826" HPOS="486"/>
                  <String HEIGHT="57" WIDTH="62" VPOS="1826" HPOS="449" CONTENT="&amp;"/>
                  <SP HEIGHT="57" WIDTH="12" VPOS="1826" HPOS="511"/>
                  <String HEIGHT="57"
                          WIDTH="136"
                          VPOS="1826"
                          HPOS="473"
                          CONTENT="ordinis"/>
                  <SP HEIGHT="57" WIDTH="12" VPOS="1826" HPOS="609"/>
                  <String HEIGHT="57"
                          WIDTH="136"
                          VPOS="1826"
                          HPOS="560"
                          CONTENT="vniuersi."/>
               </TextLine>
               <TextLine ID="r3l114"
                         BASELINE="2067"
                         HEIGHT="38"
                         WIDTH="485"
                         VPOS="2029"
                         HPOS="282">
                  <String HEIGHT="38"
                          WIDTH="166"
                          VPOS="2029"
                          HPOS="268"
                          CONTENT="Espondeo"/>
                  <SP HEIGHT="38" WIDTH="14" VPOS="2029" HPOS="434"/>
                  <String HEIGHT="38"
                          WIDTH="111"
                          VPOS="2029"
                          HPOS="393"
                          CONTENT="quod"/>
                  <SP HEIGHT="38" WIDTH="14" VPOS="2029" HPOS="504"/>
                  <String HEIGHT="38"
                          WIDTH="111"
                          VPOS="2029"
                          HPOS="462"
                          CONTENT="sic:"/>
                  <SP HEIGHT="38" WIDTH="14" VPOS="2029" HPOS="573"/>
                  <String HEIGHT="38"
                          WIDTH="125"
                          VPOS="2029"
                          HPOS="531"
                          CONTENT="idque"/>
                  <SP HEIGHT="38" WIDTH="14" VPOS="2029" HPOS="656"/>
                  <String HEIGHT="38"
                          WIDTH="125"
                          VPOS="2029"
                          HPOS="615"
                          CONTENT="probo"/>
                  <SP HEIGHT="38" WIDTH="14" VPOS="2029" HPOS="739"/>
                  <String HEIGHT="38" WIDTH="83" VPOS="2029" HPOS="684" CONTENT="tri"/>
               </TextLine>
               <TextLine ID="r3l117"
                         BASELINE="2110"
                         HEIGHT="50"
                         WIDTH="166"
                         VPOS="2060"
                         HPOS="233">
                  <String HEIGHT="50"
                          WIDTH="66"
                          VPOS="2060"
                          HPOS="216"
                          CONTENT=""
                          SUBS_TYPE="HypPart2"
                          SUBS_CONTENT="tri"/>
                  <SP HEIGHT="50" WIDTH="17" VPOS="2060" HPOS="283"/>
                  <String HEIGHT="50"
                          WIDTH="183"
                          VPOS="2060"
                          HPOS="216"
                          CONTENT="pliciter."/>
               </TextLine>
               <TextLine ID="r3l118"
                         BASELINE="2155"
                         HEIGHT="55"
                         WIDTH="532"
                         VPOS="2100"
                         HPOS="235">
                  <String HEIGHT="55"
                          WIDTH="129"
                          VPOS="2100"
                          HPOS="221"
                          CONTENT="Primo"/>
                  <SP HEIGHT="55" WIDTH="14" VPOS="2100" HPOS="350"/>
                  <String HEIGHT="55"
                          WIDTH="115"
                          VPOS="2100"
                          HPOS="307"
                          CONTENT="sic."/>
                  <SP HEIGHT="55" WIDTH="14" VPOS="2100" HPOS="422"/>
                  <String HEIGHT="55"
                          WIDTH="115"
                          VPOS="2100"
                          HPOS="379"
                          CONTENT="Quod"/>
                  <SP HEIGHT="55" WIDTH="14" VPOS="2100" HPOS="494"/>
                  <String HEIGHT="55"
                          WIDTH="173"
                          VPOS="2100"
                          HPOS="451"
                          CONTENT="repugnat"/>
                  <SP HEIGHT="55" WIDTH="14" VPOS="2100" HPOS="623"/>
                  <String HEIGHT="55"
                          WIDTH="129"
                          VPOS="2100"
                          HPOS="580"
                          CONTENT="primo"/>
                  <SP HEIGHT="55" WIDTH="14" VPOS="2100" HPOS="709"/>
                  <String HEIGHT="55"
                          WIDTH="115"
                          VPOS="2100"
                          HPOS="652"
                          CONTENT="motui,"/>
               </TextLine>
            </TextBlock>
            <TextBlock ID="TextRegion_1600388358314_886"
                       HEIGHT="2027"
                       WIDTH="571"
                       VPOS="148"
                       HPOS="781">
               <Shape>
                  <Polygon POINTS="781,148 1352,148 1352,2175 781,2175"/>
               </Shape>
               <TextLine ID="r3l3"
                         BASELINE="228"
                         HEIGHT="59"
                         WIDTH="550"
                         VPOS="169"
                         HPOS="799">
                  <String HEIGHT="59"
                          WIDTH="134"
                          VPOS="169"
                          HPOS="786"
                          CONTENT="maxime"/>
                  <SP HEIGHT="59" WIDTH="13" VPOS="169" HPOS="920"/>
                  <String HEIGHT="59"
                          WIDTH="161"
                          VPOS="169"
                          HPOS="879"
                          CONTENT="repugnat"/>
                  <SP HEIGHT="59" WIDTH="13" VPOS="169" HPOS="1040"/>
                  <String HEIGHT="59"
                          WIDTH="134"
                          VPOS="169"
                          HPOS="1000"
                          CONTENT="ordini"/>
                  <SP HEIGHT="59" WIDTH="13" VPOS="169" HPOS="1134"/>
                  <String HEIGHT="59"
                          WIDTH="174"
                          VPOS="169"
                          HPOS="1094"
                          CONTENT="vniuersi,"/>
                  <SP HEIGHT="59" WIDTH="13" VPOS="169" HPOS="1269"/>
                  <String HEIGHT="59" WIDTH="94" VPOS="169" HPOS="1228" CONTENT="sed"/>
                  <SP HEIGHT="59" WIDTH="13" VPOS="169" HPOS="1322"/>
                  <String HEIGHT="59"
                          WIDTH="80"
                          VPOS="169"
                          HPOS="1269"
                          CONTENT="esse"/>
               </TextLine>
               <TextLine ID="r3l6"
                         BASELINE="273"
                         HEIGHT="57"
                         WIDTH="547"
                         VPOS="216"
                         HPOS="808">
                  <String HEIGHT="57"
                          WIDTH="130"
                          VPOS="216"
                          HPOS="795"
                          CONTENT="plures"/>
                  <SP HEIGHT="57" WIDTH="13" VPOS="216" HPOS="925"/>
                  <String HEIGHT="57"
                          WIDTH="104"
                          VPOS="216"
                          HPOS="886"
                          CONTENT="Deos"/>
                  <SP HEIGHT="57" WIDTH="13" VPOS="216" HPOS="990"/>
                  <String HEIGHT="57"
                          WIDTH="156"
                          VPOS="216"
                          HPOS="951"
                          CONTENT="repugnat"/>
                  <SP HEIGHT="57" WIDTH="13" VPOS="216" HPOS="1108"/>
                  <String HEIGHT="57"
                          WIDTH="117"
                          VPOS="216"
                          HPOS="1068"
                          CONTENT="primo"/>
                  <SP HEIGHT="57" WIDTH="13" VPOS="216" HPOS="1186"/>
                  <String HEIGHT="57"
                          WIDTH="130"
                          VPOS="216"
                          HPOS="1147"
                          CONTENT="motui,"/>
                  <SP HEIGHT="57" WIDTH="13" VPOS="216" HPOS="1277"/>
                  <String HEIGHT="57"
                          WIDTH="104"
                          VPOS="216"
                          HPOS="1238"
                          CONTENT="ergo"/>
                  <SP HEIGHT="57" WIDTH="13" VPOS="216" HPOS="1342"/>
                  <String HEIGHT="57"
                          WIDTH="65"
                          VPOS="216"
                          HPOS="1290"
                          CONTENT="ma"
                          SUBS_TYPE="HypPart1"
                          SUBS_CONTENT="maxime"/>
                  <HYP CONTENT="-"/>
               </TextLine>
               <TextLine ID="r3l8"
                         BASELINE="295"
                         HEIGHT="40"
                         WIDTH="558"
                         VPOS="255"
                         HPOS="798">
                  <String HEIGHT="40"
                          WIDTH="106"
                          VPOS="255"
                          HPOS="785"
                          CONTENT="xime"
                          SUBS_TYPE="HypPart2"
                          SUBS_CONTENT="maxime"/>
                  <SP HEIGHT="40" WIDTH="13" VPOS="255" HPOS="891"/>
                  <String HEIGHT="40"
                          WIDTH="159"
                          VPOS="255"
                          HPOS="851"
                          CONTENT="repugnat"/>
                  <SP HEIGHT="40" WIDTH="13" VPOS="255" HPOS="1011"/>
                  <String HEIGHT="40"
                          WIDTH="133"
                          VPOS="255"
                          HPOS="971"
                          CONTENT="ordini"/>
                  <SP HEIGHT="40" WIDTH="13" VPOS="255" HPOS="1104"/>
                  <String HEIGHT="40"
                          WIDTH="173"
                          VPOS="255"
                          HPOS="1064"
                          CONTENT="vniuersi."/>
                  <SP HEIGHT="40" WIDTH="13" VPOS="255" HPOS="1236"/>
                  <String HEIGHT="40"
                          WIDTH="120"
                          VPOS="255"
                          HPOS="1197"
                          CONTENT="Maior"/>
                  <SP HEIGHT="40" WIDTH="13" VPOS="255" HPOS="1316"/>
                  <String HEIGHT="40"
                          WIDTH="93"
                          VPOS="255"
                          HPOS="1263"
                          CONTENT="satis"/>
               </TextLine>
               <TextLine ID="r3l10"
                         BASELINE="329"
                         HEIGHT="38"
                         WIDTH="549"
                         VPOS="291"
                         HPOS="806">
                  <String HEIGHT="38" WIDTH="89" VPOS="291" HPOS="793" CONTENT="est"/>
                  <SP HEIGHT="38" WIDTH="13" VPOS="291" HPOS="883"/>
                  <String HEIGHT="38"
                          WIDTH="115"
                          VPOS="291"
                          HPOS="844"
                          CONTENT="nota,"/>
                  <SP HEIGHT="38" WIDTH="13" VPOS="291" HPOS="959"/>
                  <String HEIGHT="38"
                          WIDTH="102"
                          VPOS="291"
                          HPOS="921"
                          CONTENT="quia"/>
                  <SP HEIGHT="38" WIDTH="13" VPOS="291" HPOS="1023"/>
                  <String HEIGHT="38"
                          WIDTH="128"
                          VPOS="291"
                          HPOS="985"
                          CONTENT="primus"/>
                  <SP HEIGHT="38" WIDTH="13" VPOS="291" HPOS="1112"/>
                  <String HEIGHT="38"
                          WIDTH="115"
                          VPOS="291"
                          HPOS="1074"
                          CONTENT="motus"/>
                  <SP HEIGHT="38" WIDTH="13" VPOS="291" HPOS="1189"/>
                  <String HEIGHT="38"
                          WIDTH="128"
                          VPOS="291"
                          HPOS="1151"
                          CONTENT="maxime"/>
                  <SP HEIGHT="38" WIDTH="13" VPOS="291" HPOS="1278"/>
                  <String HEIGHT="38"
                          WIDTH="115"
                          VPOS="291"
                          HPOS="1240"
                          CONTENT="facit"/>
                  <SP HEIGHT="38" WIDTH="13" VPOS="291" HPOS="1355"/>
                  <String HEIGHT="38" WIDTH="51" VPOS="291" HPOS="1304" CONTENT="ad"/>
               </TextLine>
               <TextLine ID="r3l12"
                         BASELINE="372"
                         HEIGHT="46"
                         WIDTH="557"
                         VPOS="326"
                         HPOS="800">
                  <String HEIGHT="46"
                          WIDTH="212"
                          VPOS="326"
                          HPOS="787"
                          CONTENT="perfectionem"/>
                  <SP HEIGHT="46" WIDTH="13" VPOS="326" HPOS="999"/>
                  <String HEIGHT="46"
                          WIDTH="172"
                          VPOS="326"
                          HPOS="959"
                          CONTENT="vniuersi,"/>
                  <SP HEIGHT="46" WIDTH="13" VPOS="326" HPOS="1132"/>
                  <String HEIGHT="46" WIDTH="66" VPOS="326" HPOS="1092" CONTENT="&amp;"/>
                  <SP HEIGHT="46" WIDTH="13" VPOS="326" HPOS="1158"/>
                  <String HEIGHT="46" WIDTH="80" VPOS="326" HPOS="1118" CONTENT="ad"/>
                  <SP HEIGHT="46" WIDTH="13" VPOS="326" HPOS="1198"/>
                  <String HEIGHT="46"
                          WIDTH="212"
                          VPOS="326"
                          HPOS="1145"
                          CONTENT="conseruationem"/>
               </TextLine>
               <TextLine ID="r3l14"
                         BASELINE="396"
                         HEIGHT="34"
                         WIDTH="551"
                         VPOS="362"
                         HPOS="798">
                  <String HEIGHT="34"
                          WIDTH="157"
                          VPOS="362"
                          HPOS="785"
                          CONTENT="ordinis,"/>
                  <SP HEIGHT="34" WIDTH="13" VPOS="362" HPOS="942"/>
                  <String HEIGHT="34" WIDTH="92" VPOS="362" HPOS="903" CONTENT="cum"/>
                  <SP HEIGHT="34" WIDTH="13" VPOS="362" HPOS="995"/>
                  <String HEIGHT="34" WIDTH="92" VPOS="362" HPOS="955" CONTENT="sit"/>
                  <SP HEIGHT="34" WIDTH="13" VPOS="362" HPOS="1047"/>
                  <String HEIGHT="34"
                          WIDTH="144"
                          VPOS="362"
                          HPOS="1008"
                          CONTENT="quaedam"/>
                  <SP HEIGHT="34" WIDTH="13" VPOS="362" HPOS="1152"/>
                  <String HEIGHT="34"
                          WIDTH="105"
                          VPOS="362"
                          HPOS="1113"
                          CONTENT="vita"/>
                  <SP HEIGHT="34" WIDTH="13" VPOS="362" HPOS="1218"/>
                  <String HEIGHT="34"
                          WIDTH="144"
                          VPOS="362"
                          HPOS="1178"
                          CONTENT="omnibus"/>
                  <SP HEIGHT="34" WIDTH="13" VPOS="362" HPOS="1323"/>
                  <String HEIGHT="34"
                          WIDTH="79"
                          VPOS="362"
                          HPOS="1270"
                          CONTENT="natu"/>
               </TextLine>
               <TextLine ID="r3l16"
                         BASELINE="433"
                         HEIGHT="37"
                         WIDTH="553"
                         VPOS="396"
                         HPOS="798">
                  <String HEIGHT="37" WIDTH="68" VPOS="396" HPOS="787" CONTENT="ra"/>
                  <SP HEIGHT="37" WIDTH="11" VPOS="396" HPOS="854"/>
                  <String HEIGHT="37"
                          WIDTH="214"
                          VPOS="396"
                          HPOS="821"
                          CONTENT="subsistentibus,"/>
                  <SP HEIGHT="37" WIDTH="11" VPOS="396" HPOS="1035"/>
                  <String HEIGHT="37" WIDTH="68" VPOS="396" HPOS="1001" CONTENT="vt"/>
                  <SP HEIGHT="37" WIDTH="11" VPOS="396" HPOS="1069"/>
                  <String HEIGHT="37"
                          WIDTH="102"
                          VPOS="396"
                          HPOS="1035"
                          CONTENT="qicit"/>
                  <SP HEIGHT="37" WIDTH="11" VPOS="396" HPOS="1137"/>
                  <String HEIGHT="37"
                          WIDTH="113"
                          VPOS="396"
                          HPOS="1103"
                          CONTENT="Arist."/>
                  <SP HEIGHT="37" WIDTH="11" VPOS="396" HPOS="1216"/>
                  <String HEIGHT="37" WIDTH="68" VPOS="396" HPOS="1182" CONTENT="8."/>
                  <SP HEIGHT="37" WIDTH="11" VPOS="396" HPOS="1249"/>
                  <String HEIGHT="37"
                          WIDTH="147"
                          VPOS="396"
                          HPOS="1204"
                          CONTENT="Physicorum."/>
               </TextLine>
               <TextLine ID="r3l18"
                         BASELINE="470"
                         HEIGHT="45"
                         WIDTH="548"
                         VPOS="425"
                         HPOS="801">
                  <String HEIGHT="45"
                          WIDTH="126"
                          VPOS="425"
                          HPOS="787"
                          CONTENT="Probo"/>
                  <SP HEIGHT="45" WIDTH="14" VPOS="425" HPOS="913"/>
                  <String HEIGHT="45"
                          WIDTH="169"
                          VPOS="425"
                          HPOS="871"
                          CONTENT="Minorem,"/>
                  <SP HEIGHT="45" WIDTH="14" VPOS="425" HPOS="1040"/>
                  <String HEIGHT="45" WIDTH="98" VPOS="425" HPOS="998" CONTENT="nam"/>
                  <SP HEIGHT="45" WIDTH="14" VPOS="425" HPOS="1096"/>
                  <String HEIGHT="45" WIDTH="84" VPOS="425" HPOS="1054" CONTENT="si"/>
                  <SP HEIGHT="45" WIDTH="14" VPOS="425" HPOS="1138"/>
                  <String HEIGHT="45"
                          WIDTH="141"
                          VPOS="425"
                          HPOS="1096"
                          CONTENT="essent"/>
                  <SP HEIGHT="45" WIDTH="14" VPOS="425" HPOS="1237"/>
                  <String HEIGHT="45"
                          WIDTH="141"
                          VPOS="425"
                          HPOS="1194"
                          CONTENT="plures"/>
                  <SP HEIGHT="45" WIDTH="14" VPOS="425" HPOS="1335"/>
                  <String HEIGHT="45" WIDTH="70" VPOS="425" HPOS="1279" CONTENT="Dij"/>
               </TextLine>
               <TextLine ID="r3l20"
                         BASELINE="500"
                         HEIGHT="50"
                         WIDTH="549"
                         VPOS="450"
                         HPOS="799">
                  <String HEIGHT="50" WIDTH="84" VPOS="450" HPOS="787" CONTENT="vel"/>
                  <SP HEIGHT="50" WIDTH="12" VPOS="450" HPOS="871"/>
                  <String HEIGHT="50"
                          WIDTH="119"
                          VPOS="450"
                          HPOS="835"
                          CONTENT="primus"/>
                  <SP HEIGHT="50" WIDTH="12" VPOS="450" HPOS="954"/>
                  <String HEIGHT="50"
                          WIDTH="107"
                          VPOS="450"
                          HPOS="918"
                          CONTENT="motus"/>
                  <SP HEIGHT="50" WIDTH="12" VPOS="450" HPOS="1026"/>
                  <String HEIGHT="50"
                          WIDTH="107"
                          VPOS="450"
                          HPOS="990"
                          CONTENT="esset"/>
                  <SP HEIGHT="50" WIDTH="12" VPOS="450" HPOS="1097"/>
                  <String HEIGHT="50" WIDTH="72" VPOS="450" HPOS="1062" CONTENT="ab"/>
                  <SP HEIGHT="50" WIDTH="12" VPOS="450" HPOS="1133"/>
                  <String HEIGHT="50" WIDTH="84" VPOS="450" HPOS="1097" CONTENT="ijs"/>
                  <SP HEIGHT="50" WIDTH="12" VPOS="450" HPOS="1181"/>
                  <String HEIGHT="50"
                          WIDTH="143"
                          VPOS="450"
                          HPOS="1145"
                          CONTENT="omnibus,"/>
                  <SP HEIGHT="50" WIDTH="12" VPOS="450" HPOS="1288"/>
                  <String HEIGHT="50" WIDTH="84" VPOS="450" HPOS="1253" CONTENT="vel"/>
                  <SP HEIGHT="50" WIDTH="12" VPOS="450" HPOS="1336"/>
                  <String HEIGHT="50" WIDTH="72" VPOS="450" HPOS="1300" CONTENT="ab"/>
                  <SP HEIGHT="50" WIDTH="12" VPOS="450" HPOS="1372"/>
                  <String HEIGHT="50" WIDTH="24" VPOS="450" HPOS="1324" CONTENT=""/>
               </TextLine>
               <TextLine ID="r3l22"
                         BASELINE="534"
                         HEIGHT="41"
                         WIDTH="557"
                         VPOS="493"
                         HPOS="798">
                  <String HEIGHT="41" WIDTH="91" VPOS="493" HPOS="785" CONTENT="vno"/>
                  <SP HEIGHT="41" WIDTH="13" VPOS="493" HPOS="876"/>
                  <String HEIGHT="41"
                          WIDTH="117"
                          VPOS="493"
                          HPOS="837"
                          CONTENT="eorum"/>
                  <SP HEIGHT="41" WIDTH="13" VPOS="493" HPOS="953"/>
                  <String HEIGHT="41"
                          WIDTH="117"
                          VPOS="493"
                          HPOS="915"
                          CONTENT="solo,"/>
                  <SP HEIGHT="41" WIDTH="13" VPOS="493" HPOS="1031"/>
                  <String HEIGHT="41" WIDTH="78" VPOS="493" HPOS="992" CONTENT="si"/>
                  <SP HEIGHT="41" WIDTH="13" VPOS="493" HPOS="1070"/>
                  <String HEIGHT="41" WIDTH="78" VPOS="493" HPOS="1031" CONTENT="ab"/>
                  <SP HEIGHT="41" WIDTH="13" VPOS="493" HPOS="1109"/>
                  <String HEIGHT="41" WIDTH="91" VPOS="493" HPOS="1070" CONTENT="vno"/>
                  <SP HEIGHT="41" WIDTH="13" VPOS="493" HPOS="1161"/>
                  <String HEIGHT="41"
                          WIDTH="117"
                          VPOS="493"
                          HPOS="1122"
                          CONTENT="eorum"/>
                  <SP HEIGHT="41" WIDTH="13" VPOS="493" HPOS="1238"/>
                  <String HEIGHT="41"
                          WIDTH="117"
                          VPOS="493"
                          HPOS="1200"
                          CONTENT="solo,"/>
                  <SP HEIGHT="41" WIDTH="13" VPOS="493" HPOS="1316"/>
                  <String HEIGHT="41"
                          WIDTH="91"
                          VPOS="493"
                          HPOS="1264"
                          CONTENT="omnes"/>
               </TextLine>
               <TextLine ID="r3l24"
                         BASELINE="575"
                         HEIGHT="43"
                         WIDTH="562"
                         VPOS="532"
                         HPOS="791">
                  <String HEIGHT="43"
                          WIDTH="105"
                          VPOS="532"
                          HPOS="778"
                          CONTENT="alij"/>
                  <SP HEIGHT="43" WIDTH="13" VPOS="532" HPOS="882"/>
                  <String HEIGHT="43"
                          WIDTH="235"
                          VPOS="532"
                          HPOS="843"
                          CONTENT="superfluerent,"/>
                  <SP HEIGHT="43" WIDTH="13" VPOS="532" HPOS="1079"/>
                  <String HEIGHT="43"
                          WIDTH="144"
                          VPOS="532"
                          HPOS="1039"
                          CONTENT="quantum"/>
                  <SP HEIGHT="43" WIDTH="13" VPOS="532" HPOS="1183"/>
                  <String HEIGHT="43" WIDTH="78" VPOS="532" HPOS="1144" CONTENT="ad"/>
                  <SP HEIGHT="43" WIDTH="13" VPOS="532" HPOS="1222"/>
                  <String HEIGHT="43"
                          WIDTH="131"
                          VPOS="532"
                          HPOS="1183"
                          CONTENT="motum,"/>
                  <SP HEIGHT="43" WIDTH="13" VPOS="532" HPOS="1314"/>
                  <String HEIGHT="43" WIDTH="65" VPOS="532" HPOS="1275" CONTENT="&amp;"/>
                  <SP HEIGHT="43" WIDTH="13" VPOS="532" HPOS="1340"/>
                  <String HEIGHT="43" WIDTH="65" VPOS="532" HPOS="1288" CONTENT="per"/>
               </TextLine>
               <TextLine ID="r3l26"
                         BASELINE="602"
                         HEIGHT="36"
                         WIDTH="550"
                         VPOS="566"
                         HPOS="797">
                  <String HEIGHT="36"
                          WIDTH="197"
                          VPOS="566"
                          HPOS="783"
                          CONTENT="consequens"/>
                  <SP HEIGHT="36" WIDTH="14" VPOS="566" HPOS="980"/>
                  <String HEIGHT="36"
                          WIDTH="155"
                          VPOS="566"
                          HPOS="938"
                          CONTENT="quantum"/>
                  <SP HEIGHT="36" WIDTH="14" VPOS="566" HPOS="1093"/>
                  <String HEIGHT="36" WIDTH="85" VPOS="566" HPOS="1051" CONTENT="ad"/>
                  <SP HEIGHT="36" WIDTH="14" VPOS="566" HPOS="1135"/>
                  <String HEIGHT="36"
                          WIDTH="155"
                          VPOS="566"
                          HPOS="1093"
                          CONTENT="ordinem"/>
                  <SP HEIGHT="36" WIDTH="14" VPOS="566" HPOS="1248"/>
                  <String HEIGHT="36"
                          WIDTH="155"
                          VPOS="566"
                          HPOS="1192"
                          CONTENT="vniuersi,"/>
               </TextLine>
               <TextLine ID="r3l28"
                         BASELINE="635"
                         HEIGHT="38"
                         WIDTH="559"
                         VPOS="597"
                         HPOS="794">
                  <String HEIGHT="38" WIDTH="95" VPOS="597" HPOS="780" CONTENT="hoc"/>
                  <SP HEIGHT="38" WIDTH="14" VPOS="597" HPOS="876"/>
                  <String HEIGHT="38"
                          WIDTH="123"
                          VPOS="597"
                          HPOS="835"
                          CONTENT="autem"/>
                  <SP HEIGHT="38" WIDTH="14" VPOS="597" HPOS="958"/>
                  <String HEIGHT="38"
                          WIDTH="136"
                          VPOS="597"
                          HPOS="917"
                          CONTENT="omnino"/>
                  <SP HEIGHT="38" WIDTH="14" VPOS="597" HPOS="1053"/>
                  <String HEIGHT="38"
                          WIDTH="164"
                          VPOS="597"
                          HPOS="1012"
                          CONTENT="repugnat"/>
                  <SP HEIGHT="38" WIDTH="14" VPOS="597" HPOS="1176"/>
                  <String HEIGHT="38"
                          WIDTH="205"
                          VPOS="597"
                          HPOS="1135"
                          CONTENT="perfectioni"/>
                  <SP HEIGHT="38" WIDTH="14" VPOS="597" HPOS="1339"/>
                  <String HEIGHT="38" WIDTH="68" VPOS="597" HPOS="1285" CONTENT="vni"/>
               </TextLine>
               <TextLine ID="r3l30"
                         BASELINE="669"
                         HEIGHT="40"
                         WIDTH="551"
                         VPOS="629"
                         HPOS="795">
                  <String HEIGHT="40"
                          WIDTH="117"
                          VPOS="629"
                          HPOS="783"
                          CONTENT="uersi,"/>
                  <SP HEIGHT="40" WIDTH="12" VPOS="629" HPOS="901"/>
                  <String HEIGHT="40"
                          WIDTH="141"
                          VPOS="629"
                          HPOS="865"
                          CONTENT="scilicet"/>
                  <SP HEIGHT="40" WIDTH="12" VPOS="629" HPOS="1006"/>
                  <String HEIGHT="40"
                          WIDTH="117"
                          VPOS="629"
                          HPOS="971"
                          CONTENT="ponero"/>
                  <SP HEIGHT="40" WIDTH="12" VPOS="629" HPOS="1088"/>
                  <String HEIGHT="40"
                          WIDTH="141"
                          VPOS="629"
                          HPOS="1053"
                          CONTENT="aliquid,"/>
                  <SP HEIGHT="40" WIDTH="12" VPOS="629" HPOS="1194"/>
                  <String HEIGHT="40"
                          WIDTH="94"
                          VPOS="629"
                          HPOS="1158"
                          CONTENT="quod"/>
                  <SP HEIGHT="40" WIDTH="12" VPOS="629" HPOS="1252"/>
                  <String HEIGHT="40" WIDTH="82" VPOS="629" HPOS="1217" CONTENT="suo"/>
                  <SP HEIGHT="40" WIDTH="12" VPOS="629" HPOS="1299"/>
                  <String HEIGHT="40"
                          WIDTH="94"
                          VPOS="629"
                          HPOS="1252"
                          CONTENT="ordini"/>
               </TextLine>
               <TextLine ID="r3l32"
                         BASELINE="704"
                         HEIGHT="36"
                         WIDTH="557"
                         VPOS="668"
                         HPOS="790">
                  <String HEIGHT="36" WIDTH="95" VPOS="668" HPOS="776" CONTENT="non"/>
                  <SP HEIGHT="36" WIDTH="14" VPOS="668" HPOS="872"/>
                  <String HEIGHT="36"
                          WIDTH="177"
                          VPOS="668"
                          HPOS="831"
                          CONTENT="expediat."/>
                  <SP HEIGHT="36" WIDTH="14" VPOS="668" HPOS="1007"/>
                  <String HEIGHT="36" WIDTH="82" VPOS="668" HPOS="967" CONTENT="Si"/>
                  <SP HEIGHT="36" WIDTH="14" VPOS="668" HPOS="1048"/>
                  <String HEIGHT="36"
                          WIDTH="122"
                          VPOS="668"
                          HPOS="1007"
                          CONTENT="autem"/>
                  <SP HEIGHT="36" WIDTH="14" VPOS="668" HPOS="1130"/>
                  <String HEIGHT="36"
                          WIDTH="136"
                          VPOS="668"
                          HPOS="1089"
                          CONTENT="dicat,"/>
                  <SP HEIGHT="36" WIDTH="14" VPOS="668" HPOS="1225"/>
                  <String HEIGHT="36"
                          WIDTH="109"
                          VPOS="668"
                          HPOS="1184"
                          CONTENT="quod"/>
                  <SP HEIGHT="36" WIDTH="14" VPOS="668" HPOS="1293"/>
                  <String HEIGHT="36"
                          WIDTH="109"
                          VPOS="668"
                          HPOS="1238"
                          CONTENT="primus"/>
               </TextLine>
               <TextLine ID="r3l35"
                         BASELINE="744"
                         HEIGHT="44"
                         WIDTH="555"
                         VPOS="700"
                         HPOS="790">
                  <String HEIGHT="44"
                          WIDTH="111"
                          VPOS="700"
                          HPOS="778"
                          CONTENT="motus"/>
                  <SP HEIGHT="44" WIDTH="12" VPOS="700" HPOS="889"/>
                  <String HEIGHT="44" WIDTH="86" VPOS="700" HPOS="852" CONTENT="est"/>
                  <SP HEIGHT="44" WIDTH="12" VPOS="700" HPOS="938"/>
                  <String HEIGHT="44" WIDTH="74" VPOS="700" HPOS="901" CONTENT="ab"/>
                  <SP HEIGHT="44" WIDTH="12" VPOS="700" HPOS="975"/>
                  <String HEIGHT="44" WIDTH="86" VPOS="700" HPOS="938" CONTENT="eis"/>
                  <SP HEIGHT="44" WIDTH="12" VPOS="700" HPOS="1024"/>
                  <String HEIGHT="44"
                          WIDTH="148"
                          VPOS="700"
                          HPOS="987"
                          CONTENT="omnibus,"/>
                  <SP HEIGHT="44" WIDTH="12" VPOS="700" HPOS="1135"/>
                  <String HEIGHT="44" WIDTH="86" VPOS="700" HPOS="1098" CONTENT="uel"/>
                  <SP HEIGHT="44" WIDTH="12" VPOS="700" HPOS="1185"/>
                  <String HEIGHT="44" WIDTH="86" VPOS="700" HPOS="1148" CONTENT="est"/>
                  <SP HEIGHT="44" WIDTH="12" VPOS="700" HPOS="1234"/>
                  <String HEIGHT="44" WIDTH="74" VPOS="700" HPOS="1197" CONTENT="ab"/>
                  <SP HEIGHT="44" WIDTH="12" VPOS="700" HPOS="1271"/>
                  <String HEIGHT="44" WIDTH="86" VPOS="700" HPOS="1234" CONTENT="eis"/>
                  <SP HEIGHT="44" WIDTH="12" VPOS="700" HPOS="1320"/>
                  <String HEIGHT="44"
                          WIDTH="74"
                          VPOS="700"
                          HPOS="1271"
                          CONTENT="omni"/>
               </TextLine>
               <TextLine ID="r3l37"
                         BASELINE="777"
                         HEIGHT="43"
                         WIDTH="555"
                         VPOS="734"
                         HPOS="792">
                  <String HEIGHT="43" WIDTH="81" VPOS="734" HPOS="780" CONTENT="bus"/>
                  <SP HEIGHT="43" WIDTH="12" VPOS="734" HPOS="861"/>
                  <String HEIGHT="43"
                          WIDTH="116"
                          VPOS="734"
                          HPOS="827"
                          CONTENT="simul,"/>
                  <SP HEIGHT="43" WIDTH="12" VPOS="734" HPOS="942"/>
                  <String HEIGHT="43" WIDTH="81" VPOS="734" HPOS="908" CONTENT="uel"/>
                  <SP HEIGHT="43" WIDTH="12" VPOS="734" HPOS="989"/>
                  <String HEIGHT="43"
                          WIDTH="173"
                          VPOS="734"
                          HPOS="954"
                          CONTENT="suceessiue,"/>
                  <SP HEIGHT="43" WIDTH="12" VPOS="734" HPOS="1127"/>
                  <String HEIGHT="43" WIDTH="69" VPOS="734" HPOS="1093" CONTENT="si"/>
                  <SP HEIGHT="43" WIDTH="12" VPOS="734" HPOS="1162"/>
                  <String HEIGHT="43"
                          WIDTH="116"
                          VPOS="734"
                          HPOS="1127"
                          CONTENT="simul,"/>
                  <SP HEIGHT="43" WIDTH="12" VPOS="734" HPOS="1243"/>
                  <String HEIGHT="43"
                          WIDTH="93"
                          VPOS="734"
                          HPOS="1208"
                          CONTENT="ergo"/>
                  <SP HEIGHT="43" WIDTH="12" VPOS="734" HPOS="1301"/>
                  <String HEIGHT="43"
                          WIDTH="93"
                          VPOS="734"
                          HPOS="1255"
                          CONTENT="nullus"/>
               </TextLine>
               <TextLine ID="r3l39"
                         BASELINE="807"
                         HEIGHT="36"
                         WIDTH="549"
                         VPOS="771"
                         HPOS="794">
                  <String HEIGHT="36"
                          WIDTH="105"
                          VPOS="771"
                          HPOS="782"
                          CONTENT="eorum"/>
                  <SP HEIGHT="36" WIDTH="12" VPOS="771" HPOS="887"/>
                  <String HEIGHT="36" WIDTH="82" VPOS="771" HPOS="852" CONTENT="est"/>
                  <SP HEIGHT="36" WIDTH="12" VPOS="771" HPOS="934"/>
                  <String HEIGHT="36"
                          WIDTH="164"
                          VPOS="771"
                          HPOS="899"
                          CONTENT="sufficiens"/>
                  <SP HEIGHT="36" WIDTH="12" VPOS="771" HPOS="1063"/>
                  <String HEIGHT="36" WIDTH="82" VPOS="771" HPOS="1028" CONTENT="per"/>
                  <SP HEIGHT="36" WIDTH="12" VPOS="771" HPOS="1109"/>
                  <String HEIGHT="36" WIDTH="70" VPOS="771" HPOS="1074" CONTENT="se"/>
                  <SP HEIGHT="36" WIDTH="12" VPOS="771" HPOS="1144"/>
                  <String HEIGHT="36"
                          WIDTH="117"
                          VPOS="771"
                          HPOS="1109"
                          CONTENT="solus,"/>
                  <SP HEIGHT="36" WIDTH="12" VPOS="771" HPOS="1226"/>
                  <String HEIGHT="36"
                          WIDTH="93"
                          VPOS="771"
                          HPOS="1191"
                          CONTENT="quia"/>
                  <SP HEIGHT="36" WIDTH="12" VPOS="771" HPOS="1285"/>
                  <String HEIGHT="36" WIDTH="70" VPOS="771" HPOS="1250" CONTENT="si"/>
                  <SP HEIGHT="36" WIDTH="12" VPOS="771" HPOS="1320"/>
                  <String HEIGHT="36"
                          WIDTH="70"
                          VPOS="771"
                          HPOS="1273"
                          CONTENT="vnus"/>
               </TextLine>
               <TextLine ID="r3l41"
                         BASELINE="846"
                         HEIGHT="47"
                         WIDTH="552"
                         VPOS="799"
                         HPOS="794">
                  <String HEIGHT="47" WIDTH="82" VPOS="799" HPOS="782" CONTENT="per"/>
                  <SP HEIGHT="47" WIDTH="12" VPOS="799" HPOS="864"/>
                  <String HEIGHT="47" WIDTH="70" VPOS="799" HPOS="829" CONTENT="se"/>
                  <SP HEIGHT="47" WIDTH="12" VPOS="799" HPOS="900"/>
                  <String HEIGHT="47"
                          WIDTH="106"
                          VPOS="799"
                          HPOS="864"
                          CONTENT="solus"/>
                  <SP HEIGHT="47" WIDTH="12" VPOS="799" HPOS="970"/>
                  <String HEIGHT="47"
                          WIDTH="176"
                          VPOS="799"
                          HPOS="935"
                          CONTENT="sufficeret,"/>
                  <SP HEIGHT="47" WIDTH="12" VPOS="799" HPOS="1111"/>
                  <String HEIGHT="47"
                          WIDTH="129"
                          VPOS="799"
                          HPOS="1076"
                          CONTENT="frustra"/>
                  <SP HEIGHT="47" WIDTH="12" VPOS="799" HPOS="1205"/>
                  <String HEIGHT="47"
                          WIDTH="94"
                          VPOS="799"
                          HPOS="1170"
                          CONTENT="alij"/>
                  <SP HEIGHT="47" WIDTH="12" VPOS="799" HPOS="1264"/>
                  <String HEIGHT="47"
                          WIDTH="129"
                          VPOS="799"
                          HPOS="1217"
                          CONTENT="mouerent,"/>
               </TextLine>
               <TextLine ID="r3l43"
                         BASELINE="880"
                         HEIGHT="38"
                         WIDTH="554"
                         VPOS="842"
                         HPOS="793">
                  <String HEIGHT="38" WIDTH="88" VPOS="842" HPOS="780" CONTENT="nam"/>
                  <SP HEIGHT="38" WIDTH="13" VPOS="842" HPOS="869"/>
                  <String HEIGHT="38"
                          WIDTH="139"
                          VPOS="842"
                          HPOS="831"
                          CONTENT="frustra"/>
                  <SP HEIGHT="38" WIDTH="13" VPOS="842" HPOS="969"/>
                  <String HEIGHT="38" WIDTH="88" VPOS="842" HPOS="932" CONTENT="fit"/>
                  <SP HEIGHT="38" WIDTH="13" VPOS="842" HPOS="1020"/>
                  <String HEIGHT="38" WIDTH="88" VPOS="842" HPOS="982" CONTENT="per"/>
                  <SP HEIGHT="38" WIDTH="13" VPOS="842" HPOS="1070"/>
                  <String HEIGHT="38"
                          WIDTH="126"
                          VPOS="842"
                          HPOS="1032"
                          CONTENT="plura,"/>
                  <SP HEIGHT="38" WIDTH="13" VPOS="842" HPOS="1158"/>
                  <String HEIGHT="38"
                          WIDTH="101"
                          VPOS="842"
                          HPOS="1120"
                          CONTENT="quod"/>
                  <SP HEIGHT="38" WIDTH="13" VPOS="842" HPOS="1221"/>
                  <String HEIGHT="38"
                          WIDTH="126"
                          VPOS="842"
                          HPOS="1183"
                          CONTENT="potest"/>
                  <SP HEIGHT="38" WIDTH="13" VPOS="842" HPOS="1309"/>
                  <String HEIGHT="38"
                          WIDTH="88"
                          VPOS="842"
                          HPOS="1259"
                          CONTENT="fieri"/>
               </TextLine>
               <TextLine ID="r3l46"
                         BASELINE="917"
                         HEIGHT="46"
                         WIDTH="178"
                         VPOS="871"
                         HPOS="792">
                  <String HEIGHT="46" WIDTH="96" VPOS="871" HPOS="778" CONTENT="per"/>
                  <SP HEIGHT="46" WIDTH="14" VPOS="871" HPOS="874"/>
                  <String HEIGHT="46"
                          WIDTH="151"
                          VPOS="871"
                          HPOS="819"
                          CONTENT="pauciora."/>
               </TextLine>
               <TextLine ID="r3l47"
                         BASELINE="945"
                         HEIGHT="41"
                         WIDTH="518"
                         VPOS="904"
                         HPOS="824">
                  <String HEIGHT="41" WIDTH="78" VPOS="904" HPOS="811" CONTENT="Si"/>
                  <SP HEIGHT="41" WIDTH="13" VPOS="904" HPOS="889"/>
                  <String HEIGHT="41"
                          WIDTH="117"
                          VPOS="904"
                          HPOS="850"
                          CONTENT="autem"/>
                  <SP HEIGHT="41" WIDTH="13" VPOS="904" HPOS="966"/>
                  <String HEIGHT="41"
                          WIDTH="155"
                          VPOS="904"
                          HPOS="928"
                          CONTENT="quilibet"/>
                  <SP HEIGHT="41" WIDTH="13" VPOS="904" HPOS="1083"/>
                  <String HEIGHT="41"
                          WIDTH="117"
                          VPOS="904"
                          HPOS="1044"
                          CONTENT="eorum"/>
                  <SP HEIGHT="41" WIDTH="13" VPOS="904" HPOS="1161"/>
                  <String HEIGHT="41" WIDTH="91" VPOS="904" HPOS="1122" CONTENT="est"/>
                  <SP HEIGHT="41" WIDTH="13" VPOS="904" HPOS="1213"/>
                  <String HEIGHT="41"
                          WIDTH="181"
                          VPOS="904"
                          HPOS="1161"
                          CONTENT="insufficiens"/>
               </TextLine>
               <TextLine ID="r3l50"
                         BASELINE="979"
                         HEIGHT="39"
                         WIDTH="546"
                         VPOS="940"
                         HPOS="797">
                  <String HEIGHT="39"
                          WIDTH="127"
                          VPOS="940"
                          HPOS="784"
                          CONTENT="nullus"/>
                  <SP HEIGHT="39" WIDTH="13" VPOS="940" HPOS="911"/>
                  <String HEIGHT="39"
                          WIDTH="102"
                          VPOS="940"
                          HPOS="873"
                          CONTENT="erit"/>
                  <SP HEIGHT="39" WIDTH="13" VPOS="940" HPOS="975"/>
                  <String HEIGHT="39"
                          WIDTH="190"
                          VPOS="940"
                          HPOS="937"
                          CONTENT="simpliciter"/>
                  <SP HEIGHT="39" WIDTH="13" VPOS="940" HPOS="1127"/>
                  <String HEIGHT="39"
                          WIDTH="178"
                          VPOS="940"
                          HPOS="1089"
                          CONTENT="perfectus,"/>
                  <SP HEIGHT="39" WIDTH="13" VPOS="940" HPOS="1267"/>
                  <String HEIGHT="39"
                          WIDTH="102"
                          VPOS="940"
                          HPOS="1229"
                          CONTENT="quod"/>
                  <SP HEIGHT="39" WIDTH="13" VPOS="940" HPOS="1330"/>
                  <String HEIGHT="39" WIDTH="63" VPOS="940" HPOS="1280" CONTENT="est"/>
               </TextLine>
               <TextLine ID="r3l51"
                         BASELINE="1019"
                         HEIGHT="46"
                         WIDTH="187"
                         VPOS="973"
                         HPOS="789">
                  <String HEIGHT="46"
                          WIDTH="243"
                          VPOS="973"
                          HPOS="770"
                          CONTENT="absurdum."/>
                  <SP HEIGHT="46" WIDTH="19" VPOS="973" HPOS="1013"/>
                  <String HEIGHT="46" WIDTH="37" VPOS="973" HPOS="939" CONTENT=""/>
               </TextLine>
               <TextLine ID="r3l53"
                         BASELINE="1046"
                         HEIGHT="46"
                         WIDTH="512"
                         VPOS="1000"
                         HPOS="826">
                  <String HEIGHT="46" WIDTH="77" VPOS="1000" HPOS="813" CONTENT="Si"/>
                  <SP HEIGHT="46" WIDTH="13" VPOS="1000" HPOS="890"/>
                  <String HEIGHT="46"
                          WIDTH="102"
                          VPOS="1000"
                          HPOS="852"
                          CONTENT="vero"/>
                  <SP HEIGHT="46" WIDTH="13" VPOS="1000" HPOS="954"/>
                  <String HEIGHT="46"
                          WIDTH="154"
                          VPOS="1000"
                          HPOS="916"
                          CONTENT="dicatur,"/>
                  <SP HEIGHT="46" WIDTH="13" VPOS="1000" HPOS="1069"/>
                  <String HEIGHT="46"
                          WIDTH="102"
                          VPOS="1000"
                          HPOS="1031"
                          CONTENT="quod"/>
                  <SP HEIGHT="46" WIDTH="13" VPOS="1000" HPOS="1133"/>
                  <String HEIGHT="46"
                          WIDTH="90"
                          VPOS="1000"
                          HPOS="1095"
                          CONTENT="est"/>
                  <SP HEIGHT="46" WIDTH="13" VPOS="1000" HPOS="1184"/>
                  <String HEIGHT="46" WIDTH="77" VPOS="1000" HPOS="1146" CONTENT="ab"/>
                  <SP HEIGHT="46" WIDTH="13" VPOS="1000" HPOS="1223"/>
                  <String HEIGHT="46"
                          WIDTH="141"
                          VPOS="1000"
                          HPOS="1184"
                          CONTENT="omnibus"/>
                  <SP HEIGHT="46" WIDTH="13" VPOS="1000" HPOS="1325"/>
                  <String HEIGHT="46"
                          WIDTH="64"
                          VPOS="1000"
                          HPOS="1274"
                          CONTENT="suc"/>
               </TextLine>
               <TextLine ID="r3l55"
                         BASELINE="1082"
                         HEIGHT="45"
                         WIDTH="551"
                         VPOS="1037"
                         HPOS="793">
                  <String HEIGHT="45"
                          WIDTH="157"
                          VPOS="1037"
                          HPOS="780"
                          CONTENT="cessiue,"/>
                  <SP HEIGHT="45" WIDTH="13" VPOS="1037" HPOS="937"/>
                  <String HEIGHT="45"
                          WIDTH="105"
                          VPOS="1037"
                          HPOS="898"
                          CONTENT="tunc"/>
                  <SP HEIGHT="45" WIDTH="13" VPOS="1037" HPOS="1003"/>
                  <String HEIGHT="45"
                          WIDTH="131"
                          VPOS="1037"
                          HPOS="964"
                          CONTENT="primus"/>
                  <SP HEIGHT="45" WIDTH="13" VPOS="1037" HPOS="1095"/>
                  <String HEIGHT="45"
                          WIDTH="118"
                          VPOS="1037"
                          HPOS="1055"
                          CONTENT="motus"/>
                  <SP HEIGHT="45" WIDTH="13" VPOS="1037" HPOS="1173"/>
                  <String HEIGHT="45"
                          WIDTH="92"
                          VPOS="1037"
                          HPOS="1134"
                          CONTENT="non"/>
                  <SP HEIGHT="45" WIDTH="13" VPOS="1037" HPOS="1226"/>
                  <String HEIGHT="45"
                          WIDTH="105"
                          VPOS="1037"
                          HPOS="1187"
                          CONTENT="erit"/>
                  <SP HEIGHT="45" WIDTH="13" VPOS="1037" HPOS="1292"/>
                  <String HEIGHT="45"
                          WIDTH="105"
                          VPOS="1037"
                          HPOS="1239"
                          CONTENT="conti"
                          SUBS_TYPE="HypPart1"
                          SUBS_CONTENT="continuus,"/>
                  <HYP CONTENT="-"/>
               </TextLine>
               <TextLine ID="r3l57"
                         BASELINE="1115"
                         HEIGHT="39"
                         WIDTH="557"
                         VPOS="1076"
                         HPOS="796">
                  <String HEIGHT="39"
                          WIDTH="117"
                          VPOS="1076"
                          HPOS="783"
                          CONTENT="nuus,"
                          SUBS_TYPE="HypPart2"
                          SUBS_CONTENT="continuus,"/>
                  <SP HEIGHT="39" WIDTH="13" VPOS="1076" HPOS="900"/>
                  <String HEIGHT="39"
                          WIDTH="117"
                          VPOS="1076"
                          HPOS="861"
                          CONTENT="cuius"/>
                  <SP HEIGHT="39" WIDTH="13" VPOS="1076" HPOS="977"/>
                  <String HEIGHT="39"
                          WIDTH="181"
                          VPOS="1076"
                          HPOS="938"
                          CONTENT="contrarium"/>
                  <SP HEIGHT="39" WIDTH="13" VPOS="1076" HPOS="1120"/>
                  <String HEIGHT="39"
                          WIDTH="155"
                          VPOS="1076"
                          HPOS="1081"
                          CONTENT="probatum"/>
                  <SP HEIGHT="39" WIDTH="13" VPOS="1076" HPOS="1236"/>
                  <String HEIGHT="39"
                          WIDTH="104"
                          VPOS="1076"
                          HPOS="1198"
                          CONTENT="est."/>
                  <SP HEIGHT="39" WIDTH="13" VPOS="1076" HPOS="1301"/>
                  <String HEIGHT="39" WIDTH="78" VPOS="1076" HPOS="1262" CONTENT="8."/>
                  <SP HEIGHT="39" WIDTH="13" VPOS="1076" HPOS="1340"/>
                  <String HEIGHT="39"
                          WIDTH="65"
                          VPOS="1076"
                          HPOS="1288"
                          CONTENT="Phy"/>
               </TextLine>
               <TextLine ID="r3l59"
                         BASELINE="1144"
                         HEIGHT="36"
                         WIDTH="559"
                         VPOS="1108"
                         HPOS="790">
                  <String HEIGHT="36"
                          WIDTH="168"
                          VPOS="1108"
                          HPOS="776"
                          CONTENT="sicorum,"/>
                  <SP HEIGHT="36" WIDTH="14" VPOS="1108" HPOS="944"/>
                  <String HEIGHT="36" WIDTH="70" VPOS="1108" HPOS="902" CONTENT="&amp;"/>
                  <SP HEIGHT="36" WIDTH="14" VPOS="1108" HPOS="972"/>
                  <String HEIGHT="36"
                          WIDTH="126"
                          VPOS="1108"
                          HPOS="930"
                          CONTENT="primo"/>
                  <SP HEIGHT="36" WIDTH="14" VPOS="1108" HPOS="1056"/>
                  <String HEIGHT="36"
                          WIDTH="126"
                          VPOS="1108"
                          HPOS="1014"
                          CONTENT="Celi,"/>
                  <SP HEIGHT="36" WIDTH="14" VPOS="1108" HPOS="1139"/>
                  <String HEIGHT="36" WIDTH="70" VPOS="1108" HPOS="1097" CONTENT="&amp;"/>
                  <SP HEIGHT="36" WIDTH="14" VPOS="1108" HPOS="1167"/>
                  <String HEIGHT="36"
                          WIDTH="140"
                          VPOS="1108"
                          HPOS="1125"
                          CONTENT="mundi."/>
                  <SP HEIGHT="36" WIDTH="14" VPOS="1108" HPOS="1265"/>
                  <String HEIGHT="36"
                          WIDTH="112"
                          VPOS="1108"
                          HPOS="1223"
                          CONTENT="Quod"/>
                  <SP HEIGHT="36" WIDTH="14" VPOS="1108" HPOS="1335"/>
                  <String HEIGHT="36"
                          WIDTH="70"
                          VPOS="1108"
                          HPOS="1279"
                          CONTENT="au"
                          SUBS_TYPE="HypPart1"
                          SUBS_CONTENT="autem"/>
                  <HYP CONTENT="-"/>
               </TextLine>
               <TextLine ID="r3l61"
                         BASELINE="1185"
                         HEIGHT="44"
                         WIDTH="546"
                         VPOS="1141"
                         HPOS="796">
                  <String HEIGHT="44"
                          WIDTH="87"
                          VPOS="1141"
                          HPOS="784"
                          CONTENT="tem"
                          SUBS_TYPE="HypPart2"
                          SUBS_CONTENT="autem"/>
                  <SP HEIGHT="44" WIDTH="12" VPOS="1141" HPOS="870"/>
                  <String HEIGHT="44" WIDTH="87" VPOS="1141" HPOS="833" CONTENT="hoc"/>
                  <SP HEIGHT="44" WIDTH="12" VPOS="1141" HPOS="920"/>
                  <String HEIGHT="44"
                          WIDTH="149"
                          VPOS="1141"
                          HPOS="883"
                          CONTENT="sequatur"/>
                  <SP HEIGHT="44" WIDTH="12" VPOS="1141" HPOS="1032"/>
                  <String HEIGHT="44"
                          WIDTH="137"
                          VPOS="1141"
                          HPOS="995"
                          CONTENT="apparet"/>
                  <SP HEIGHT="44" WIDTH="12" VPOS="1141" HPOS="1131"/>
                  <String HEIGHT="44"
                          WIDTH="87"
                          VPOS="1141"
                          HPOS="1094"
                          CONTENT="per"/>
                  <SP HEIGHT="44" WIDTH="12" VPOS="1141" HPOS="1181"/>
                  <String HEIGHT="44"
                          WIDTH="124"
                          VPOS="1141"
                          HPOS="1143"
                          CONTENT="Arist."/>
                  <SP HEIGHT="44" WIDTH="12" VPOS="1141" HPOS="1268"/>
                  <String HEIGHT="44" WIDTH="74" VPOS="1141" HPOS="1230" CONTENT="8."/>
                  <SP HEIGHT="44" WIDTH="12" VPOS="1141" HPOS="1305"/>
                  <String HEIGHT="44"
                          WIDTH="87"
                          VPOS="1141"
                          HPOS="1255"
                          CONTENT="Physi"/>
               </TextLine>
               <TextLine ID="r3l63"
                         BASELINE="1220"
                         HEIGHT="43"
                         WIDTH="552"
                         VPOS="1177"
                         HPOS="795">
                  <String HEIGHT="43"
                          WIDTH="131"
                          VPOS="1177"
                          HPOS="782"
                          CONTENT="corum,"/>
                  <SP HEIGHT="43" WIDTH="13" VPOS="1177" HPOS="913"/>
                  <String HEIGHT="43" WIDTH="92" VPOS="1177" HPOS="874" CONTENT="vbi"/>
                  <SP HEIGHT="43" WIDTH="13" VPOS="1177" HPOS="966"/>
                  <String HEIGHT="43"
                          WIDTH="105"
                          VPOS="1177"
                          HPOS="926"
                          CONTENT="ait,"/>
                  <SP HEIGHT="43" WIDTH="13" VPOS="1177" HPOS="1032"/>
                  <String HEIGHT="43"
                          WIDTH="105"
                          VPOS="1177"
                          HPOS="992"
                          CONTENT="quod"/>
                  <SP HEIGHT="43" WIDTH="13" VPOS="1177" HPOS="1097"/>
                  <String HEIGHT="43"
                          WIDTH="118"
                          VPOS="1177"
                          HPOS="1058"
                          CONTENT="motus"/>
                  <SP HEIGHT="43" WIDTH="13" VPOS="1177" HPOS="1176"/>
                  <String HEIGHT="43"
                          WIDTH="184"
                          VPOS="1177"
                          HPOS="1137"
                          CONTENT="continuus,"/>
                  <SP HEIGHT="43" WIDTH="13" VPOS="1177" HPOS="1321"/>
                  <String HEIGHT="43" WIDTH="66" VPOS="1177" HPOS="1281" CONTENT="&amp;"/>
                  <SP HEIGHT="43" WIDTH="13" VPOS="1177" HPOS="1347"/>
                  <String HEIGHT="43"
                          WIDTH="53"
                          VPOS="1177"
                          HPOS="1294"
                          CONTENT="u"
                          SUBS_TYPE="HypPart1"
                          SUBS_CONTENT="unus"/>
                  <HYP CONTENT="-"/>
               </TextLine>
               <TextLine ID="r3l65"
                         BASELINE="1251"
                         HEIGHT="43"
                         WIDTH="548"
                         VPOS="1208"
                         HPOS="794">
                  <String HEIGHT="43"
                          WIDTH="83"
                          VPOS="1208"
                          HPOS="782"
                          CONTENT="nus"
                          SUBS_TYPE="HypPart2"
                          SUBS_CONTENT="unus"/>
                  <SP HEIGHT="43" WIDTH="12" VPOS="1208" HPOS="865"/>
                  <String HEIGHT="43" WIDTH="83" VPOS="1208" HPOS="830" CONTENT="est"/>
                  <SP HEIGHT="43" WIDTH="12" VPOS="1208" HPOS="913"/>
                  <String HEIGHT="43"
                          WIDTH="95"
                          VPOS="1208"
                          HPOS="877"
                          CONTENT="ille"/>
                  <SP HEIGHT="43" WIDTH="12" VPOS="1208" HPOS="973"/>
                  <String HEIGHT="43" WIDTH="83" VPOS="1208" HPOS="937" CONTENT="qui"/>
                  <SP HEIGHT="43" WIDTH="12" VPOS="1208" HPOS="1020"/>
                  <String HEIGHT="43"
                          WIDTH="143"
                          VPOS="1208"
                          HPOS="985"
                          CONTENT="prouenit"/>
                  <SP HEIGHT="43" WIDTH="12" VPOS="1208" HPOS="1128"/>
                  <String HEIGHT="43" WIDTH="71" VPOS="1208" HPOS="1092" CONTENT="ab"/>
                  <SP HEIGHT="43" WIDTH="12" VPOS="1208" HPOS="1163"/>
                  <String HEIGHT="43"
                          WIDTH="83"
                          VPOS="1208"
                          HPOS="1128"
                          CONTENT="vno"/>
                  <SP HEIGHT="43" WIDTH="12" VPOS="1208" HPOS="1211"/>
                  <String HEIGHT="43"
                          WIDTH="131"
                          VPOS="1208"
                          HPOS="1175"
                          CONTENT="mouente"/>
                  <SP HEIGHT="43" WIDTH="12" VPOS="1208" HPOS="1306"/>
                  <String HEIGHT="43"
                          WIDTH="83"
                          VPOS="1208"
                          HPOS="1259"
                          CONTENT="tamen"/>
               </TextLine>
               <TextLine ID="r3l67"
                         BASELINE="1282"
                         HEIGHT="37"
                         WIDTH="552"
                         VPOS="1245"
                         HPOS="795">
                  <String HEIGHT="37" WIDTH="67" VPOS="1245" HPOS="782" CONTENT="&amp;"/>
                  <SP HEIGHT="37" WIDTH="13" VPOS="1245" HPOS="849"/>
                  <String HEIGHT="37"
                          WIDTH="108"
                          VPOS="1245"
                          HPOS="808"
                          CONTENT="isto"/>
                  <SP HEIGHT="37" WIDTH="13" VPOS="1245" HPOS="916"/>
                  <String HEIGHT="37"
                          WIDTH="121"
                          VPOS="1245"
                          HPOS="876"
                          CONTENT="medio"/>
                  <SP HEIGHT="37" WIDTH="13" VPOS="1245" HPOS="997"/>
                  <String HEIGHT="37"
                          WIDTH="135"
                          VPOS="1245"
                          HPOS="957"
                          CONTENT="vtitur"/>
                  <SP HEIGHT="37" WIDTH="13" VPOS="1245" HPOS="1091"/>
                  <String HEIGHT="37"
                          WIDTH="135"
                          VPOS="1245"
                          HPOS="1051"
                          CONTENT="Arist."/>
                  <SP HEIGHT="37" WIDTH="13" VPOS="1245" HPOS="1185"/>
                  <String HEIGHT="37" WIDTH="67" VPOS="1245" HPOS="1145" CONTENT="&amp;"/>
                  <SP HEIGHT="37" WIDTH="13" VPOS="1245" HPOS="1212"/>
                  <String HEIGHT="37"
                          WIDTH="162"
                          VPOS="1245"
                          HPOS="1172"
                          CONTENT="Comment."/>
                  <SP HEIGHT="37" WIDTH="13" VPOS="1245" HPOS="1334"/>
                  <String HEIGHT="37"
                          WIDTH="67"
                          VPOS="1245"
                          HPOS="1280"
                          CONTENT="ibi"/>
               </TextLine>
               <TextLine ID="r3l69"
                         BASELINE="1320"
                         HEIGHT="41"
                         WIDTH="551"
                         VPOS="1279"
                         HPOS="791">
                  <String HEIGHT="41" WIDTH="92" VPOS="1279" HPOS="778" CONTENT="dem"/>
                  <SP HEIGHT="41" WIDTH="13" VPOS="1279" HPOS="870"/>
                  <String HEIGHT="41" WIDTH="79" VPOS="1279" HPOS="830" CONTENT="ad"/>
                  <SP HEIGHT="41" WIDTH="13" VPOS="1279" HPOS="909"/>
                  <String HEIGHT="41"
                          WIDTH="171"
                          VPOS="1279"
                          HPOS="870"
                          CONTENT="probandum"/>
                  <SP HEIGHT="41" WIDTH="13" VPOS="1279" HPOS="1040"/>
                  <String HEIGHT="41"
                          WIDTH="131"
                          VPOS="1279"
                          HPOS="1001"
                          CONTENT="primum"/>
                  <SP HEIGHT="41" WIDTH="13" VPOS="1279" HPOS="1132"/>
                  <String HEIGHT="41"
                          WIDTH="144"
                          VPOS="1279"
                          HPOS="1093"
                          CONTENT="motorem"/>
                  <SP HEIGHT="41" WIDTH="13" VPOS="1279" HPOS="1237"/>
                  <String HEIGHT="41"
                          WIDTH="105"
                          VPOS="1279"
                          HPOS="1198"
                          CONTENT="esse"/>
                  <SP HEIGHT="41" WIDTH="13" VPOS="1279" HPOS="1303"/>
                  <String HEIGHT="41"
                          WIDTH="92"
                          VPOS="1279"
                          HPOS="1250"
                          CONTENT="vnum."/>
               </TextLine>
               <TextLine ID="r3l71"
                         BASELINE="1357"
                         HEIGHT="46"
                         WIDTH="515"
                         VPOS="1311"
                         HPOS="827">
                  <String HEIGHT="46" WIDTH="88" VPOS="1311" HPOS="814" CONTENT="Sed"/>
                  <SP HEIGHT="46" WIDTH="13" VPOS="1311" HPOS="902"/>
                  <String HEIGHT="46"
                          WIDTH="126"
                          VPOS="1311"
                          HPOS="865"
                          CONTENT="posset"/>
                  <SP HEIGHT="46" WIDTH="13" VPOS="1311" HPOS="990"/>
                  <String HEIGHT="46"
                          WIDTH="138"
                          VPOS="1311"
                          HPOS="953"
                          CONTENT="aliquis"/>
                  <SP HEIGHT="46" WIDTH="13" VPOS="1311" HPOS="1091"/>
                  <String HEIGHT="46"
                          WIDTH="126"
                          VPOS="1311"
                          HPOS="1053"
                          CONTENT="dicere"/>
                  <SP HEIGHT="46" WIDTH="13" VPOS="1311" HPOS="1179"/>
                  <String HEIGHT="46"
                          WIDTH="100"
                          VPOS="1311"
                          HPOS="1141"
                          CONTENT="quod"/>
                  <SP HEIGHT="46" WIDTH="13" VPOS="1311" HPOS="1242"/>
                  <String HEIGHT="46"
                          WIDTH="151"
                          VPOS="1311"
                          HPOS="1191"
                          CONTENT="existentia"/>
               </TextLine>
               <TextLine ID="r3l73"
                         BASELINE="1390"
                         HEIGHT="44"
                         WIDTH="546"
                         VPOS="1346"
                         HPOS="795">
                  <String HEIGHT="44" WIDTH="91" VPOS="1346" HPOS="782" CONTENT="Dei"/>
                  <SP HEIGHT="44" WIDTH="13" VPOS="1346" HPOS="873"/>
                  <String HEIGHT="44" WIDTH="91" VPOS="1346" HPOS="834" CONTENT="non"/>
                  <SP HEIGHT="44" WIDTH="13" VPOS="1346" HPOS="925"/>
                  <String HEIGHT="44"
                          WIDTH="156"
                          VPOS="1346"
                          HPOS="886"
                          CONTENT="dependet"/>
                  <SP HEIGHT="44" WIDTH="13" VPOS="1346" HPOS="1042"/>
                  <String HEIGHT="44" WIDTH="65" VPOS="1346" HPOS="1003" CONTENT="a"/>
                  <SP HEIGHT="44" WIDTH="13" VPOS="1346" HPOS="1068"/>
                  <String HEIGHT="44"
                          WIDTH="117"
                          VPOS="1346"
                          HPOS="1029"
                          CONTENT="motu,"/>
                  <SP HEIGHT="44" WIDTH="13" VPOS="1346" HPOS="1146"/>
                  <String HEIGHT="44" WIDTH="65" VPOS="1346" HPOS="1107" CONTENT="&amp;"/>
                  <SP HEIGHT="44" WIDTH="13" VPOS="1346" HPOS="1172"/>
                  <String HEIGHT="44"
                          WIDTH="104"
                          VPOS="1346"
                          HPOS="1133"
                          CONTENT="ideo"/>
                  <SP HEIGHT="44" WIDTH="13" VPOS="1346" HPOS="1237"/>
                  <String HEIGHT="44" WIDTH="78" VPOS="1346" HPOS="1198" CONTENT="ex"/>
                  <SP HEIGHT="44" WIDTH="13" VPOS="1346" HPOS="1276"/>
                  <String HEIGHT="44"
                          WIDTH="117"
                          VPOS="1346"
                          HPOS="1224"
                          CONTENT="vnitate"/>
               </TextLine>
               <TextLine ID="r3l75"
                         BASELINE="1423"
                         HEIGHT="40"
                         WIDTH="543"
                         VPOS="1383"
                         HPOS="799">
                  <String HEIGHT="40"
                          WIDTH="114"
                          VPOS="1383"
                          HPOS="786"
                          CONTENT="motus"/>
                  <SP HEIGHT="40" WIDTH="13" VPOS="1383" HPOS="900"/>
                  <String HEIGHT="40" WIDTH="88" VPOS="1383" HPOS="862" CONTENT="non"/>
                  <SP HEIGHT="40" WIDTH="13" VPOS="1383" HPOS="951"/>
                  <String HEIGHT="40"
                          WIDTH="177"
                          VPOS="1383"
                          HPOS="913"
                          CONTENT="necessario"/>
                  <SP HEIGHT="40" WIDTH="13" VPOS="1383" HPOS="1089"/>
                  <String HEIGHT="40"
                          WIDTH="189"
                          VPOS="1383"
                          HPOS="1052"
                          CONTENT="concluditur"/>
                  <SP HEIGHT="40" WIDTH="13" VPOS="1383" HPOS="1241"/>
                  <String HEIGHT="40"
                          WIDTH="126"
                          VPOS="1383"
                          HPOS="1203"
                          CONTENT="vnitas"/>
                  <SP HEIGHT="40" WIDTH="13" VPOS="1383" HPOS="1329"/>
                  <String HEIGHT="40"
                          WIDTH="63"
                          VPOS="1383"
                          HPOS="1279"
                          CONTENT="Dei"/>
               </TextLine>
               <TextLine ID="r3l77"
                         BASELINE="1458"
                         HEIGHT="39"
                         WIDTH="557"
                         VPOS="1419"
                         HPOS="787">
                  <String HEIGHT="39" WIDTH="87" VPOS="1419" HPOS="775" CONTENT="nam"/>
                  <SP HEIGHT="39" WIDTH="12" VPOS="1419" HPOS="861"/>
                  <String HEIGHT="39" WIDTH="87" VPOS="1419" HPOS="824" CONTENT="cum"/>
                  <SP HEIGHT="39" WIDTH="12" VPOS="1419" HPOS="911"/>
                  <String HEIGHT="39"
                          WIDTH="111"
                          VPOS="1419"
                          HPOS="874"
                          CONTENT="motus"/>
                  <SP HEIGHT="39" WIDTH="12" VPOS="1419" HPOS="985"/>
                  <String HEIGHT="39" WIDTH="87" VPOS="1419" HPOS="948" CONTENT="nil"/>
                  <SP HEIGHT="39" WIDTH="12" VPOS="1419" HPOS="1035"/>
                  <String HEIGHT="39"
                          WIDTH="124"
                          VPOS="1419"
                          HPOS="997"
                          CONTENT="faciat"/>
                  <SP HEIGHT="39" WIDTH="12" VPOS="1419" HPOS="1121"/>
                  <String HEIGHT="39" WIDTH="74" VPOS="1419" HPOS="1084" CONTENT="ad"/>
                  <SP HEIGHT="39" WIDTH="12" VPOS="1419" HPOS="1158"/>
                  <String HEIGHT="39"
                          WIDTH="136"
                          VPOS="1419"
                          HPOS="1121"
                          CONTENT="diuinam"/>
                  <SP HEIGHT="39" WIDTH="12" VPOS="1419" HPOS="1257"/>
                  <String HEIGHT="39"
                          WIDTH="136"
                          VPOS="1419"
                          HPOS="1208"
                          CONTENT="perfectio"/>
               </TextLine>
               <TextLine ID="r3l79"
                         BASELINE="1492"
                         HEIGHT="40"
                         WIDTH="557"
                         VPOS="1452"
                         HPOS="792">
                  <String HEIGHT="40"
                          WIDTH="109"
                          VPOS="1452"
                          HPOS="778"
                          CONTENT="nem,"/>
                  <SP HEIGHT="40" WIDTH="14" VPOS="1452" HPOS="887"/>
                  <String HEIGHT="40" WIDTH="68" VPOS="1452" HPOS="846" CONTENT="&amp;"/>
                  <SP HEIGHT="40" WIDTH="14" VPOS="1452" HPOS="914"/>
                  <String HEIGHT="40" WIDTH="82" VPOS="1452" HPOS="874" CONTENT="ad"/>
                  <SP HEIGHT="40" WIDTH="14" VPOS="1452" HPOS="955"/>
                  <String HEIGHT="40"
                          WIDTH="109"
                          VPOS="1452"
                          HPOS="914"
                          CONTENT="suam"/>
                  <SP HEIGHT="40" WIDTH="14" VPOS="1452" HPOS="1023"/>
                  <String HEIGHT="40"
                          WIDTH="217"
                          VPOS="1452"
                          HPOS="982"
                          CONTENT="existentiam,"/>
                  <SP HEIGHT="40" WIDTH="14" VPOS="1452" HPOS="1200"/>
                  <String HEIGHT="40"
                          WIDTH="163"
                          VPOS="1452"
                          HPOS="1159"
                          CONTENT="videtur,"/>
                  <SP HEIGHT="40" WIDTH="14" VPOS="1452" HPOS="1322"/>
                  <String HEIGHT="40"
                          WIDTH="82"
                          VPOS="1452"
                          HPOS="1267"
                          CONTENT="quod"/>
               </TextLine>
               <TextLine ID="r3l81"
                         BASELINE="1523"
                         HEIGHT="39"
                         WIDTH="554"
                         VPOS="1484"
                         HPOS="795">
                  <String HEIGHT="39" WIDTH="74" VPOS="1484" HPOS="783" CONTENT="ex"/>
                  <SP HEIGHT="39" WIDTH="12" VPOS="1484" HPOS="857"/>
                  <String HEIGHT="39"
                          WIDTH="98"
                          VPOS="1484"
                          HPOS="820"
                          CONTENT="ista"/>
                  <SP HEIGHT="39" WIDTH="12" VPOS="1484" HPOS="918"/>
                  <String HEIGHT="39"
                          WIDTH="111"
                          VPOS="1484"
                          HPOS="881"
                          CONTENT="parte"/>
                  <SP HEIGHT="39" WIDTH="12" VPOS="1484" HPOS="992"/>
                  <String HEIGHT="39" WIDTH="86" VPOS="1484" HPOS="955" CONTENT="non"/>
                  <SP HEIGHT="39" WIDTH="12" VPOS="1484" HPOS="1041"/>
                  <String HEIGHT="39"
                          WIDTH="148"
                          VPOS="1484"
                          HPOS="1004"
                          CONTENT="repugnet"/>
                  <SP HEIGHT="39" WIDTH="12" VPOS="1484" HPOS="1152"/>
                  <String HEIGHT="39"
                          WIDTH="98"
                          VPOS="1484"
                          HPOS="1115"
                          CONTENT="esse"/>
                  <SP HEIGHT="39" WIDTH="12" VPOS="1484" HPOS="1214"/>
                  <String HEIGHT="39"
                          WIDTH="123"
                          VPOS="1484"
                          HPOS="1177"
                          CONTENT="plures"/>
                  <SP HEIGHT="39" WIDTH="12" VPOS="1484" HPOS="1300"/>
                  <String HEIGHT="39"
                          WIDTH="111"
                          VPOS="1484"
                          HPOS="1263"
                          CONTENT="Deos,"/>
                  <SP HEIGHT="39" WIDTH="12" VPOS="1484" HPOS="1374"/>
                  <String HEIGHT="39" WIDTH="25" VPOS="1484" HPOS="1324" CONTENT=""/>
               </TextLine>
               <TextLine ID="r3l83"
                         BASELINE="1559"
                         HEIGHT="35"
                         WIDTH="553"
                         VPOS="1524"
                         HPOS="788">
                  <String HEIGHT="35"
                          WIDTH="115"
                          VPOS="1524"
                          HPOS="776"
                          CONTENT="nullus"/>
                  <SP HEIGHT="35" WIDTH="12" VPOS="1524" HPOS="892"/>
                  <String HEIGHT="35"
                          WIDTH="104"
                          VPOS="1524"
                          HPOS="857"
                          CONTENT="tamen"/>
                  <SP HEIGHT="35" WIDTH="12" VPOS="1524" HPOS="961"/>
                  <String HEIGHT="35"
                          WIDTH="104"
                          VPOS="1524"
                          HPOS="926"
                          CONTENT="eorum"/>
                  <SP HEIGHT="35" WIDTH="12" VPOS="1524" HPOS="1030"/>
                  <String HEIGHT="35"
                          WIDTH="127"
                          VPOS="1524"
                          HPOS="995"
                          CONTENT="habebit"/>
                  <SP HEIGHT="35" WIDTH="12" VPOS="1524" HPOS="1122"/>
                  <String HEIGHT="35"
                          WIDTH="173"
                          VPOS="1524"
                          HPOS="1088"
                          CONTENT="habitudinem"/>
                  <SP HEIGHT="35" WIDTH="12" VPOS="1524" HPOS="1260"/>
                  <String HEIGHT="35" WIDTH="69" VPOS="1524" HPOS="1226" CONTENT="ad"/>
                  <SP HEIGHT="35" WIDTH="12" VPOS="1524" HPOS="1295"/>
                  <String HEIGHT="35"
                          WIDTH="92"
                          VPOS="1524"
                          HPOS="1249"
                          CONTENT="motum."/>
               </TextLine>
               <TextLine ID="r3l85"
                         BASELINE="1595"
                         HEIGHT="40"
                         WIDTH="520"
                         VPOS="1555"
                         HPOS="824">
                  <String HEIGHT="40" WIDTH="82" VPOS="1555" HPOS="810" CONTENT="Ad"/>
                  <SP HEIGHT="40" WIDTH="14" VPOS="1555" HPOS="892"/>
                  <String HEIGHT="40"
                          WIDTH="123"
                          VPOS="1555"
                          HPOS="851"
                          CONTENT="istam"/>
                  <SP HEIGHT="40" WIDTH="14" VPOS="1555" HPOS="975"/>
                  <String HEIGHT="40"
                          WIDTH="192"
                          VPOS="1555"
                          HPOS="933"
                          CONTENT="instantiam"/>
                  <SP HEIGHT="40" WIDTH="14" VPOS="1555" HPOS="1125"/>
                  <String HEIGHT="40"
                          WIDTH="123"
                          VPOS="1555"
                          HPOS="1084"
                          CONTENT="dico,"/>
                  <SP HEIGHT="40" WIDTH="14" VPOS="1555" HPOS="1207"/>
                  <String HEIGHT="40"
                          WIDTH="109"
                          VPOS="1555"
                          HPOS="1166"
                          CONTENT="quod"/>
                  <SP HEIGHT="40" WIDTH="14" VPOS="1555" HPOS="1276"/>
                  <String HEIGHT="40"
                          WIDTH="123"
                          VPOS="1555"
                          HPOS="1221"
                          CONTENT="quamuis"/>
               </TextLine>
               <TextLine ID="r3l87"
                         BASELINE="1624"
                         HEIGHT="35"
                         WIDTH="563"
                         VPOS="1589"
                         HPOS="790">
                  <String HEIGHT="35"
                          WIDTH="192"
                          VPOS="1589"
                          HPOS="776"
                          CONTENT="existentia"/>
                  <SP HEIGHT="35" WIDTH="14" VPOS="1589" HPOS="969"/>
                  <String HEIGHT="35" WIDTH="96" VPOS="1589" HPOS="927" CONTENT="Dei"/>
                  <SP HEIGHT="35" WIDTH="14" VPOS="1589" HPOS="1023"/>
                  <String HEIGHT="35" WIDTH="69" VPOS="1589" HPOS="982" CONTENT="a"/>
                  <SP HEIGHT="35" WIDTH="14" VPOS="1589" HPOS="1051"/>
                  <String HEIGHT="35"
                          WIDTH="110"
                          VPOS="1589"
                          HPOS="1010"
                          CONTENT="motu"/>
                  <SP HEIGHT="35" WIDTH="14" VPOS="1589" HPOS="1120"/>
                  <String HEIGHT="35"
                          WIDTH="96"
                          VPOS="1589"
                          HPOS="1078"
                          CONTENT="non"/>
                  <SP HEIGHT="35" WIDTH="14" VPOS="1589" HPOS="1174"/>
                  <String HEIGHT="35"
                          WIDTH="192"
                          VPOS="1589"
                          HPOS="1133"
                          CONTENT="dependeat,"/>
                  <SP HEIGHT="35" WIDTH="14" VPOS="1589" HPOS="1326"/>
                  <String HEIGHT="35"
                          WIDTH="82"
                          VPOS="1589"
                          HPOS="1271"
                          CONTENT="quia"/>
               </TextLine>
               <TextLine ID="r3l89"
                         BASELINE="1658"
                         HEIGHT="37"
                         WIDTH="558"
                         VPOS="1621"
                         HPOS="795">
                  <String HEIGHT="37" WIDTH="89" VPOS="1621" HPOS="782" CONTENT="non"/>
                  <SP HEIGHT="37" WIDTH="13" VPOS="1621" HPOS="871"/>
                  <String HEIGHT="37"
                          WIDTH="140"
                          VPOS="1621"
                          HPOS="833"
                          CONTENT="accipit"/>
                  <SP HEIGHT="37" WIDTH="13" VPOS="1621" HPOS="973"/>
                  <String HEIGHT="37" WIDTH="89" VPOS="1621" HPOS="935" CONTENT="per"/>
                  <SP HEIGHT="37" WIDTH="13" VPOS="1621" HPOS="1023"/>
                  <String HEIGHT="37"
                          WIDTH="114"
                          VPOS="1621"
                          HPOS="985"
                          CONTENT="ipsum"/>
                  <SP HEIGHT="37" WIDTH="13" VPOS="1621" HPOS="1099"/>
                  <String HEIGHT="37"
                          WIDTH="140"
                          VPOS="1621"
                          HPOS="1061"
                          CONTENT="aliquod"/>
                  <SP HEIGHT="37" WIDTH="13" VPOS="1621" HPOS="1201"/>
                  <String HEIGHT="37"
                          WIDTH="114"
                          VPOS="1621"
                          HPOS="1163"
                          CONTENT="esse,"/>
                  <SP HEIGHT="37" WIDTH="13" VPOS="1621" HPOS="1277"/>
                  <String HEIGHT="37"
                          WIDTH="89"
                          VPOS="1621"
                          HPOS="1239"
                          CONTENT="nec"/>
                  <SP HEIGHT="37" WIDTH="13" VPOS="1621" HPOS="1328"/>
                  <String HEIGHT="37"
                          WIDTH="76"
                          VPOS="1621"
                          HPOS="1277"
                          CONTENT="ali"
                          SUBS_TYPE="HypPart1"
                          SUBS_CONTENT="aliquam"/>
                  <HYP CONTENT="-"/>
               </TextLine>
               <TextLine ID="r3l91"
                         BASELINE="1700"
                         HEIGHT="44"
                         WIDTH="562"
                         VPOS="1656"
                         HPOS="787">
                  <String HEIGHT="44"
                          WIDTH="107"
                          VPOS="1656"
                          HPOS="774"
                          CONTENT="quam"
                          SUBS_TYPE="HypPart2"
                          SUBS_CONTENT="aliquam"/>
                  <SP HEIGHT="44" WIDTH="13" VPOS="1656" HPOS="881"/>
                  <String HEIGHT="44"
                          WIDTH="227"
                          VPOS="1656"
                          HPOS="841"
                          CONTENT="perfectionem:"/>
                  <SP HEIGHT="44" WIDTH="13" VPOS="1656" HPOS="1068"/>
                  <String HEIGHT="44"
                          WIDTH="214"
                          VPOS="1656"
                          HPOS="1028"
                          CONTENT="intrinsecam,"/>
                  <SP HEIGHT="44" WIDTH="13" VPOS="1656" HPOS="1242"/>
                  <String HEIGHT="44"
                          WIDTH="107"
                          VPOS="1656"
                          HPOS="1202"
                          CONTENT="quam"/>
                  <SP HEIGHT="44" WIDTH="13" VPOS="1656" HPOS="1309"/>
                  <String HEIGHT="44"
                          WIDTH="94"
                          VPOS="1656"
                          HPOS="1255"
                          CONTENT="prius"/>
               </TextLine>
               <TextLine ID="r3l93"
                         BASELINE="1733"
                         HEIGHT="44"
                         WIDTH="563"
                         VPOS="1689"
                         HPOS="786">
                  <String HEIGHT="44"
                          WIDTH="101"
                          VPOS="1689"
                          HPOS="772"
                          CONTENT="non"/>
                  <SP HEIGHT="44" WIDTH="14" VPOS="1689" HPOS="873"/>
                  <String HEIGHT="44"
                          WIDTH="173"
                          VPOS="1689"
                          HPOS="829"
                          CONTENT="haberet,"/>
                  <SP HEIGHT="44" WIDTH="14" VPOS="1689" HPOS="1003"/>
                  <String HEIGHT="44"
                          WIDTH="173"
                          VPOS="1689"
                          HPOS="959"
                          CONTENT="secundum"/>
                  <SP HEIGHT="44" WIDTH="14" VPOS="1689" HPOS="1132"/>
                  <String HEIGHT="44"
                          WIDTH="130"
                          VPOS="1689"
                          HPOS="1089"
                          CONTENT="tamen"/>
                  <SP HEIGHT="44" WIDTH="14" VPOS="1689" HPOS="1219"/>
                  <String HEIGHT="44"
                          WIDTH="144"
                          VPOS="1689"
                          HPOS="1176"
                          CONTENT="mentem"/>
                  <SP HEIGHT="44" WIDTH="14" VPOS="1689" HPOS="1320"/>
                  <String HEIGHT="44"
                          WIDTH="87"
                          VPOS="1689"
                          HPOS="1262"
                          CONTENT="Phy"
                          SUBS_TYPE="HypPart1"
                          SUBS_CONTENT="Phylosophi,"/>
                  <HYP CONTENT="-"/>
               </TextLine>
               <TextLine ID="r3l97"
                         BASELINE="1763"
                         HEIGHT="41"
                         WIDTH="556"
                         VPOS="1722"
                         HPOS="787">
                  <String HEIGHT="41"
                          WIDTH="163"
                          VPOS="1722"
                          HPOS="773"
                          CONTENT="losophi,"
                          SUBS_TYPE="HypPart2"
                          SUBS_CONTENT="Phylosophi,"/>
                  <SP HEIGHT="41" WIDTH="14" VPOS="1722" HPOS="936"/>
                  <String HEIGHT="41" WIDTH="68" VPOS="1722" HPOS="895" CONTENT="&amp;"/>
                  <SP HEIGHT="41" WIDTH="14" VPOS="1722" HPOS="963"/>
                  <String HEIGHT="41"
                          WIDTH="244"
                          VPOS="1722"
                          HPOS="923"
                          CONTENT="Commentatoris,"/>
                  <SP HEIGHT="41" WIDTH="14" VPOS="1722" HPOS="1167"/>
                  <String HEIGHT="41"
                          WIDTH="136"
                          VPOS="1722"
                          HPOS="1126"
                          CONTENT="quorum"/>
                  <SP HEIGHT="41" WIDTH="14" VPOS="1722" HPOS="1262"/>
                  <String HEIGHT="41"
                          WIDTH="95"
                          VPOS="1722"
                          HPOS="1221"
                          CONTENT="est"/>
                  <SP HEIGHT="41" WIDTH="14" VPOS="1722" HPOS="1316"/>
                  <String HEIGHT="41"
                          WIDTH="81"
                          VPOS="1722"
                          HPOS="1262"
                          CONTENT="ista"/>
               </TextLine>
               <TextLine ID="r3l99"
                         BASELINE="1797"
                         HEIGHT="40"
                         WIDTH="550"
                         VPOS="1757"
                         HPOS="789">
                  <String HEIGHT="40"
                          WIDTH="120"
                          VPOS="1757"
                          HPOS="777"
                          CONTENT="ratio,"/>
                  <SP HEIGHT="40" WIDTH="12" VPOS="1757" HPOS="897"/>
                  <String HEIGHT="40"
                          WIDTH="167"
                          VPOS="1757"
                          HPOS="861"
                          CONTENT="existentia"/>
                  <SP HEIGHT="40" WIDTH="12" VPOS="1757" HPOS="1028"/>
                  <String HEIGHT="40" WIDTH="84" VPOS="1757" HPOS="992" CONTENT="Dei"/>
                  <SP HEIGHT="40" WIDTH="12" VPOS="1757" HPOS="1076"/>
                  <String HEIGHT="40"
                          WIDTH="167"
                          VPOS="1757"
                          HPOS="1040"
                          CONTENT="necessario"/>
                  <SP HEIGHT="40" WIDTH="12" VPOS="1757" HPOS="1207"/>
                  <String HEIGHT="40"
                          WIDTH="120"
                          VPOS="1757"
                          HPOS="1172"
                          CONTENT="exigit"/>
                  <SP HEIGHT="40" WIDTH="12" VPOS="1757" HPOS="1291"/>
                  <String HEIGHT="40"
                          WIDTH="96"
                          VPOS="1757"
                          HPOS="1243"
                          CONTENT="motum,"/>
               </TextLine>
               <TextLine ID="r3l102"
                         BASELINE="1835"
                         HEIGHT="40"
                         WIDTH="558"
                         VPOS="1795"
                         HPOS="787">
                  <String HEIGHT="40"
                          WIDTH="150"
                          VPOS="1795"
                          HPOS="773"
                          CONTENT="tanquam"/>
                  <SP HEIGHT="40" WIDTH="14" VPOS="1795" HPOS="923"/>
                  <String HEIGHT="40"
                          WIDTH="163"
                          VPOS="1795"
                          HPOS="882"
                          CONTENT="aliquid,"/>
                  <SP HEIGHT="40" WIDTH="14" VPOS="1795" HPOS="1046"/>
                  <String HEIGHT="40"
                          WIDTH="109"
                          VPOS="1795"
                          HPOS="1005"
                          CONTENT="quod"/>
                  <SP HEIGHT="40" WIDTH="14" VPOS="1795" HPOS="1114"/>
                  <String HEIGHT="40"
                          WIDTH="191"
                          VPOS="1795"
                          HPOS="1073"
                          CONTENT="necessario"/>
                  <SP HEIGHT="40" WIDTH="14" VPOS="1795" HPOS="1263"/>
                  <String HEIGHT="40"
                          WIDTH="136"
                          VPOS="1795"
                          HPOS="1209"
                          CONTENT="consequi"/>
               </TextLine>
               <TextLine ID="r3l104"
                         BASELINE="1867"
                         HEIGHT="43"
                         WIDTH="556"
                         VPOS="1824"
                         HPOS="793">
                  <String HEIGHT="43" WIDTH="95" VPOS="1824" HPOS="779" CONTENT="tur"/>
                  <SP HEIGHT="43" WIDTH="14" VPOS="1824" HPOS="874"/>
                  <String HEIGHT="43" WIDTH="81" VPOS="1824" HPOS="834" CONTENT="ad"/>
                  <SP HEIGHT="43" WIDTH="14" VPOS="1824" HPOS="915"/>
                  <String HEIGHT="43"
                          WIDTH="108"
                          VPOS="1824"
                          HPOS="874"
                          CONTENT="suum"/>
                  <SP HEIGHT="43" WIDTH="14" VPOS="1824" HPOS="983"/>
                  <String HEIGHT="43"
                          WIDTH="122"
                          VPOS="1824"
                          HPOS="942"
                          CONTENT="esse,"/>
                  <SP HEIGHT="43" WIDTH="14" VPOS="1824" HPOS="1064"/>
                  <String HEIGHT="43" WIDTH="68" VPOS="1824" HPOS="1024" CONTENT="&amp;"/>
                  <SP HEIGHT="43" WIDTH="14" VPOS="1824" HPOS="1091"/>
                  <String HEIGHT="43" WIDTH="81" VPOS="1824" HPOS="1051" CONTENT="ad"/>
                  <SP HEIGHT="43" WIDTH="14" VPOS="1824" HPOS="1132"/>
                  <String HEIGHT="43"
                          WIDTH="108"
                          VPOS="1824"
                          HPOS="1091"
                          CONTENT="suam"/>
                  <SP HEIGHT="43" WIDTH="14" VPOS="1824" HPOS="1200"/>
                  <String HEIGHT="43"
                          WIDTH="203"
                          VPOS="1824"
                          HPOS="1146"
                          CONTENT="perfectionem."/>
               </TextLine>
               <TextLine ID="r3l106"
                         BASELINE="1906"
                         HEIGHT="47"
                         WIDTH="549"
                         VPOS="1859"
                         HPOS="796">
                  <String HEIGHT="47"
                          WIDTH="134"
                          VPOS="1859"
                          HPOS="781"
                          CONTENT="Vnde,"/>
                  <SP HEIGHT="47" WIDTH="15" VPOS="1859" HPOS="915"/>
                  <String HEIGHT="47" WIDTH="74" VPOS="1859" HPOS="870" CONTENT="&amp;"/>
                  <SP HEIGHT="47" WIDTH="15" VPOS="1859" HPOS="944"/>
                  <String HEIGHT="47"
                          WIDTH="223"
                          VPOS="1859"
                          HPOS="900"
                          CONTENT="Commentator"/>
                  <SP HEIGHT="47" WIDTH="15" VPOS="1859" HPOS="1122"/>
                  <String HEIGHT="47" WIDTH="89" VPOS="1859" HPOS="1078" CONTENT="12"/>
                  <SP HEIGHT="47" WIDTH="15" VPOS="1859" HPOS="1167"/>
                  <String HEIGHT="47"
                          WIDTH="134"
                          VPOS="1859"
                          HPOS="1122"
                          CONTENT="Meth."/>
                  <SP HEIGHT="47" WIDTH="15" VPOS="1859" HPOS="1256"/>
                  <String HEIGHT="47"
                          WIDTH="119"
                          VPOS="1859"
                          HPOS="1211"
                          CONTENT="com."/>
                  <SP HEIGHT="47" WIDTH="15" VPOS="1859" HPOS="1330"/>
                  <String HEIGHT="47"
                          WIDTH="74"
                          VPOS="1859"
                          HPOS="1271"
                          CONTENT="35."/>
               </TextLine>
               <TextLine ID="r3l107"
                         BASELINE="1933"
                         HEIGHT="43"
                         WIDTH="551"
                         VPOS="1890"
                         HPOS="793">
                  <String HEIGHT="43"
                          WIDTH="122"
                          VPOS="1890"
                          HPOS="781"
                          CONTENT="dicit,"/>
                  <SP HEIGHT="43" WIDTH="12" VPOS="1890" HPOS="903"/>
                  <String HEIGHT="43"
                          WIDTH="98"
                          VPOS="1890"
                          HPOS="866"
                          CONTENT="quod"/>
                  <SP HEIGHT="43" WIDTH="12" VPOS="1890" HPOS="964"/>
                  <String HEIGHT="43"
                          WIDTH="110"
                          VPOS="1890"
                          HPOS="928"
                          CONTENT="motus"/>
                  <SP HEIGHT="43" WIDTH="12" VPOS="1890" HPOS="1038"/>
                  <String HEIGHT="43"
                          WIDTH="86"
                          VPOS="1890"
                          HPOS="1001"
                          CONTENT="non"/>
                  <SP HEIGHT="43" WIDTH="12" VPOS="1890" HPOS="1087"/>
                  <String HEIGHT="43"
                          WIDTH="86"
                          VPOS="1890"
                          HPOS="1050"
                          CONTENT="est"/>
                  <SP HEIGHT="43" WIDTH="12" VPOS="1890" HPOS="1136"/>
                  <String HEIGHT="43"
                          WIDTH="110"
                          VPOS="1890"
                          HPOS="1099"
                          CONTENT="prima"/>
                  <SP HEIGHT="43" WIDTH="12" VPOS="1890" HPOS="1209"/>
                  <String HEIGHT="43"
                          WIDTH="159"
                          VPOS="1890"
                          HPOS="1173"
                          CONTENT="perfectio"/>
                  <SP HEIGHT="43" WIDTH="12" VPOS="1890" HPOS="1332"/>
                  <String HEIGHT="43"
                          WIDTH="61"
                          VPOS="1890"
                          HPOS="1283"
                          CONTENT="cor"/>
               </TextLine>
               <TextLine ID="r3l109"
                         BASELINE="1969"
                         HEIGHT="38"
                         WIDTH="543"
                         VPOS="1931"
                         HPOS="799">
                  <String HEIGHT="38"
                          WIDTH="116"
                          VPOS="1931"
                          HPOS="786"
                          CONTENT="porum"/>
                  <SP HEIGHT="38" WIDTH="13" VPOS="1931" HPOS="902"/>
                  <String HEIGHT="38"
                          WIDTH="194"
                          VPOS="1931"
                          HPOS="864"
                          CONTENT="coelestium,"/>
                  <SP HEIGHT="38" WIDTH="13" VPOS="1931" HPOS="1058"/>
                  <String HEIGHT="38" WIDTH="65" VPOS="1931" HPOS="1019" CONTENT="&amp;"/>
                  <SP HEIGHT="38" WIDTH="13" VPOS="1931" HPOS="1083"/>
                  <String HEIGHT="38"
                          WIDTH="259"
                          VPOS="1931"
                          HPOS="1045"
                          CONTENT="intelligentiarum"/>
                  <SP HEIGHT="38" WIDTH="13" VPOS="1931" HPOS="1303"/>
                  <String HEIGHT="38"
                          WIDTH="91"
                          VPOS="1931"
                          HPOS="1252"
                          CONTENT="mouen"/>
               </TextLine>
               <TextLine ID="r3l111"
                         BASELINE="2006"
                         HEIGHT="42"
                         WIDTH="552"
                         VPOS="1964"
                         HPOS="789">
                  <String HEIGHT="42"
                          WIDTH="118"
                          VPOS="1964"
                          HPOS="776"
                          CONTENT="tium,"/>
                  <SP HEIGHT="42" WIDTH="13" VPOS="1964" HPOS="894"/>
                  <String HEIGHT="42" WIDTH="92" VPOS="1964" HPOS="855" CONTENT="est"/>
                  <SP HEIGHT="42" WIDTH="13" VPOS="1964" HPOS="947"/>
                  <String HEIGHT="42"
                          WIDTH="118"
                          VPOS="1964"
                          HPOS="907"
                          CONTENT="tamen"/>
                  <SP HEIGHT="42" WIDTH="13" VPOS="1964" HPOS="1026"/>
                  <String HEIGHT="42"
                          WIDTH="184"
                          VPOS="1964"
                          HPOS="986"
                          CONTENT="consequens"/>
                  <SP HEIGHT="42" WIDTH="13" VPOS="1964" HPOS="1170"/>
                  <String HEIGHT="42"
                          WIDTH="158"
                          VPOS="1964"
                          HPOS="1131"
                          CONTENT="primario"/>
                  <SP HEIGHT="42" WIDTH="13" VPOS="1964" HPOS="1288"/>
                  <String HEIGHT="42"
                          WIDTH="105"
                          VPOS="1964"
                          HPOS="1236"
                          CONTENT="perfe"
                          SUBS_TYPE="HypPart1"
                          SUBS_CONTENT="perfectionem"/>
                  <HYP CONTENT="-"/>
               </TextLine>
               <TextLine ID="r3l113"
                         BASELINE="2035"
                         HEIGHT="36"
                         WIDTH="560"
                         VPOS="1999"
                         HPOS="787">
                  <String HEIGHT="36"
                          WIDTH="137"
                          VPOS="1999"
                          HPOS="775"
                          CONTENT="ctionem"
                          SUBS_TYPE="HypPart2"
                          SUBS_CONTENT="perfectionem"/>
                  <SP HEIGHT="36" WIDTH="12" VPOS="1999" HPOS="911"/>
                  <String HEIGHT="36"
                          WIDTH="124"
                          VPOS="1999"
                          HPOS="874"
                          CONTENT="earum."/>
                  <SP HEIGHT="36" WIDTH="12" VPOS="1999" HPOS="999"/>
                  <String HEIGHT="36" WIDTH="75" VPOS="1999" HPOS="961" CONTENT="Et"/>
                  <SP HEIGHT="36" WIDTH="12" VPOS="1999" HPOS="1036"/>
                  <String HEIGHT="36"
                          WIDTH="100"
                          VPOS="1999"
                          HPOS="999"
                          CONTENT="ideo"/>
                  <SP HEIGHT="36" WIDTH="12" VPOS="1999" HPOS="1098"/>
                  <String HEIGHT="36"
                          WIDTH="137"
                          VPOS="1999"
                          HPOS="1061"
                          CONTENT="propter"/>
                  <SP HEIGHT="36" WIDTH="12" VPOS="1999" HPOS="1198"/>
                  <String HEIGHT="36"
                          WIDTH="112"
                          VPOS="1999"
                          HPOS="1160"
                          CONTENT="istam"/>
                  <SP HEIGHT="36" WIDTH="12" VPOS="1999" HPOS="1272"/>
                  <String HEIGHT="36"
                          WIDTH="124"
                          VPOS="1999"
                          HPOS="1223"
                          CONTENT="necessa"
                          SUBS_TYPE="HypPart1"
                          SUBS_CONTENT="necessariam"/>
                  <HYP CONTENT="-"/>
               </TextLine>
               <TextLine ID="r3l115"
                         BASELINE="2067"
                         HEIGHT="37"
                         WIDTH="549"
                         VPOS="2030"
                         HPOS="791">
                  <String HEIGHT="37"
                          WIDTH="110"
                          VPOS="2030"
                          HPOS="777"
                          CONTENT="riam"
                          SUBS_TYPE="HypPart2"
                          SUBS_CONTENT="necessariam"/>
                  <SP HEIGHT="37" WIDTH="14" VPOS="2030" HPOS="887"/>
                  <String HEIGHT="37"
                          WIDTH="247"
                          VPOS="2030"
                          HPOS="846"
                          CONTENT="consecutionem,"/>
                  <SP HEIGHT="37" WIDTH="14" VPOS="2030" HPOS="1093"/>
                  <String HEIGHT="37"
                          WIDTH="137"
                          VPOS="2030"
                          HPOS="1052"
                          CONTENT="saltem"/>
                  <SP HEIGHT="37" WIDTH="14" VPOS="2030" HPOS="1189"/>
                  <String HEIGHT="37"
                          WIDTH="110"
                          VPOS="2030"
                          HPOS="1148"
                          CONTENT="apud"/>
                  <SP HEIGHT="37" WIDTH="14" VPOS="2030" HPOS="1258"/>
                  <String HEIGHT="37"
                          WIDTH="137"
                          VPOS="2030"
                          HPOS="1216"
                          CONTENT="Arist."/>
                  <SP HEIGHT="37" WIDTH="14" VPOS="2030" HPOS="1354"/>
                  <String HEIGHT="37" WIDTH="41" VPOS="2030" HPOS="1299" CONTENT="&amp;"/>
               </TextLine>
               <TextLine ID="r3l116"
                         BASELINE="2106"
                         HEIGHT="45"
                         WIDTH="559"
                         VPOS="2061"
                         HPOS="792">
                  <String HEIGHT="45"
                          WIDTH="280"
                          VPOS="2061"
                          HPOS="776"
                          CONTENT="Commentatorem,"/>
                  <SP HEIGHT="45" WIDTH="16" VPOS="2061" HPOS="1056"/>
                  <String HEIGHT="45" WIDTH="78" VPOS="2061" HPOS="1009" CONTENT="&amp;"/>
                  <SP HEIGHT="45" WIDTH="16" VPOS="2061" HPOS="1087"/>
                  <String HEIGHT="45"
                          WIDTH="124"
                          VPOS="2061"
                          HPOS="1040"
                          CONTENT="apud"/>
                  <SP HEIGHT="45" WIDTH="16" VPOS="2061" HPOS="1165"/>
                  <String HEIGHT="45"
                          WIDTH="140"
                          VPOS="2061"
                          HPOS="1118"
                          CONTENT="eorum"/>
                  <SP HEIGHT="45" WIDTH="16" VPOS="2061" HPOS="1258"/>
                  <String HEIGHT="45"
                          WIDTH="155"
                          VPOS="2061"
                          HPOS="1196"
                          CONTENT="sequaces"/>
               </TextLine>
               <TextLine ID="r3l119"
                         BASELINE="2153"
                         HEIGHT="51"
                         WIDTH="544"
                         VPOS="2102"
                         HPOS="790">
                  <String HEIGHT="51"
                          WIDTH="133"
                          VPOS="2102"
                          HPOS="778"
                          CONTENT="potest."/>
                  <SP HEIGHT="51" WIDTH="12" VPOS="2102" HPOS="911"/>
                  <String HEIGHT="51"
                          WIDTH="169"
                          VPOS="2102"
                          HPOS="875"
                          CONTENT="necessario"/>
                  <SP HEIGHT="51" WIDTH="12" VPOS="2102" HPOS="1044"/>
                  <String HEIGHT="51"
                          WIDTH="145"
                          VPOS="2102"
                          HPOS="1008"
                          CONTENT="concludi"/>
                  <SP HEIGHT="51" WIDTH="12" VPOS="2102" HPOS="1153"/>
                  <String HEIGHT="51" WIDTH="73" VPOS="2102" HPOS="1116" CONTENT="ex"/>
                  <SP HEIGHT="51" WIDTH="12" VPOS="2102" HPOS="1189"/>
                  <String HEIGHT="51"
                          WIDTH="145"
                          VPOS="2102"
                          HPOS="1153"
                          CONTENT="vnitates"/>
                  <SP HEIGHT="51" WIDTH="12" VPOS="2102" HPOS="1298"/>
                  <String HEIGHT="51"
                          WIDTH="85"
                          VPOS="2102"
                          HPOS="1249"
                          CONTENT="primi"/>
               </TextLine>
            </TextBlock>
         </PrintSpace>
      </Page>
   </Layout>
</alto>
