1500 2403
113 178 109 73 vnum
181 178 95 73 per
236 178 218 73 identitatem,
413 178 136 73 vnitas
508 178 123 73 autem
590 178 95 73 per
631 178 68 73 rea

114 237 94 47 lem
167 237 201 47 identitatem
328 237 94 47 est
382 237 134 47 maxima
475 237 147 47 vnitas,
582 237 107 47 quae
636 237 67 47 pos

118 271 88 41 sit
169 271 151 41 inueniri
282 271 76 41 in
320 271 126 41 rebus,
409 271 215 41 circumscripta
585 271 101 41 omni
636 271 63 41 ope

117 309 146 44 ratione
223 309 213 44 intellectus,
396 309 93 44 nec
449 309 160 44 Aristot.
556 309 146 44 adinuenit

116 344 182 47 maiorem,
252 344 121 47 ergo
313 344 76 47 &c.

150 368 63 57 3
176 368 113 57 Sicut
251 368 76 57 se
289 368 113 57 habet
365 368 151 57 realitas
478 368 139 57 diuinae
566 368 139 57 essentiae

113 413 76 39 ad
151 413 178 39 realitates
291 413 216 39 attributorum,
469 413 89 39 ita
520 413 64 39 &
545 413 153 39 formalis
647 413 51 39 ra

122 446 86 45 tio
171 446 135 45 diuinae
269 446 159 45 essentiae
391 446 74 45 ad
428 446 147 45 formales
539 446 147 45 rationes
637 446 61 45 at-

121 486 185 41 tributorum,
268 486 86 41 sed
318 486 148 41 realitas
428 486 135 41 diuinae
527 486 160 41 essentiae
637 486 62 41 sic

113 516 90 50 est
165 516 181 50 contentiua
307 516 181 50 realitatum
449 516 219 50 attributorum,
617 516 77 50 quod

117 555 113 43 omnia
193 555 163 43 attributa
318 555 88 43 non
368 555 100 43 sunt
431 555 100 43 nisi
493 555 88 43 vna
543 555 163 43 realitas,
656 555 50 43 er

117 586 79 47 go
156 586 66 47 &
182 586 157 47 formalis
300 586 118 47 ratio
379 586 170 47 essentiae
510 586 92 47 sic
550 586 157 47 continebit

124 622 162 42 formales
245 622 162 42 rationes
366 622 229 42 attributorum,
555 622 108 42 quod
609 622 94 42 omnia

117 660 168 43 attributa
246 660 90 43 non
298 660 116 43 erunt
376 660 103 43 nisi
440 660 90 43 vna
479 660 168 43 formalitas.

148 688 122 51 Verum
230 688 122 51 inter
311 688 122 51 omnes
392 688 95 51 has
447 688 163 51 rationes
569 688 108 51 sola
623 688 81 51 haec

122 734 128 37 quinta,
216 734 93 37 quod
274 734 93 37 mihi
332 734 128 37 videtur
425 734 128 37 ceteris
519 734 175 37 efficacior,
647 734 58 37 mo-

120 760 112 49 nebi
190 760 84 49 me
232 760 84 49 ad
274 760 98 49 non
330 760 168 49 tenendum
456 760 182 49 praefatam
582 760 126 49 opinio-

125 801 102 40 nem.
189 801 141 40 Idcirco
291 801 102 40 tria
355 801 128 40 faciam
445 801 115 40 primo
521 801 141 40 soluam,
611 801 102 40 primas

125 831 146 52 quatuor
231 831 160 52 rationes
351 831 186 52 ostendendo
497 831 93 52 eas
550 831 93 52 non
590 831 120 52 conclu-

115 867 155 49 dere
192 867 251 49 necessario.

152 895 167 54 Secundo,
277 895 153 54 adducam
389 895 153 54 quasdam
500 895 139 54 alias,
598 895 111 54 quae
653 895 56 54 mo

126 939 114 46 uent
197 939 85 46 me
239 939 85 46 ad
282 939 99 46 non
339 939 170 46 tenendum
467 939 128 46 istam
538 939 170 46 opinionem;

126 971 75 40 &
156 971 151 40 tandem
261 971 151 40 soluam
367 971 196 40 argumenta
517 971 105 40 pro
562 971 151 40 opinione

131 1008 131 49 prius
203 1008 145 49 adducta.

156 1040 157 44 Quantum
270 1040 86 44 ad
313 1040 143 44 primum
413 1040 114 44 dico
484 1040 143 44 primam
570 1040 143 44 rationem

120 1079 100 40 non
177 1079 213 40 concludere,
347 1079 71 40 &
376 1079 228 40 consequentia
561 1079 142 40 potest
646 1079 71 40 ne-

128 1111 114 47 gari,
205 1111 89 47 cum
255 1111 102 47 vero
319 1111 165 47 probatur,
446 1111 102 47 quia
510 1111 114 47 sicut
573 1111 140 47 indistin-

131 1153 99 37 ctio
192 1153 74 37 ad
229 1153 161 37 vnitatem,
353 1153 86 37 ita
402 1153 173 37 distinctio
538 1153 74 37 ad
563 1153 148 37 diuersita-

133 1180 107 47 tem,
199 1180 107 47 dico
266 1180 107 47 quod
333 1180 120 47 valet
413 1180 107 47 utum
479 1180 80 47 ad
519 1180 147 47 aliqua,
626 1180 67 47 &
639 1180 80 47 quam

130 1217 96 40 tum
185 1217 82 40 ad
226 1217 137 40 aliqua
323 1217 96 40 non
378 1217 137 40 valet,
474 1217 151 40 quantum
584 1217 82 40 ad
625 1217 96 40 hoc
666 1217 55 40 va

135 1250 98 42 let,
196 1250 98 42 quia
257 1250 110 42 sicut
330 1250 85 42 ea,
379 1250 98 42 quae
440 1250 98 42 sunt
501 1250 195 42 indistincta,
648 1250 73 42 sunt

130 1285 101 37 vnum
193 1285 126 37 aliqua
282 1285 151 37 vnitate,
395 1285 88 37 ita
446 1285 76 37 ea
484 1285 101 37 quae
547 1285 101 37 sunt
597 1285 114 37 distin-

133 1320 89 47 cta
184 1320 102 47 sunt
248 1320 141 47 diuersa
350 1320 128 47 aliqua
440 1320 204 47 diuersitate,
606 1320 89 47 sed
644 1320 77 47 quan

137 1357 94 44 tum
190 1357 81 44 ad
231 1357 121 44 aliud
311 1357 94 44 non
365 1357 161 44 procedit
486 1357 201 44 similitudo,
633 1357 81 44 quia

132 1393 103 43 non
191 1393 177 43 oportet,
324 1393 147 43 tantam
427 1393 118 43 esse
486 1393 221 43 diueisitatem,

128 1427 113 40 quae
199 1427 170 40 sequitur
326 1427 85 40 ad
368 1427 241 40 distinctionem
552 1427 156 40 aliquorum

135 1461 128 43 quanta
225 1461 89 43 est
276 1461 141 43 vnitas,
378 1461 102 43 quae
442 1461 153 43 sequitur
557 1461 77 43 ad
582 1461 128 43 indistin

138 1498 159 38 ctionem,
257 1498 66 38 &
284 1498 93 38 hoc
337 1498 159 38 peruenit
456 1498 106 38 quia
523 1498 146 38 negatio
629 1498 93 38 est
669 1498 53 38 ef

136 1528 153 43 ficacior
251 1528 77 43 in
289 1528 153 43 negando,
404 1528 102 43 quam
468 1528 179 43 affirmatio
608 1528 77 43 in
634 1528 89 43 affir

136 1568 128 36 mando,
226 1568 102 36 hinc
290 1568 102 36 est,
354 1568 102 36 quod
418 1568 77 36 ab
456 1568 205 36 indistinctis
623 1568 77 36 ex
648 1568 77 36 natu

135 1607 76 38 ra
173 1607 102 38 rei,
237 1607 102 38 (cum
301 1607 102 38 haec
364 1607 204 38 indistinctio
530 1607 89 38 sit
581 1607 140 38 quaedam
670 1607 51 38 ne

135 1639 122 43 gatio)
220 1639 135 43 negatur
318 1639 110 43 omnis
392 1639 208 43 dissimilitudo
563 1639 135 43 realis,
661 1639 86 43 sed

141 1676 76 36 ea
179 1676 101 36 quae
242 1676 101 36 sunt
305 1676 164 36 distincta
431 1676 76 36 ex
469 1676 126 36 natura
557 1676 101 36 rei,
620 1676 88 36 non
658 1676 63 36 ne-

138 1703 147 45 cessario
248 1703 98 45 sunt
309 1703 147 45 diuersae
419 1703 98 45 res,
480 1703 98 45 quia
541 1703 86 45 cum
578 1703 147 45 distinctio

137 1739 91 41 sit
189 1739 143 41 quaedam
293 1739 195 41 affirmatio,
450 1739 91 41 non
502 1739 143 41 oportet
606 1739 104 41 quod
658 1739 65 41 af-

139 1775 135 42 firmet
233 1775 81 42 de
273 1775 94 42 eis
327 1775 121 42 omnem
408 1775 229 42 diuersitatem.
597 1775 108 42 Vnde
651 1775 67 42 vi-

138 1814 114 39 detur
214 1814 101 39 ista
278 1814 114 39 ratio
354 1814 139 39 peccare
455 1814 89 39 per
506 1814 139 39 figuram
607 1814 139 39 dictio

136 1844 102 49 nis,
200 1844 102 49 quia
264 1844 115 49 mutat
341 1844 77 49 Iy
379 1844 128 49 sicut,
469 1844 102 49 quod
533 1844 115 49 notat
597 1844 128 49 qualita-

140 1887 93 41 rem
193 1887 80 41 in
233 1887 213 41 quantitatem,
406 1887 146 41 quamuis
512 1887 106 41 ergo
579 1887 93 41 ita
632 1887 80 41 se
658 1887 67 41 ha-

141 1912 104 44 beat
206 1912 181 44 distinctio
348 1912 78 44 ad
387 1912 220 44 diuersitatem,
569 1912 117 44 sicut
633 1912 91 44 indi-

146 1955 155 41 stinctio
262 1955 77 41 ad
301 1955 168 41 vnitatem,
430 1955 90 41 non
482 1955 116 41 tamen
559 1955 142 41 oportet
650 1955 77 41 quod

145 1987 118 42 tanta
224 1987 184 42 diuersitas
369 1987 158 42 sequatur
487 1987 79 42 ad
513 1987 211 42 distinctionem,

153 2015 137 52 quanta
249 2015 137 52 vnitas
345 2015 82 52 ad
386 2015 274 52 indistinctionem.
619 2015 96 52 Nam
660 2015 69 52 mo-

154 2058 76 46 di
192 2058 178 46 differendi
332 2058 76 46 ex
370 2058 127 46 natura
459 2058 89 46 rei
509 2058 101 46 sunt
573 2058 101 46 duo,
624 2058 101 46 quorum

154 2088 106 38 vnus
220 2088 106 38 est,
286 2088 92 38 quo
338 2088 171 38 differunt
470 2088 132 38 aliqua
563 2088 119 38 solum
629 2088 92 38 forma

149 2123 118 44 liter,
232 2123 82 44 vel
279 2123 165 44 modaliter,
408 2123 106 44 alter
478 2123 94 44 vero
537 2123 94 44 est,
596 2123 82 44 quo
631 2123 94 44 diffe-

151 2159 94 56 runt
210 2159 117 56 aliqua
292 2159 105 56 sicut
362 2159 140 56 diuersae
467 2159 94 56 res,
525 2159 70 56 ad
560 2159 82 56 hoc
607 2159 94 56 ergo
654 2159 70 56 quod

712 186 173 57 distinctio
848 186 186 57 affirmatiua
997 186 74 57 ex
1034 186 124 57 natura
1121 186 87 57 rei
1158 186 136 57 verifice-

716 238 86 40 tur
765 238 74 40 de
802 238 172 40 aliquibus,
936 238 147 40 sufficit
1047 238 98 40 quod
1108 238 159 40 differant
1218 238 74 40 pri-

704 272 108 42 mo
740 272 126 42 modo.

743 304 89 48 Ad
788 304 179 48 secundam
922 304 179 48 rationem
1056 304 134 48 etiam
1130 304 164 48 consequen

716 344 93 38 tia
769 344 133 38 potest
862 344 147 38 negari,
969 344 67 38 &
996 344 93 38 cum
1049 344 160 38 probatur
1169 344 107 38 quia
1222 344 80 38 ista

719 378 173 41 distinctio
855 378 149 41 formalis
966 378 87 41 nec
1016 378 87 41 est
1066 378 136 41 realis,
1165 378 87 41 nec
1202 378 99 41 secun-

715 412 102 43 dum
774 412 190 43 rationem,
920 412 117 43 ergo
993 412 102 43 est
1051 412 146 43 media;
1139 412 160 43 dicendum,

720 452 103 41 quod
785 452 90 41 est
836 452 142 41 realis,
939 452 90 41 nec
991 452 116 41 tamen
1068 452 142 41 propter
1171 452 90 41 hoc
1210 452 90 41 ponit

718 485 141 42 diuersas
824 485 164 42 realitates
953 485 70 42 in
988 485 82 42 eo,
1035 485 70 42 in
1070 485 82 42 quo
1117 485 94 42 est,
1175 485 94 42 quia
1234 485 94 42 dif

716 513 161 46 ferentia
837 513 134 46 realis
931 513 121 46 habet
1011 513 134 46 plures
1105 513 148 46 gradus,
1199 513 108 46 quemad

717 557 146 35 modum,
820 557 73 35 &
849 557 219 35 differentia
1024 557 175 35 secundum
1141 557 161 35 rationem.

730 593 146 36 Videmus
836 593 119 36 enim,
915 593 106 36 quod
982 593 172 36 rationale
1114 593 93 36 sic
1167 593 146 36 differt
1260 593 53 36 ab

721 625 152 46 animali
832 625 166 46 secundum
957 625 180 46 rationem,
1095 625 111 46 quod
1164 625 97 46 est
1206 625 97 46 extra

718 655 112 40 suam
788 655 182 40 rationem:
928 655 84 40 ab
970 655 140 40 homine
1067 655 126 40 autem
1151 655 98 40 sic
1193 655 126 40 differt

717 692 182 45 secundum
853 692 197 45 rationem,
1005 692 121 45 quod
1081 692 137 45 tamen
1157 692 152 45 ingredit

728 731 104 36 eius
793 731 169 36 rationem,
923 731 91 36 est
975 731 104 36 ergo
1040 731 117 36 prima
1118 731 195 36 differentia
1261 731 52 36 ma

724 762 93 49 ior
777 762 106 49 quam
843 762 159 49 secunda,
962 762 146 49 vtraque
1068 762 119 49 tamen
1147 762 93 49 est
1187 762 132 49 secundum

729 797 169 41 rationem.
859 797 91 41 Ita
911 797 104 41 ergo
976 797 130 41 potest
1068 797 104 41 dici
1133 797 78 41 in
1159 797 156 41 proposito,

727 831 102 40 quod
791 831 204 40 perfectiones
957 831 204 40 attributales
1123 831 77 40 in
1162 831 179 40 creaturis,

730 870 64 43 &
756 870 76 43 in
794 870 89 43 Deo
845 870 165 43 differunt
972 870 76 43 ex
1010 870 127 43 natura
1099 870 102 43 rei,
1162 870 89 43 sed
1213 870 76 43 in
1239 870 76 43 crea

731 899 111 46 turis
804 899 172 46 differunt,
940 899 98 46 quia
1001 899 98 46 sunt
1063 899 148 46 diuersae
1173 899 98 46 res,
1235 899 74 46 in
1260 899 61 46 Deo

732 934 110 45 autem
805 934 110 45 sicut
878 934 147 45 diuersae
988 934 147 45 rationes
1098 934 159 45 formales;
1208 934 110 45 vtraque

732 973 117 35 tamen
810 973 195 35 differentia
966 973 91 35 est
1018 973 78 35 ex
1056 973 130 35 natura
1147 973 104 35 rei,
1199 973 117 35 quamuis

735 1009 114 43 prima
812 1009 89 43 sit
862 1009 114 43 maior
939 1009 153 43 secunda;
1053 1009 102 43 vnde
1117 1009 140 43 videtur
1218 1009 102 43 ista
1269 1009 51 43 fa

733 1045 99 48 tio
790 1045 156 48 peccare
903 1045 99 48 per
960 1045 185 48 fallaciam
1088 1045 213 48 consequentis,

731 1075 105 54 quia
797 1075 131 54 arguit
889 1075 66 54 a
915 1075 210 54 destructione
1086 1075 223 54 antecedentis;
1256 1075 66 54 nam

732 1118 153 38 differre
847 1118 77 38 ex
885 1118 128 38 natura
975 1118 89 38 rei
1026 1118 89 38 est
1064 1118 255 38 tanquamconsequens,

730 1148 167 38 differre
855 1148 111 38 vero
925 1148 139 38 primo,
1023 1148 97 38 vel
1078 1148 153 38 secundo
1190 1148 111 38 modo
1245 1148 70 38 est

738 1183 153 35 tanquam
849 1183 209 35 antecedens,
1017 1183 139 35 dicere
1114 1183 111 35 ergo
1184 1183 111 35 ista
1253 1183 97 35 non

733 1215 173 45 differunt
866 1215 80 45 ex
906 1215 133 45 natura
999 1215 106 45 rei,
1065 1215 106 45 quia
1132 1215 93 45 non
1172 1215 146 45 differunt

743 1250 116 42 primo
820 1250 116 42 modo,
898 1250 90 42 est
949 1250 168 42 manifeste
1078 1250 219 42 paralogixare,
1246 1250 77 42 quia

743 1287 150 43 possunt
853 1287 164 43 differre
975 1287 150 43 secundo
1071 1287 82 43 modo

774 1316 166 47 Similiter
902 1316 127 47 tertia
991 1316 115 47 ratio
1067 1316 89 47 non
1118 1316 178 47 concludit,
1258 1316 64 47 &
1271 1316 51 47 ne

745 1358 129 49 gatur
831 1358 245 49 consequentia.
1032 1358 86 49 Ad
1075 1358 216 49 probationem
1234 1358 86 49 vero

741 1389 96 46 cum
796 1389 151 46 dicitur
906 1389 110 46 quod
975 1389 179 46 sapientia
1112 1389 82 46 in
1153 1389 96 46 Deo
1208 1389 96 46 non
1249 1389 69 46 dat

742 1424 98 39 esse
803 1424 148 39 sapiens,
914 1424 74 39 vt
951 1424 86 39 est
1000 1424 98 39 idem
1062 1424 148 39 realiter
1172 1424 98 39 quod
1222 1424 98 39 iusti-

738 1459 100 46 tia,
800 1459 87 46 sed
850 1459 112 46 prout
924 1459 87 46 est
974 1459 75 46 ab
1012 1459 75 46 ea
1049 1459 162 46 distincta
1161 1459 162 46 formaliter;

740 1498 122 41 dico,
822 1498 108 41 quod
889 1498 135 41 potius
984 1498 163 41 deberent
1106 1498 135 41 dicere
1188 1498 135 41 tenentes

736 1530 109 51 hanc
804 1530 190 51 opinionem,
954 1530 109 51 quod
1022 1530 163 51 absolute
1144 1530 177 51 sapientia
1267 1530 54 51 in

745 1569 92 38 Deo
798 1569 92 38 det
850 1569 105 38 esse
916 1569 158 38 sapiens,
1035 1569 105 38 quia
1101 1569 92 38 est
1154 1569 92 38 ibi
1193 1569 132 38 secundum

742 1604 109 35 suam
811 1604 205 35 realitatem,
975 1604 191 35 retinentem
1125 1604 109 35 suam
1179 1604 137 35 propriam

743 1635 153 44 rationem
858 1635 141 44 realem,
960 1635 102 44 quod
1024 1635 115 44 autem
1101 1635 89 44 sua
1152 1635 153 44 realitas
1254 1635 64 44 sit

741 1668 159 39 distincta
863 1668 61 39 a
887 1668 159 39 realitate
1009 1668 171 39 iustitiae,
1144 1668 85 39 vel
1193 1668 98 39 quod
1242 1668 85 39 forma

744 1706 80 42 lis
789 1706 103 42 ratio
858 1706 160 42 sapientiae
984 1706 80 42 sit
1030 1706 149 42 distincta
1144 1706 57 42 a
1167 1706 126 42 formali
1247 1706 80 42 ratio

746 1741 73 38 ne
782 1741 169 38 iustitiae,
915 1741 85 38 ibi
963 1741 85 38 est
1012 1741 121 38 omnino
1096 1741 85 38 per
1145 1741 145 38 accidens
1241 1741 85 38 ratio

747 1777 72 37 ne
783 1777 168 37 propositi,
915 1777 96 37 quia
975 1777 84 37 nec
1023 1777 192 37 indistinctio
1167 1777 144 37 realitatis

739 1813 91 34 nec
791 1813 183 34 distinctio
935 1813 209 34 formalitatis
1105 1813 91 34 est
1157 1813 131 34 causa,
1236 1813 91 34 quare

744 1844 84 43 det
792 1844 96 43 esse
852 1844 144 43 sapiens,
960 1844 132 43 exempli
1055 1844 132 43 gratia,
1151 1844 168 43 sensitiuum
1271 1844 48 43 in

747 1878 144 49 homine
847 1878 187 49 (secundum
992 1878 173 49 communem
1121 1878 130 49 viam)
1193 1878 130 49 differt

740 1914 81 42 ab
780 1914 215 42 intellectiuo
954 1914 161 42 secundum
1075 1914 175 42 rationem,
1210 1914 94 42 non
1250 1914 67 42 ta-

738 1950 95 49 men
793 1950 149 49 propter
901 1950 95 49 hoc
955 1950 149 49 aliquis
1064 1950 163 49 diceret,
1186 1950 108 49 quod
1240 1950 81 49 homo

744 1993 124 32 esset
827 1993 192 32 sensitiuus
978 1993 124 32 solum
1060 1993 165 32 secundum
1170 1993 151 32 rationem,

745 2018 89 37 sed
796 2018 166 37 realiter,
924 2018 102 37 quod
988 2018 102 37 ideo
1052 2018 141 37 euenit,
1154 2018 102 37 quia
1218 2018 102 37 homo
1269 2018 51 37 ha

750 2053 85 41 bet
799 2053 98 41 esse
860 2053 171 41 sensitiuum
994 2053 73 41 ex
1030 2053 85 41 eo,
1079 2053 98 41 quia
1140 2053 110 41 vere,
1213 2053 61 41 &
1225 2053 98 41 reali-

749 2088 90 45 ter
801 2088 90 45 est
852 2088 77 45 in
891 2088 77 45 eo
929 2088 129 45 gradus
1019 2088 129 45 animae
1109 2088 193 45 sensitiuae,
1251 2088 77 45 quod

749 2129 111 36 autem
822 2129 98 36 ille
884 2129 123 36 gradus
970 2129 147 36 differat
1080 2129 74 36 ab
1117 2129 197 36 intellectiuo
1265 2129 61 36 ra-

745 2156 126 60 tione
829 2156 140 60 solum,
927 2156 98 60 vel
983 2156 182 60 quocunque
1122 2156 112 60 alio
1192 2156 126 60 modo,
1262 2156 70 60 hoc
