1500 2395
124 169 192 62 realitatem,
278 169 102 62 quod
342 169 205 62 simpliciter,
508 169 64 62 &
534 169 115 62 vnite
598 169 102 62 conti-

120 227 95 39 net
174 227 189 39 realitates
322 227 135 39 omnium
417 227 230 39 attributorum;
606 227 95 39 ita
646 227 54 39 vi

120 252 99 44 non
176 252 155 44 maneant
289 252 99 44 ibi
346 252 85 44 in
388 252 141 44 aliquo
487 252 155 44 numero,
599 252 99 44 vel
642 252 56 44 in

126 286 128 45 aliqua
216 286 205 45 pluralitate,
383 286 116 45 multo
460 286 128 45 magis,
550 286 90 45 vel
601 286 128 45 saltem

121 326 185 40 aequaliter
266 326 159 40 perfecta
385 326 106 40 erit
452 326 159 40 secundum
571 326 106 40 suam
624 326 79 40 for-

123 361 192 45 malitatem,
274 361 69 45 &
302 361 96 45 per
357 361 192 45 consequens
508 361 192 45 continebit
645 361 55 45 in

126 389 80 46 se
166 389 214 46 formalitates
339 389 134 46 omnium
433 389 214 46 attributorum
593 389 107 46 simpli

123 432 132 43 citer,
215 432 66 43 &
241 432 118 43 vnite
320 432 105 43 sine
386 432 132 43 aliquo
478 432 145 43 numero,
584 432 92 43 vel
623 432 79 43 plu-

127 465 158 43 ralitate:
248 465 73 43 si
285 465 133 43 dicant,
382 465 97 43 quod
442 465 85 43 est
491 465 158 43 perfectio
600 465 109 43 vtrius-

121 500 114 42 que,
192 500 171 42 sequitur
321 500 114 42 idem
392 500 114 42 quod
463 500 128 42 prius
549 500 100 42 (vt
592 500 114 42 patet)

162 536 97 37 Nec
217 536 124 37 valet
300 536 83 37 si
341 536 165 37 dicatur,
466 536 110 37 quod
535 536 124 37 causa
603 536 97 37 huius

131 570 161 41 transitus
254 570 87 41 non
304 570 87 41 est
353 570 161 41 perfectio
477 570 210 41 attributorum,
638 570 62 41 vel

123 604 173 44 Essentiae,
259 604 87 44 sed
308 604 99 44 sola
370 604 124 44 diuina
457 604 186 44 simplicitas
606 604 87 44 (vt
643 604 62 44 su-

122 638 131 48 perius
201 638 157 48 dicebatur.

156 675 99 46 Nam
212 675 99 46 sic
269 675 155 46 dicendo
381 675 127 46 plane
466 675 155 46 habetur
564 675 141 46 proposi-

134 710 103 42 tum,
199 710 78 42 eo
238 710 103 42 quod
302 710 129 42 diuina
393 710 194 42 simplicitas
548 710 103 42 sit,
612 710 65 42 &
625 710 78 42 pro-

126 742 135 47 ueniat
220 742 81 47 ex
260 742 161 47 immensa,
381 742 67 47 &
408 742 188 47 illimitata
556 742 94 47 Dei
596 742 108 47 perfe-

120 777 149 42 ctione:
229 777 81 42 Si
269 777 108 42 ergo
337 777 163 42 reducant
459 777 108 42 hunc
527 777 176 42 transitum
649 777 54 42 in

124 811 137 42 diuinam
223 811 225 42 simplicitatem,
411 811 137 42 oportet
511 811 162 42 finaliter
623 811 75 42 quod

125 848 121 40 ipsam
205 848 161 40 reducant
326 848 81 40 in
367 848 148 40 diuinam
474 848 229 40 perfectionem,
663 848 67 40 &

121 881 111 37 tunc
191 881 167 37 sequitur
316 881 125 37 idem,
399 881 111 37 quod
469 881 139 37 prius,
566 881 111 37 quia
622 881 83 37 haec

126 919 170 46 perfectio,
259 919 85 46 vel
308 919 85 46 est
357 919 170 46 essentiae,
490 919 85 46 vel
527 919 182 46 attributorum,

130 952 85 46 vel
166 952 133 46 vtriusque

161 983 90 45 Nec
213 983 116 45 etiam
290 983 116 45 valet
368 983 78 45 si
407 983 155 45 dicatur,
523 983 103 45 quod
575 983 129 45 attribu-

121 1024 85 46 ta
163 1024 99 46 non
220 1024 184 46 important
362 1024 170 46 maiorem,
489 1024 99 46 vel
546 1024 156 46 minorem
645 1024 57 46 pr

120 1056 176 44 fectionem
256 1056 163 44 secundum
378 1056 108 44 suam
446 1056 230 44 formalitatem,
622 1056 81 44 quam

126 1095 162 43 secundum
247 1095 122 43 eorum
328 1095 203 43 realitatem,
490 1095 95 43 sed
544 1095 149 43 penitus
639 1095 68 43 ea-

124 1124 105 45 dem,
189 1124 105 45 alio
255 1124 131 45 tamen,
347 1124 66 45 &
373 1124 105 45 alio
439 1124 118 45 modo,
517 1124 171 45 quiaitunc
635 1124 66 45 pla

125 1162 107 41 nius
192 1162 147 41 habetur
299 1162 201 41 propositum,
459 1162 94 41 nam
513 1162 80 41 si
539 1162 161 41 attributum

126 1196 181 37 importat
262 1196 151 37 eandem
367 1196 241 37 perfectionem
548 1196 151 37 secundum

129 1232 199 43 realitatem,
288 1232 66 43 &
315 1232 213 43 formalitatem
487 1232 120 43 suam,
567 1232 66 43 &
580 1232 120 43 ratione

121 1270 212 43 perfectionis
293 1270 146 43 transit
400 1270 80 43 in
439 1270 146 43 diuinam
546 1270 146 43 naturam
639 1270 66 43 se-

123 1298 136 46 cundum
218 1298 204 46 realitatem,
381 1298 109 46 pari
449 1298 149 46 ratione
558 1298 122 46 debet
626 1298 81 46 tran

129 1336 107 39 sire
196 1336 161 39 secundum
316 1336 107 39 suam
383 1336 214 39 formalitatem
557 1336 67 39 &
584 1336 80 39 si
610 1336 94 39 ratio

129 1370 86 42 ne
172 1370 230 42 perfectionis
359 1370 129 42 manet
445 1370 101 42 ibi
503 1370 173 42 secundum
618 1370 86 42 suam

123 1405 200 40 formalitatem
285 1405 175 40 distinctam
422 1405 75 40 ab
459 1405 125 40 alijs,
547 1405 100 40 pari
609 1405 125 40 ratio

122 1438 86 54 ne
165 1438 128 54 debet
250 1438 100 54 ibi
307 1438 143 54 manere
407 1438 171 54 secundum
536 1438 114 54 suam
593 1438 114 54 reali

106 1475 129 47 tatem.

162 1507 153 44 Secunda
273 1507 125 44 ratio
357 1507 83 44 ad
398 1507 125 44 idem:
482 1507 181 44 Attributa
607 1507 97 44 prout

133 1544 205 37 inueniuntur
298 1544 82 37 in
339 1544 178 37 creaturis
475 1544 137 37 habent
571 1544 137 37 eandem
653 1544 55 37 di

131 1580 175 47 stantiam,
265 1580 67 47 &
292 1580 215 47 differentiam
467 1580 67 47 a
494 1580 81 47 se
534 1580 161 47 inuicem,
655 1580 67 47 &
669 1580 40 47 a

128 1616 96 39 sua
183 1616 193 39 substantia
335 1616 138 39 creata
431 1616 165 39 secundum
555 1616 124 39 eorum
624 1616 83 39 rea-

135 1648 148 46 litates,
246 1648 62 46 &
271 1648 210 46 formalitates;
444 1648 99 46 ergo
505 1648 74 46 si
542 1648 161 46 transeunt
654 1648 49 46 in

127 1687 81 40 se
167 1687 162 40 inuicem,
289 1687 68 40 &
315 1687 81 40 in
356 1687 149 40 diuinam
464 1687 216 40 substantiam,
626 1687 81 40 quan

130 1721 89 36 tum
181 1721 77 36 ad
220 1721 102 36 suas
283 1721 191 36 realitates,
436 1721 179 36 transibunt
577 1721 115 36 etiam
640 1721 64 36 ne-

134 1753 160 40 cessario
253 1753 146 40 quantum
360 1753 80 40 ad
400 1753 106 40 suas
466 1753 226 40 formalitates:
639 1753 67 40 Con

131 1788 177 39 sequentiam
271 1788 127 39 probo,
359 1788 101 39 quia
422 1788 165 39 attributa
549 1788 152 39 transire
650 1788 51 39 in

128 1823 155 36 diuinam
241 1823 212 36 substantiam
410 1823 155 36 quantum
523 1823 85 36 ad
565 1823 113 36 suas
621 1823 85 36 rea-

129 1858 144 44 litates,
237 1858 84 44 est
285 1858 144 44 transire
393 1858 144 44 secundum
501 1858 108 44 illam
561 1858 144 44 distinctio

125 1894 103 42 nem,
190 1894 103 42 quae
254 1894 90 42 est
306 1894 116 42 inter
383 1894 116 42 eorum
460 1894 193 42 realitatem,
615 1894 64 42 &
641 1894 64 42 a
653 1894 52 42 se

129 1927 163 37 inuicem,
251 1927 68 37 &
279 1927 68 37 a
306 1927 203 37 substantia,
468 1927 163 37 secundum
591 1927 108 37 quod
645 1927 54 37 in

124 1962 173 38 ueniuntur
257 1962 80 38 in
297 1962 186 38 creaturis:
443 1962 67 38 &
470 1962 106 38 ideo
536 1962 80 38 si
563 1962 146 38 distantia

130 1997 118 42 inter
209 1997 118 42 eorum
287 1997 197 42 realitates,
445 1997 66 42 &
471 1997 210 42 formalitates
641 1997 66 42 a
655 1997 52 42 se

130 2029 150 45 inuicem,
243 2029 63 45 &
268 2029 63 45 a
293 2029 175 45 substantia
431 2029 138 45 creata,
532 2029 75 45 in
569 2029 88 45 qua
619 2029 113 45 sunt,

125 2069 86 44 est
174 2069 123 44 eadem,
260 2069 184 44 impossibile
407 2069 98 44 est,
469 2069 98 44 quod
530 2069 147 44 tollatur
628 2069 74 44 ista

126 2102 172 44 distantia,
261 2102 86 44 vel
310 2102 172 44 distinctio
445 2102 74 44 ab
481 2102 110 44 eorum
543 2102 159 44 realitatibs

126 2138 76 42 in
164 2138 127 42 natura
253 2138 139 42 diuina,
354 2138 89 42 vel
405 2138 76 42 in
443 2138 165 42 quacunque
570 2138 114 42 alia,
633 2138 76 42 quin

720 187 120 46 etiam
799 187 186 46 necessario
945 187 159 46 tollatur
1065 187 80 46 ab
1105 187 120 46 eorum
1171 187 133 46 formali-

722 228 153 36 tatibus:
837 228 89 36 Nam
888 228 76 36 si
926 228 140 36 dicant,
1027 228 102 36 quod
1091 228 114 36 talis
1154 228 153 36 distinctio

721 263 162 40 tollatur
843 263 81 40 ab
884 263 122 40 eorum
965 263 230 40 realitatibus,
1154 263 68 40 &
1168 263 135 40 remaneat

718 293 73 43 in
754 293 230 43 formalitatibus;
948 293 85 43 vel
997 293 97 43 haec
1057 293 170 43 distinctio
1191 293 97 43 erit
1239 293 61 43 di-

730 330 116 39 uersa
807 330 77 39 ab
846 330 90 39 ea,
897 330 103 39 quae
962 330 154 39 remanet,
1077 330 90 39 vel
1129 330 103 39 erit
1193 330 116 39 eadem
1257 330 39 39 :

723 360 73 52 si
759 360 86 52 est
808 360 147 52 diuersa,
919 360 86 52 hoc
968 360 86 52 est
1016 360 122 52 contra
1102 360 122 52 illud,
1188 360 98 52 quod
1237 360 61 52 iam

721 396 206 42 iupponitur
883 396 206 42 probandum,
1045 396 206 42 probabitur
1192 396 103 42 enim,

725 432 107 45 quod
791 432 93 45 est
845 432 133 45 eadem,
938 432 67 45 &
965 432 80 45 si
1005 432 187 45 remanebit,
1138 432 160 45 necessario

722 467 125 41 faciet
809 467 125 41 tantam
896 467 199 41 diuersitatem
1058 467 75 41 in
1096 467 224 41 formalitatibs,

718 503 136 40 quantam
817 503 148 40 faciebat
928 503 74 40 in
965 503 210 40 realitatibus,
1138 503 99 40 puta
1188 503 111 40 realem,

720 540 117 43 cuius
798 540 182 43 contrarium
941 540 104 43 ipsi
1006 540 143 43 dicunt:
1110 540 104 43 ergo
1175 540 78 43 si
1201 540 104 43 volunt

723 575 129 37 vitare
813 575 116 37 istud
891 575 219 37 inconueniens,
1072 575 155 37 coguntur
1175 575 116 37 dicere,

722 609 102 37 quod
786 609 76 37 si
824 609 89 37 est
875 609 115 37 eadem
951 609 178 37 distinctio
1091 609 204 37 attributorum
1244 609 51 37 in

726 647 225 39 realitatibus,
911 647 66 39 &
938 647 239 39 formalitatibus
1137 647 133 39 eorum,
1216 647 80 39 quod

727 676 136 49 praefata
828 676 158 49 distinctio
953 676 79 49 non
998 676 113 49 possit
1077 676 102 49 tolli
1145 676 57 49 a
1156 676 136 49 realitati-

725 712 103 40 bus,
790 712 103 40 quin
854 712 180 40 necessario
996 712 155 40 tollatur
1112 712 77 40 ab
1150 712 116 40 eorum
1215 712 77 40 for-

723 746 207 45 malitatibus,
891 746 65 45 &
917 746 91 45 sic
969 746 181 45 necessario
1111 746 129 45 debent
1189 746 103 45 conce-

722 775 109 47 dere
790 775 109 47 hanc
858 775 245 47 consequentiam,
1062 775 109 47 quod
1130 775 82 47 si
1157 775 150 47 attributa

721 821 176 39 transeunt
857 821 81 39 in
898 821 81 39 se
938 821 163 39 inuicem,
1060 821 68 39 &
1087 821 81 39 in
1128 821 149 39 diuinam
1223 821 81 39 sub-

722 848 170 51 stantiam,
853 848 144 51 quantum
957 848 78 51 ad
996 848 105 51 suas
1062 848 196 51 realitates,
1206 848 91 51 tran-

720 884 116 48 seant
797 884 116 48 etiam
874 884 90 48 quo
926 884 77 48 ad
964 884 103 48 suas
1015 884 193 48 formalitates.

757 921 120 48 Probo
837 921 200 48 antecedens,
996 921 93 48 nam
1049 921 120 48 omnis
1129 921 200 48 distinctio,

723 955 96 43 quae
783 955 84 43 est
831 955 108 43 inter
903 955 192 43 perfectiones
1059 955 144 43 creatas,
1167 955 84 43 vel
1215 955 84 43 est
1251 955 48 43 ra

723 990 108 52 tione
795 990 156 52 specialis
915 990 192 52 oppositonis,
1071 990 60 52 &
1095 990 228 52 contrarietatis,

725 1026 114 39 puta,
801 1026 101 39 quia
865 1026 101 39 sunt
928 1026 190 39 contrariae;
1080 1026 89 39 vel
1131 1026 140 39 ratione
1220 1026 76 39 sim-

724 1060 122 40 plicis
809 1060 184 40 negationis;
956 1060 110 40 puta,
1030 1060 98 40 quia
1091 1060 98 40 sunt
1140 1060 159 40 disparatae,

726 1091 66 45 &
752 1091 93 45 vna
805 1091 146 45 negatur
911 1091 80 45 de
951 1091 146 45 altera,
1057 1091 119 45 sicut
1124 1091 172 45 distinguun-

718 1134 86 42 tur
767 1134 111 42 etiam
841 1134 62 42 a
865 1134 148 42 subiecto
976 1134 74 42 in
1013 1134 86 42 quo
1062 1134 111 42 sunt:
1136 1134 135 42 constat
1234 1134 86 42 at,

718 1164 103 40 quod
782 1164 116 40 eadem
859 1164 205 40 contrarietas
1026 1164 103 40 est,
1091 1164 90 40 qua
1129 1164 167 40 contrariam-

727 1203 87 36 tur
776 1203 100 36 duae
839 1203 212 36 perfectiones,
1013 1203 87 36 vel
1063 1203 100 36 duae
1125 1203 124 36 formae
1199 1203 100 36 secun-

724 1233 96 46 dum
779 1233 109 46 suas
847 1233 205 46 realitates,
1012 1233 68 46 &
1039 1233 164 46 secundum
1162 1233 109 46 suas
1217 1233 82 46 for-

718 1267 189 42 malitates;
866 1267 135 42 nullus
961 1267 108 42 enim
1028 1267 162 42 diceret,
1150 1267 108 42 quod
1204 1267 95 42 esset

717 1303 104 42 alia
782 1303 208 42 contrarietas
951 1303 117 42 inter
1028 1303 182 42 albedinem,
1171 1303 65 42 &
1184 1303 117 42 nigredi

717 1336 90 40 nem
769 1336 90 40 quo
820 1336 77 40 ad
858 1336 193 40 realitates,
1013 1336 64 40 &
1038 1336 103 40 alia
1102 1336 90 40 quo
1154 1336 77 40 ad
1179 1336 116 40 formali

717 1373 121 46 tates
797 1373 135 46 earum,
891 1373 121 46 eadem
972 1373 108 46 enim
1039 1373 94 46 est
1093 1373 188 46 distantia,
1228 1373 67 46 qua

725 1407 142 43 albedo
824 1407 142 43 distat
923 1407 71 43 a
951 1407 184 43 nigredine
1093 1407 170 43 secundum
1206 1407 85 43 suam

721 1449 212 36 realitatem,
891 1449 71 36 &
919 1449 127 36 etiam
1004 1449 99 36 qua
1060 1449 156 36 differt
1160 1449 142 36 secundum

722 1476 110 47 suam
791 1476 234 47 formalitatem:
984 1476 179 47 Similiter
1122 1476 165 47 dicendum
1232 1476 69 47 est

721 1516 74 42 de
758 1516 222 42 perfectionibus
943 1516 185 42 disparatis,
1091 1516 74 42 vt
1128 1516 173 42 sapientia,
1264 1516 62 42 &

724 1546 172 43 iustitia,
856 1546 132 43 eodenm
948 1546 106 43 enim
1015 1546 106 43 modo
1081 1546 106 43 sunt
1133 1546 159 43 disparatae

728 1584 146 45 quantum
834 1584 80 45 ad
874 1584 200 45 realitates,
1034 1584 93 45 quo
1087 1584 107 45 modo
1141 1584 146 45 disparata

720 1616 111 36 sunt
789 1616 152 36 quantum
900 1616 83 36 ad
941 1616 235 36 formalitates,
1135 1616 69 36 &
1163 1616 111 36 eade
1218 1616 69 36 ess

726 1652 144 40 negatio
831 1652 92 40 qua
883 1652 144 40 negatur
987 1652 78 40 de
1027 1652 183 40 sapientia,
1170 1652 105 40 quod
1223 1652 65 40 non

723 1685 85 39 sit
771 1685 158 39 iustitia,
893 1685 85 39 nec
941 1685 158 39 subiectum
1063 1685 73 39 in
1099 1685 85 39 quo
1147 1685 97 39 est,
1208 1685 61 39 &
1220 1685 73 39 quam

730 1721 94 35 tum
783 1721 81 35 ad
824 1721 108 35 suam
891 1721 202 35 realitatem,
1052 1721 67 35 &
1079 1721 148 35 quantum
1186 1721 81 35 ad
1213 1721 81 35 suam

717 1755 241 41 formalitatem,
916 1755 71 41 &
944 1755 99 41 per
1001 1755 199 41 consequens
1157 1755 128 41 eadem
1228 1755 71 41 est

719 1794 171 43 distantia,
853 1794 86 43 qua
902 1794 134 43 distant
1000 1794 171 43 sapientia,
1134 1794 61 43 &
1159 1794 147 43 iustitia
1256 1794 37 43 a

723 1825 78 37 se
762 1825 157 37 inuicem,
880 1825 65 37 &
906 1825 65 37 a
932 1825 157 37 subiecto
1049 1825 91 37 quo
1101 1825 78 37 ad
1127 1825 157 37 realitates

724 1862 71 43 &
752 1862 99 43 quo
809 1862 85 43 ad
851 1862 227 43 formalitates
1036 1862 170 43 ipsarum:
1163 1862 99 43 Cum
1206 1862 85 43 ergo

721 1896 201 47 attribuuntur
884 1896 100 47 Deo,
947 1896 138 47 necesse
1047 1896 88 47 est
1097 1896 138 47 dicere,
1198 1896 100 47 quod
1248 1896 50 47 si

723 1933 172 37 transeunt
855 1933 80 37 in
895 1933 80 37 se
935 1933 159 37 inuicem,
1054 1933 66 37 &
1081 1933 80 37 in
1121 1933 146 37 diuinam
1213 1933 80 37 sub-

718 1963 169 40 stantiam
845 1963 169 40 secundum
972 1963 127 40 eorum
1056 1963 212 40 realitates,
1211 1963 85 40 quod

729 2000 114 43 etiam
806 2000 165 43 transeant
933 2000 89 43 quo
983 2000 76 43 ad
1022 2000 102 43 suas
1072 2000 191 43 formalitates.

761 2035 141 39 Tertio
859 2035 84 39 ad
902 2035 127 39 idem;
986 2035 141 39 Actus,
1085 2035 99 39 quo
1141 2035 113 39 Deus
1197 2035 99 39 videt

724 2064 175 52 Essentiam
858 2064 107 52 suam
925 2064 188 52 intuitiue,
1073 2064 94 52 est
1126 2064 107 52 vnus
1180 2064 121 52 simplex

730 2104 129 36 actus,
820 2104 90 36 non
872 2104 116 36 solum
949 2104 167 36 realiter,
1077 2104 90 36 sed
1129 2104 116 36 etiam
1193 2104 103 36 forma-

724 2137 117 55 liter,
806 2137 94 55 ergo
865 2137 117 55 diuina
947 2137 141 55 essentia
1052 2137 141 55 respodet
1158 2137 94 55 illi
1204 2137 94 55 actui,
