1500 2341
189 172 81 58 vt
229 172 108 58 vnum
296 172 175 58 obiectum,
431 172 94 58 non
485 172 121 58 solum
566 172 175 58 realiter,
687 172 67 58 sed

192 215 122 40 etiam
274 215 189 40 formaliter
422 215 189 40 Antecedens
571 215 189 40 conceditur
706 215 54 40 ab

193 249 111 47 eis,
262 249 235 47 Consequentiam
456 249 138 47 probo;
553 249 97 47 nam
608 249 124 47 peto,
677 249 83 47 unde

191 283 94 44 est,
250 283 94 44 quod
309 283 106 44 talis
380 283 106 44 actus
451 283 83 44 sit
498 283 94 44 vnus
557 283 153 44 realiter,
674 283 59 44 &
686 283 71 44 for-

195 317 146 45 maliter:
305 317 85 45 vel
353 317 110 45 dices
427 317 85 45 hoc
475 317 98 45 ideo
536 317 110 45 esse;
610 317 98 45 quia
658 317 98 45 diuina

203 351 149 42 Essentia,
317 351 91 42 quae
374 351 80 42 est
420 351 137 42 obiectum
522 351 160 42 adaequatum
648 351 126 42 illius,

199 394 87 36 est
248 394 87 36 vna
298 394 161 36 realiter,
422 394 62 36 &
447 394 186 36 formaliter,
596 394 62 36 &
621 394 99 36 tunc
670 394 87 36 habeo

207 422 175 41 propositum,
348 422 152 41 scilicet,
465 422 94 41 quod
523 422 70 41 in
558 422 70 41 ea
593 422 82 41 non
640 422 82 41 sit
675 422 82 41 plura

193 454 117 45 litas
271 454 130 45 talium
362 454 221 45 formalitatum:
543 454 91 45 vel
595 454 130 45 dices,
686 454 104 45 quod

196 487 81 41 hoc
243 487 93 41 ideo
301 487 93 41 est;
359 487 93 41 quia
417 487 93 41 ille
476 487 105 41 actus
546 487 81 41 est
592 487 163 41 infinitus,
720 487 58 41 &

193 521 188 41 illimitatus,
346 521 82 41 non
393 521 106 41 solum
463 521 153 41 realiter,
581 521 82 41 sed
628 521 106 41 etiam
687 521 70 41 for-

192 557 147 43 maliter,
302 557 135 43 ratione
400 557 110 43 cuius
474 557 221 43 illimitationis
658 557 86 43 sub
695 557 61 43 vna

190 584 162 50 realitate,
318 584 58 50 &
341 584 173 50 formalitate
480 584 139 50 continet
584 584 173 50 realitates,
722 584 58 50 &

190 632 213 35 formalitates
363 632 200 35 infinitorum
523 632 147 35 actuum,
630 632 67 35 &
656 632 93 35 per
696 632 67 35 con

196 658 138 46 sequens
297 658 126 46 tantum
385 658 138 46 potest,
486 658 138 46 quantum
586 658 75 46 si
624 658 126 46 essent
700 658 50 46 in

193 694 130 40 finiti
284 694 130 40 actus;
376 694 183 40 Quapropter
519 694 117 40 dato,
597 694 104 40 quod
650 694 104 40 diuina

198 724 134 45 Essentia
298 724 67 45 se
332 724 134 45 obijciat
432 724 89 45 isti
488 724 100 45 actui
555 724 78 45 sub
600 724 145 45 infinitis
700 724 56 45 for

193 761 188 41 malitatibus;
346 761 94 41 iste
405 761 106 41 tamen
476 761 118 41 actus,
558 761 82 41 qui
605 761 153 41 realiter,
723 761 59 41 &

188 794 168 42 formaliter
320 794 84 42 est
368 794 168 42 infinitus,
500 794 120 42 potest
584 794 84 42 per
632 794 120 42 vnicam
704 794 48 42 ra

192 825 137 41 tionem
288 825 165 41 formalem
412 825 178 41 intendere
549 825 82 41 in
590 825 124 41 omnes
659 825 96 41 forma

190 859 130 51 litates
285 859 201 51 attributorum,
450 859 94 51 quae
509 859 94 51 sunt
568 859 71 51 in
603 859 154 51 essentia;
710 859 47 51 si

192 894 104 46 ergo
257 894 91 46 sic
309 894 143 46 dicatur
413 894 117 46 plane
490 894 143 46 habetur
581 894 169 46 propositum;

197 935 91 34 nam
249 935 116 34 sicut
326 935 78 34 tu
365 935 116 34 ponis
443 935 103 34 quod
507 935 103 34 iste
572 935 116 34 actus
637 935 116 34 ratione

190 964 85 41 sue
238 964 218 41 illimitationis
420 964 157 41 contineat
541 964 85 41 sub
589 964 109 41 vnica
650 964 109 41 realita

197 999 89 40 te,
248 999 64 40 &
274 999 191 40 formalitate
426 999 114 40 omnes
503 999 191 40 realitates,
655 999 64 40 &
668 999 89 40 forma

193 1031 143 41 litates
297 1031 195 41 infinitorum
453 1031 130 41 actuum
543 1031 130 41 absque
634 1031 130 41 aliqua
712 1031 52 41 di

191 1068 196 38 stinctione,
348 1068 65 38 &
374 1068 91 38 per
426 1068 183 38 consequens
569 1068 130 38 tantum
648 1068 104 38 possit

199 1107 126 39 quantum
290 1107 137 39 infiniti
393 1107 103 39 actus
462 1107 160 39 distincti,
587 1107 69 39 si
622 1107 126 39 essent,
702 1107 57 39 pa-

192 1134 79 44 ri
231 1134 146 44 ratione
337 1134 119 44 debes
417 1134 132 44 ponere
509 1134 106 44 quod
576 1134 132 44 diuina
655 1134 106 44 essen-

191 1166 94 44 tia,
250 1166 82 44 cum
297 1166 82 44 sit
344 1166 141 44 infinita
449 1166 152 44 realiter,
567 1166 59 44 &
590 1166 164 44 formalite,
707 1166 59 44 pos

203 1207 73 35 it
239 1207 157 35 continere
360 1207 85 35 sub
408 1207 85 35 vna
457 1207 169 35 realitate,
590 1207 60 35 &
602 1207 157 35 formalitate

191 1239 110 36 omnes
264 1239 184 36 realitates,
411 1239 61 36 &
436 1239 196 36 formalitates
583 1239 171 36 attributorum

194 1271 100 41 sine
256 1271 100 41 omni
319 1271 213 41 distinctione;
494 1271 63 41 &
519 1271 88 41 per
569 1271 175 41 consequens
694 1271 63 41 tam

199 1301 88 43 tum
250 1301 126 43 habeat
338 1301 76 43 de
376 1301 189 43 perfectione
527 1301 88 43 sub
578 1301 101 43 eius
628 1301 126 43 realita-

198 1340 85 39 te,
247 1340 61 39 &
271 1340 195 39 formalitate,
430 1340 122 39 quatum
515 1340 159 39 infinitae
625 1340 134 39 perfectio

197 1373 77 44 nes
241 1373 121 44 creatae
329 1373 66 44 si
361 1373 121 44 essent,
449 1373 77 44 sub
493 1373 142 44 insinitis
603 1373 88 44 suis
646 1373 110 44 realita-

193 1404 128 41 tibus,
283 1404 64 41 &
308 1404 230 41 formalitatibus
488 1404 166 41 continerent

226 1438 87 44 Nec
275 1438 111 44 valet
349 1438 74 44 si
386 1438 148 44 dicatur,
498 1438 99 44 quod
559 1438 99 44 ille
621 1438 124 44 actus,
695 1438 62 44 quo

201 1474 115 39 Deus
272 1474 172 39 intuetur
402 1474 187 39 essentiam
545 1474 115 39 suam
617 1474 101 39 cum
660 1474 101 39 omni-

201 1502 80 45 bus
246 1502 160 45 attributis
372 1502 80 45 est
418 1502 149 45 infinitus
532 1502 137 45 realiter
635 1502 126 45 tantum,
727 1502 57 45 &

202 1541 83 39 hoc
249 1541 142 39 sufficit
356 1541 71 39 ad
391 1541 95 39 hoc,
451 1541 71 39 vt
486 1541 118 39 tantum
569 1541 130 39 possit,
652 1541 106 39 quantum

203 1573 141 40 infiniti
309 1573 106 40 actus
379 1573 70 40 si
414 1573 129 40 essent:
508 1573 82 40 Nam
555 1573 82 40 sic
602 1573 129 40 dicendo
684 1573 82 40 inci-

203 1605 120 48 derent
287 1605 72 48 in
323 1605 108 48 illud
395 1605 96 48 quod
455 1605 120 48 volunt
539 1605 132 48 vitare,
635 1605 108 48 quia,
695 1605 72 48 quam

197 1650 92 30 uis
250 1650 171 30 huiusmodi
381 1650 119 30 actus
461 1650 132 30 tantum
553 1650 145 30 possit,
645 1650 119 30 quantum

197 1675 148 44 infiniti
308 1675 111 44 actus
382 1675 124 44 creati
468 1675 86 44 sub
518 1675 99 44 vna,
580 1675 62 44 &
604 1675 111 44 eadem
666 1675 99 44 reali-

200 1707 121 45 tate,
280 1707 94 45 non
334 1707 121 45 tamen
415 1707 135 45 tantum
509 1707 135 45 potest
603 1707 94 45 sub
657 1707 108 45 vna,
725 1707 67 45 &

206 1742 99 38 eade
268 1742 199 38 formalitate,
429 1742 62 38 &
454 1742 87 38 sic
504 1742 87 38 non
554 1742 112 38 esset
628 1742 99 38 vnus
678 1742 87 38 actus

198 1776 188 42 formaliter,
349 1776 138 42 quamuis
449 1776 88 42 sit
500 1776 100 42 vnus
562 1776 113 42 actus
625 1776 138 42 realiter,

202 1811 104 48 quod
267 1811 104 48 ipsi
332 1811 169 48 intendunt
450 1811 117 48 vitare.

239 1844 141 49 Quarto,
342 1844 77 49 si
380 1844 167 49 attributa
509 1844 154 49 manerent
625 1844 77 49 in
663 1844 90 49 Deo
702 1844 64 49 di-

202 1879 146 38 stincta
308 1879 160 38 secundum
428 1879 160 38 proprias
548 1879 160 38 rationes
654 1879 107 38 forma-

211 1910 95 44 les,
270 1910 178 44 sequeretur,
413 1910 95 44 quod
472 1910 142 44 darentur
578 1910 83 44 ibi
626 1910 130 44 diuersa
709 1910 59 44 es-

202 1952 75 37 se
239 1952 188 37 formaliter,
389 1952 175 37 consequens
527 1952 88 37 est
577 1952 138 37 falsum,
677 1952 100 37 ergo
727 1952 38 37 &

204 1981 193 39 antecedens
356 1981 69 39 :
383 1981 220 39 Consequentia
562 1981 138 39 patet,
658 1981 69 39 &
672 1981 96 39 probo

203 2015 175 42 Falsitatem
340 2015 212 42 consequentis,
514 2015 100 42 quia
577 2015 87 42 vel
627 2015 100 42 esse
677 2015 87 42 diui-

203 2044 86 48 num
252 2044 148 48 includit
363 2044 74 48 in
400 2044 86 48 suo
449 2044 172 48 intellectu
584 2044 135 48 formali
683 2044 62 48 &
695 2044 74 48 quid

204 2083 141 55 ditatiuo
310 2083 94 55 esse
368 2083 164 55 cuiuslibet
497 2083 164 55 attributi,
626 2083 82 55 vel
673 2083 94 55 non,
720 2083 47 55 si

771 176 166 48 includit,
899 176 115 48 habeo
976 176 192 48 propositum,
1129 176 77 48 si
1167 176 89 48 non
1206 176 141 48 includit;

778 217 101 33 ergo
841 217 88 33 per
892 217 189 33 intellectum
1043 217 139 33 poterit
1144 217 151 33 abstrahi
1257 217 76 33 ab
1282 217 63 33 es-

781 250 116 37 sentia
863 250 93 37 esse
921 250 163 37 cuiuslibet
1049 250 163 37 attributi,
1177 250 81 37 hoc
1224 250 105 37 autem
1282 250 58 37 est

778 283 148 44 salsum,
885 283 67 44 &
912 283 134 44 contra
1006 283 81 44 D.
1046 283 188 44 Dionysiums
1194 283 81 44 de
1221 283 121 44 diuinis

778 324 177 36 nominibus,
917 324 88 36 vbi
968 324 126 36 dicit,
1056 324 101 36 quod
1120 324 101 36 Deus
1183 324 88 36 ita
1233 324 76 36 se
1259 324 88 36 totum

773 358 188 39 praeaccepit
924 358 113 39 esse,
999 358 100 39 quod
1062 358 113 39 etiam
1137 358 188 39 praeaccepit
1275 358 63 39 cum

771 384 106 39 esse
837 384 132 39 diuino
930 384 106 39 esse
996 384 132 39 omnium
1088 384 225 39 attributorum,
1261 384 79 39 vnde

779 418 74 40 si
816 418 186 40 definiretur
964 418 99 40 esse
1026 418 149 40 diuinum,
1138 418 99 40 esse
1200 418 124 40 omnium
1274 418 62 40 at-

778 453 183 49 tributorum
921 453 144 49 caderet
1026 453 78 49 in
1065 453 91 49 sua
1117 453 196 49 definitione
1261 453 78 49 ergo

777 486 97 46 non
832 486 138 46 potest
929 486 166 46 abstrahi
1053 486 166 46 secundum
1177 486 110 46 suam
1233 486 110 46 forma-

775 520 88 42 lem
826 520 150 42 rationem
938 520 75 42 ab
976 520 100 42 esse
1038 520 175 42 attributi,
1176 520 113 42 facio
1239 520 100 42 namque

780 552 87 49 vim
829 552 74 49 in
866 552 74 49 eo
903 552 99 49 quod
965 552 111 49 dicit
1040 552 74 49 D.
1077 552 173 49 Dionysius,
1201 552 136 49 praeacce-

780 588 93 45 pit,
839 588 58 45 &
862 588 81 45 non
908 588 105 45 dicit
978 588 140 45 absolute
1083 588 140 45 accepit,
1188 588 93 45 quia
1246 588 81 45 vbi
1281 588 58 45 est

779 626 137 45 absoluta
881 626 148 45 acceptio,
995 626 80 45 ibi
1041 626 80 45 est
1086 626 160 45 possibilis
1212 626 114 45 aliqua
1280 626 57 45 se-

784 660 135 39 paratio,
885 660 78 39 vel
930 660 168 39 abstractio,
1064 660 78 39 sed
1109 660 78 39 vbi
1154 660 78 39 est
1187 660 146 39 preacceptio

771 690 81 42 ibi
818 690 81 42 est
864 690 185 42 impossibilis
1014 690 173 42 abstractio,
1152 690 92 42 quia
1199 690 139 42 praeaccipe

773 732 77 34 re
812 732 103 34 idem
876 732 103 34 est,
940 732 103 34 quod
1005 732 77 34 in
1043 732 180 34 accipiendo
1172 732 167 34 praeuenire;

771 760 145 36 oportet
876 760 119 36 autem
955 760 105 36 quod
1021 760 184 36 praeuentio
1153 760 184 36 intelligatur

771 794 93 41 ante
830 794 174 41 intellectum
969 794 140 41 alicuius
1074 794 209 41 abstractionis,
1248 794 81 41 vel
1283 794 58 41 se-

782 832 190 34 parationis
932 832 163 34 Concludo
1054 832 109 34 ergo
1122 832 109 34 quod
1190 832 82 34 in
1231 832 95 34 Deo
1272 832 68 34 non

773 864 97 39 sunt
833 864 109 39 plura
906 864 97 39 esse
966 864 169 39 formaliter
1099 864 169 39 distincta,
1231 864 84 39 sed
1268 864 72 39 vnum

780 894 127 39 tantum
869 894 102 39 esse
933 894 140 39 formale
1035 894 140 39 diuinae
1137 894 178 39 essentiae,
1277 894 64 39 &
1290 894 51 39 om

771 926 105 47 nium
836 926 222 47 attributorum,
1019 926 65 47 &
1045 926 91 47 sic
1098 926 170 47 attributa
1228 926 91 47 non
1268 926 78 47 sunt

773 962 81 43 ibi
820 962 151 43 distincta
936 962 174 43 formaliter;
1076 962 58 43 &
1099 962 93 43 ista
1157 962 81 43 est
1204 962 140 43 intentio
1297 962 47 43 Po

782 998 102 37 Aug.
846 998 89 37 12.
897 998 76 37 de
935 998 127 37 Trinit
1024 998 89 37 cap
1075 998 64 37 4
1100 998 89 37 vbi
1151 998 127 37 dicit,
1240 998 102 37 quod
1291 998 51 37 in

782 1030 89 45 Deo
833 1030 101 45 idem
896 1030 89 45 est
947 1030 127 45 iustum
1035 1030 114 45 esse,
1111 1030 101 45 quod
1175 1030 114 45 bonum
1250 1030 114 45 esse,

775 1065 64 44 &
801 1065 103 44 idem
865 1065 116 44 bonum
942 1065 116 44 esse,
1019 1065 103 44 quod
1083 1065 128 44 iustum
1173 1065 116 44 esse,
1250 1065 64 44 &
1263 1065 77 44 ali-

785 1098 73 39 bi
821 1098 73 39 in
858 1098 86 39 Deo
907 1098 98 39 idem
968 1098 86 39 est
1017 1098 122 39 sapere
1103 1098 98 39 quod
1151 1098 86 39 esse-

817 1133 203 43 NVNCtertio.
980 1133 81 43 Ad
1021 1133 162 43 rationes
1142 1133 176 43 praefatae
1264 1133 68 43 opi

777 1165 131 46 nionis
856 1165 183 46 respondetur.

817 1196 79 48 Ad
856 1196 146 48 primam,
962 1196 146 48 concedo
1068 1196 119 48 totum
1148 1196 172 48 scilicet,
1267 1196 79 48 quod

775 1235 80 45 in
815 1235 94 45 Deo
868 1235 94 45 est
922 1235 161 45 ponendum
1043 1235 161 45 quicquid
1164 1235 121 45 dicit
1231 1235 107 45 perfe-

776 1271 139 42 ctionem
877 1271 202 42 simpliciter,
1042 1271 63 42 &
1067 1271 101 42 quod
1130 1271 164 42 attributa
1244 1271 88 42 secun

785 1303 93 38 dum
838 1303 160 38 formales
958 1303 160 38 rationes
1078 1303 133 38 dicant
1158 1303 187 38 perfectionem

779 1337 196 52 simpliciter,
938 1337 86 52 cum
987 1337 98 52 vero
1049 1337 147 52 additur,
1159 1337 98 52 quod
1220 1337 86 52 ibi
1257 1337 86 52 reser

777 1372 134 42 uantur
871 1372 175 42 distincta
1005 1372 161 42 secundum
1126 1372 161 42 formales
1233 1372 108 42 ratio-

779 1402 88 49 nes
830 1402 75 49 ex
867 1402 126 49 natura
955 1402 101 49 rei;
1018 1402 101 49 dico
1081 1402 101 49 quod
1144 1402 75 49 de
1182 1402 113 49 ipsis
1244 1402 101 49 possu-

778 1440 94 44 mus
831 1440 121 44 loqui
912 1440 202 44 dupliciter,
1074 1440 94 44 vno
1128 1440 108 44 modo
1195 1440 121 44 prout
1262 1440 81 44 sunt

783 1474 73 44 in
819 1474 158 44 creaturis
941 1474 146 44 limitata
1051 1474 73 44 ad
1087 1474 122 44 genus,
1173 1474 61 44 &
1197 1474 73 44 ad
1221 1474 122 44 speciem,

783 1507 105 35 alio
849 1507 119 35 modo,
928 1507 119 35 prout
1007 1507 105 35 sunt
1073 1507 79 35 in
1112 1507 92 35 Deo
1165 1507 132 35 omnino
1244 1507 105 35 illimi

781 1542 115 39 tata,
858 1542 77 39 si
897 1542 154 39 loquamur
1012 1542 77 39 de
1050 1542 179 39 attributis
1191 1542 115 39 primo
1255 1542 90 39 modo,

781 1580 107 35 dico
848 1580 107 35 quod
915 1580 161 35 secundum
1035 1580 107 35 suas
1102 1580 161 35 formales
1209 1580 134 35 rationes

777 1609 101 43 sunt
840 1609 164 43 distincta
967 1609 76 43 ex
1004 1609 126 43 natura
1093 1609 101 43 rei,
1156 1609 88 43 non
1206 1609 114 43 solum
1269 1609 76 43 for-

781 1643 147 43 maliter,
891 1643 86 43 sed
940 1643 111 43 etiam
1014 1643 160 43 realiter,
1137 1643 74 43 si
1174 1643 98 43 vero
1223 1643 123 43 loquamur

785 1676 78 37 de
824 1676 91 37 eis
876 1676 143 37 secundo
980 1676 117 37 modo,
1058 1676 91 37 sic
1111 1676 104 37 dico
1176 1676 104 37 quod
1228 1676 117 37 ratione

787 1710 93 40 suae
846 1710 222 40 illimitationis,
1032 1710 105 40 sicut
1102 1710 93 40 sunt
1160 1710 93 40 idem
1219 1710 152 40 realiter,

784 1745 88 36 ita
834 1745 113 36 etiam
909 1745 100 36 sunt
971 1745 100 36 idem
1034 1745 188 36 formaliter,
1184 1745 100 36 vnde
1234 1745 113 36 videtur

781 1776 103 43 quod
845 1776 103 43 ista
910 1776 116 43 ratio
987 1776 129 43 peccet
1077 1776 90 43 per
1128 1776 167 43 fallaciam
1244 1776 103 43 conse-

790 1810 171 48 sequentis,
924 1810 98 48 quia
985 1810 146 48 procedit
1095 1810 61 48 a
1119 1810 146 48 pluribus
1229 1810 122 48 causis
1302 1810 49 48 ve

786 1845 148 46 ritatis
893 1845 81 46 ad
934 1845 108 46 vnam
988 1845 121 46 tantum,

818 1880 80 40 Ad
858 1880 253 40 confirmationem,
1071 1880 93 40 cum
1124 1880 160 40 dicitur,
1244 1880 107 40 quod
1298 1880 53 40 si

786 1914 187 37 attributum
933 1914 94 37 non
986 1914 120 37 esset
1066 1914 80 37 in
1106 1914 94 37 Deo
1160 1914 160 37 secundum
1267 1914 80 37 suam

781 1950 151 38 rationem
895 1950 164 38 formalem,
1021 1950 88 38 non
1071 1950 113 38 esset
1147 1950 88 38 ibi
1197 1950 101 38 nisi
1247 1950 101 38 secun-

789 1981 92 48 dum
841 1981 105 48 esse
907 1981 170 48 cognitum,
1037 1981 157 48 concedo,
1155 1981 144 48 quamuis
1246 1981 105 48 posset

783 2017 155 36 negari,
896 2017 99 36 hoc
952 2017 113 36 enim
1023 2017 170 36 concesso
1150 2017 127 36 adhuc
1235 2017 99 36 non
1277 2017 71 36 ha-

786 2048 125 46 betur
870 2048 209 46 propositum,
1037 2048 97 46 non
1092 2048 111 46 enim
1162 2048 167 46 oportet,
1273 2048 84 46 quod

787 2085 77 54 si
826 2085 166 54 quodlibet
953 2085 89 54 est
1004 2085 77 54 in
1043 2085 89 54 Deo
1094 2085 153 54 secundum
1209 2085 102 54 suam
1260 2085 89 54 ratio
