1500 2388
142 175 353 60 ARTICVLVS
386 175 245 60 PRIMVS.

99 254 124 39 Vtrum
182 254 207 39 suppositum,
348 254 69 39 &
376 254 138 39 natura
473 254 83 39 in
514 254 124 39 rebus
583 254 97 39 crea-

125 291 99 40 tis
182 291 99 40 ita
238 291 114 40 sint
309 291 199 40 adaequata,
465 291 114 40 quod
536 291 114 40 vnum
593 291 71 40 non

211 324 119 47 possit
294 324 178 47 plurisicari
437 324 95 47 sine
484 324 107 47 altero.

172 532 75 41 D
202 532 104 41 hoc
262 532 104 41 est
321 532 268 41 intelligendum,
545 532 119 41 quod
604 532 75 41 ra-

106 543 112 68 tio
170 543 192 68 supposit
314 543 112 68 non
378 543 208 68 inuenitur
522 543 160 68 proprie,

104 607 97 41 nisi
165 607 73 41 in
201 607 122 41 genere
286 607 195 41 substantiae,
445 607 97 41 quod
505 607 97 41 ideo
566 607 97 41 est,
615 607 73 41 quia

104 640 71 38 de
140 640 131 38 ratione
235 640 155 38 suppositi
354 640 83 38 est
402 640 83 38 per
449 640 71 38 se
485 640 178 38 subsistere;
616 640 71 38 quae

104 678 146 39 conditio
213 678 85 39 non
262 678 146 39 conuenit
372 678 97 39 nisi
432 678 195 39 substantiae:
591 678 73 39 si
615 678 73 39 ergo

109 707 201 42 comparetur
267 707 201 42 suppositum
425 707 86 42 ad
468 707 158 42 naturam
583 707 86 42 de
612 707 72 42 ge-

110 741 106 37 nere
176 741 211 37 substantiae,
348 741 119 37 cuius
427 741 159 37 proprium
546 741 92 37 est
585 741 106 37 habere

110 775 188 39 supposita,
258 775 67 39 &
284 775 175 39 quaeratur
419 775 121 39 vtrum
500 775 135 39 natura
594 775 81 39 de
621 775 67 39 ge-

107 813 108 45 nere
175 813 217 45 substantiae,
351 813 68 45 &
378 813 108 45 suum
446 813 163 45 proprium
555 813 135 45 supposi-

104 849 104 44 tum,
169 849 78 44 in
208 849 91 44 quo
260 849 104 44 est,
324 849 104 44 sint
389 849 130 44 omnino
480 849 181 44 adaequata:
609 849 78 44 Dico

108 882 101 43 quod
171 882 101 43 sic,
234 882 113 43 itaut
310 882 88 43 non
360 882 126 43 possit
449 882 189 43 plurificari
587 882 101 43 natura

104 925 91 33 non
156 925 196 33 plurificato
313 925 183 33 supposito,
456 925 65 33 &
482 925 65 33 e
508 925 170 33 conuerso,
626 925 65 33 nec

105 949 191 46 suppositum
255 949 136 46 absque
351 949 150 46 natura,
459 949 95 46 has
514 949 109 46 duas
568 949 123 46 conclu-

113 985 178 42 clusiones
250 985 123 42 probo
332 985 96 42 per
373 985 137 42 ordinem.

104 1021 136 47 Primam
200 1021 109 47 sic,
268 1021 82 47 si
308 1021 136 47 natura
404 1021 245 47 plurificaretur
594 1021 95 47 mane-

113 1058 81 39 te
153 1058 121 39 eodem
234 1058 175 39 supposito
368 1058 188 39 sequeretur
516 1058 121 39 vnum,
597 1058 67 39 &
610 1058 81 39 idem

108 1090 178 45 suppositum
248 1090 102 45 esse
311 1090 76 45 in
349 1090 152 45 diuersis
464 1090 178 45 speciebus,
590 1090 102 45 conse-

126 1125 117 47 iuens
204 1125 91 47 est
256 1125 143 47 falsum,
360 1125 104 47 ergo
425 1125 65 47 &
451 1125 195 47 antecedens:
594 1125 104 47 Falsi-

126 1168 79 34 as
165 1168 132 34 patet,
258 1168 93 34 nam
311 1168 132 34 dicere
404 1168 106 34 quod
470 1168 93 34 vna
523 1168 93 34 res
563 1168 132 34 alicuius

121 1192 208 50 praedicamenti
292 1192 147 50 absoluti
402 1192 86 50 sit
451 1192 73 50 in
487 1192 147 50 diuersis
585 1192 110 50 specie-

124 1232 87 45 bus
173 1232 124 45 illius
260 1232 224 45 praedicamenti,
447 1232 87 45 est
497 1232 124 45 dicere
584 1232 100 45 quod
634 1232 62 45 vna

113 1271 89 39 res
164 1271 153 39 absoluta
279 1271 89 39 sit
330 1271 140 39 plures,
432 1271 102 39 quod
496 1271 128 39 nullus
572 1271 128 39 diceret:

115 1299 128 49 probo
200 1299 241 49 Consequetiam,
398 1299 85 49 ad
441 1299 128 49 cuius
512 1299 184 49 probationem

114 1333 100 41 duo
171 1333 171 41 suppono,
299 1333 143 41 primum
399 1333 114 41 est,
471 1333 114 41 quod
542 1333 157 41 natura,
656 1333 71 41 &

116 1369 195 44 suppositum
270 1369 112 44 sunt
339 1369 98 44 vna
395 1369 98 44 res
451 1369 167 44 absoluta
576 1369 153 44 eiusdem

118 1402 148 39 speclei
225 1402 121 39 (quod
306 1402 121 39 omnes
387 1402 216 39 concederent)
562 1402 121 39 licet
630 1402 67 39 ha-

115 1440 123 42 beant
197 1440 123 42 aliam
279 1440 246 42 distinctionem,
484 1440 82 42 de
525 1440 96 42 qua
579 1440 96 42 non
620 1440 82 42 curo

120 1477 75 39 ad
157 1477 162 39 praesens,
281 1477 100 39 quia
344 1477 137 39 habebit
443 1477 112 39 locum
518 1477 75 39 in
556 1477 125 39 tertio
643 1477 87 39 lib

124 1508 156 44 Secundo
237 1508 170 44 suppono,
364 1508 113 44 quod
435 1508 142 44 natura
534 1508 99 44 non
577 1508 127 44 plurifi

126 1541 103 45 cetur
194 1541 80 45 per
240 1541 69 45 se
274 1541 92 45 nisi
332 1541 69 45 in
366 1541 172 45 diuersitate
503 1541 137 45 speciei,
606 1541 80 45 hoc
641 1541 57 45 enm

131 1583 86 38 est
180 1583 134 38 naturam
277 1583 86 38 per
326 1583 73 38 se
363 1583 195 38 plurificari,
522 1583 110 38 ipsam
583 1583 122 38 scilicet

123 1611 210 40 diuersificari
296 1611 87 40 per
345 1611 198 40 differentias
506 1611 186 40 essentiales
642 1611 62 40 in-

127 1649 184 38 trinsecas,
271 1649 105 38 quod
337 1649 92 38 non
390 1649 118 38 habet
468 1649 118 38 locum
547 1649 105 38 nisi
613 1649 79 38 in
639 1649 66 38 di-

131 1688 117 34 uersis
213 1688 163 34 speciebus,
341 1688 93 34 quia
400 1688 105 34 licet
470 1688 187 34 plurificetur
621 1688 70 34 in
645 1688 58 34 ea-

127 1720 90 38 dem
178 1720 141 38 specie,
281 1720 90 38 hoc
332 1720 90 38 non
383 1720 90 38 est
434 1720 90 38 per
485 1720 141 38 aliquod
575 1720 128 38 essentia

130 1752 75 45 le
167 1752 199 45 intrinsecum,
329 1752 87 45 sed
378 1752 112 45 magis
453 1752 87 45 per
503 1752 137 45 aliquod
590 1752 112 45 accidem

134 1785 95 45 tale
194 1785 191 45 extrinsecum,
349 1785 143 45 quicquid
456 1785 84 45 sit
504 1785 119 45 illud:
588 1785 107 45 istis
647 1785 60 45 sup

135 1820 126 49 posits
223 1820 201 49 consequentia
387 1820 126 49 patet,
475 1820 88 49 nam
525 1820 75 49 si
563 1820 126 49 natura
638 1820 63 49 por

134 1857 74 42 se
171 1857 184 42 plurificata
318 1857 86 42 est
367 1857 172 42 diuersarum
502 1857 172 42 specierum,
637 1857 74 42 vt
662 1857 49 42 di

123 1890 102 48 cit,
187 1890 102 48 ista
250 1890 140 48 secunda
352 1890 114 48 suppo
428 1890 102 48 tio,
492 1890 64 48 &
517 1890 178 48 suppositum
644 1890 64 48 est

131 1926 142 47 eiusdem
234 1926 142 47 speciei
338 1926 90 47 cum
389 1926 142 47 natura,
493 1926 77 47 vt
531 1926 116 47 dicit
596 1926 116 47 supposi

131 1963 93 44 tio
184 1963 132 44 prima,
276 1963 172 44 sequitur,
408 1963 106 44 quod
474 1963 119 44 illud
540 1963 159 44 suppositum

126 1993 113 42 quod
197 1993 184 42 ponebatur
338 1993 141 42 manere
437 1993 127 42 idem,
521 1993 99 42 sit
564 1993 141 42 diuersa-

129 2032 108 47 rum
175 2032 184 47 specierum.

128 2060 85 52 Si
170 2060 127 52 autem
255 2060 170 52 dicatur,
383 2060 113 52 quod
453 2060 142 52 natura
538 2060 170 52 plurifice-

133 2097 91 43 tur
185 2097 131 43 saltem
277 2097 91 43 per
329 2097 157 43 accidens
447 2097 78 43 in
486 2097 118 43 eadem
564 2097 131 43 specie
643 2097 65 43 ma-

127 2131 132 51 nente
216 2131 132 51 eodem
304 2131 206 51 supposito,
466 2131 132 51 probo
554 2131 132 51 etiam
628 2131 88 51 quod

701 176 120 50 istud
780 176 93 50 sit
834 176 212 50 impossibile;
1006 176 106 50 quia
1073 176 186 50 sequeretur
1205 176 80 50 quod

705 224 134 35 plures
798 224 147 35 naturae
906 224 134 35 essent
999 224 94 35 vna
1053 224 147 35 natura,
1160 224 107 35 quod
1214 224 67 35 est

704 252 141 38 falsum,
807 252 102 38 quia
871 252 179 38 implicatur
1011 252 218 38 contradictio,
1178 252 102 38 Conse-

703 290 173 40 quentiam
832 290 144 40 probo,
934 290 173 40 siquidem
1063 290 144 40 plures
1150 290 130 40 natura:

704 327 141 36 eiusdem
807 327 141 36 speciei
909 327 103 36 esse
973 327 77 36 in
1012 327 115 36 eodem
1089 327 179 36 supposito,
1217 327 64 36 vel

701 357 96 47 est
756 357 151 47 falsum,
866 357 96 47 vel
921 357 110 47 sunt
990 357 138 47 omnino
1086 357 110 47 vna,
1155 357 69 47 &
1169 357 110 47 eadem;

703 395 92 44 quia
760 395 69 44 si
794 395 115 44 essent
875 395 172 44 distinctae,
1012 395 80 44 hoc
1058 395 80 44 vel
1104 395 103 44 esset
1173 395 80 44 per
1207 395 69 44 ali-

701 433 103 44 quod
765 433 180 44 essentiale
907 433 205 44 intrinsecum,
1074 433 90 44 vel
1125 433 90 44 per
1163 433 116 44 aliquod

702 466 189 42 accidentale
854 466 202 42 extrinsecam,
1018 466 88 42 non
1068 466 88 42 per
1106 466 177 42 intrinsecum,

703 504 100 40 quia
765 504 100 40 tunc
827 504 124 40 essent
914 504 187 40 distinctae,
1063 504 149 40 secundum
1163 504 112 40 specie.

701 534 120 38 cuius
780 534 186 38 contrarium
926 534 199 38 supponitur,
1086 534 93 38 non
1139 534 93 38 per
1179 534 106 38 extrin

696 570 125 41 secum
779 570 222 41 accidentale,
960 570 111 41 quia
1029 570 111 41 omne
1099 570 111 41 tale
1154 570 139 41 consequi

704 603 95 40 tur
759 603 163 40 naturam,
881 603 150 40 ratione
990 603 191 40 suppositi,
1140 603 68 40 &
1167 603 95 40 non
1208 603 68 40 ra-

709 634 117 45 tione
787 634 104 45 sui,
852 634 91 45 cum
904 634 169 45 abstrahat
1033 634 156 45 secundum
1150 634 78 45 se
1189 634 78 45 ab
1215 634 65 45 om-

703 670 77 45 ni
742 670 115 45 tali:
818 670 90 45 vbi
870 670 102 45 ergo
934 670 90 45 est
985 670 102 45 idem
1049 670 192 45 suppositum,
1189 670 90 45 etiam

706 706 83 38 hoc
754 706 155 38 principiu
873 706 155 38 distictum
992 706 83 38 est
1039 706 107 38 idem,
1111 706 59 38 &
1122 706 167 38 prconsequens

703 743 93 38 non
756 743 147 38 possunt
863 743 93 38 per
916 743 120 38 ipsum
996 743 187 38 distingui:
1129 743 160 38 remanebunt

705 780 105 44 ergo
771 780 211 44 indistincta,
942 780 66 44 &
969 780 92 44 sic
1021 780 119 44 erunt
1100 780 92 44 vna
1153 780 132 44 natura
1232 780 53 44 Ex

710 810 129 40 tendit
800 810 116 40 autem
878 810 77 40 se
916 810 103 40 ista
981 810 116 40 ratio
1058 810 116 40 etiam
1135 810 77 40 ad
1174 810 142 40 naturam

710 846 79 44 de
749 846 132 44 genere
841 846 197 44 accidentis,
999 846 79 44 de
1039 846 132 44 quibus
1131 846 118 44 etiam
1197 846 92 44 verum

710 880 102 41 est,
774 880 102 41 quod
838 880 127 41 plures
927 880 140 41 naturae
1028 880 140 41 eiusdem
1130 880 140 41 speciel
1219 880 64 41 non

721 917 142 42 possunt
824 917 103 42 esse
889 917 77 42 in
927 917 116 42 eodem
1005 917 167 42 subiecto,
1133 917 64 42 &
1159 917 90 42 sic
1198 917 90 42 patet

717 961 107 35 prima
789 961 155 35 conclusio
908 961 95 35 quoe
967 961 71 35 na
1003 961 83 35 non
1051 961 119 35 potest
1122 961 167 35 plurificari,

711 992 92 35 non
763 992 197 35 plurificato
921 992 184 35 supposito,
1066 992 184 35 accipiendo
1210 992 79 35 eo
1236 992 53 35 mo

713 1023 93 42 do,
766 1023 93 42 quo
819 1023 133 42 dictum
898 1023 80 42 est.

742 1051 129 50 Probo
828 1051 172 50 secundam
957 1051 244 50 conclusionem,
1158 1051 115 50 quod
1215 1051 72 50 sup

714 1094 133 43 posita
807 1094 93 43 non
860 1094 146 43 possunt
966 1094 199 43 plurificari
1126 1094 146 43 manente
1219 1094 66 43 ea-

714 1127 104 41 dem
774 1127 163 41 natura:
892 1127 119 41 Quia
966 1127 119 41 tunc
1041 1127 223 41 sequeretur,
1204 1127 89 41 quod

711 1162 133 41 natura
804 1162 133 41 talium
897 1162 212 41 suppositorum
1069 1162 120 41 esset
1149 1162 146 41 necesse
1242 1162 53 41 es

716 1192 95 40 se;
771 1192 190 40 consequens
920 1192 95 40 est
975 1192 149 40 falsum;
1083 1192 109 40 ergo
1151 1192 68 40 &
1165 1192 122 40 antece-

710 1230 126 45 dens:
794 1230 196 45 Falsitatem
948 1230 126 45 probo
1032 1230 84 45 ex
1074 1230 154 45 duobus;
1172 1230 98 45 primo

718 1261 107 46 quia
784 1261 107 46 cum:
851 1261 160 46 loquamur
971 1261 80 46 in
1011 1261 120 46 rebus
1091 1261 160 46 creatis,
1198 1261 93 46 opor-

717 1306 96 38 tet
772 1306 110 38 quod
841 1306 110 38 ista
909 1306 151 38 natura,
1019 1306 110 38 quae
1087 1306 151 38 ponitur
1183 1306 110 38 manere

716 1332 138 44 eadem,
813 1332 97 44 sit
868 1332 110 44 quid
937 1332 166 44 creatum,
1061 1332 138 44 nullum
1158 1332 124 44 autem
1227 1332 69 44 ens

723 1369 136 41 creatum
821 1369 124 41 potest
908 1369 99 41 dici
970 1369 136 41 necesse
1069 1369 111 41 esse,
1143 1369 74 41 vt
1180 1369 74 41 ad
1205 1369 86 41 prae-

720 1403 105 40 sens
786 1403 158 40 suppono,
904 1403 105 40 quia
970 1403 79 40 in
1009 1403 145 40 secundo
1115 1403 118 40 libro
1181 1403 118 40 habebit

719 1439 128 41 locum:
809 1439 90 41 est
860 1439 103 41 ergo
924 1439 205 41 impossibile,
1091 1439 103 41 quod
1155 1439 115 41 talis
1219 1439 77 41 natu

719 1471 82 45 ra
760 1471 96 45 sit
815 1471 150 45 necesse
910 1471 96 45 esse.

750 1505 153 53 Secundo
862 1505 112 53 quia
931 1505 139 53 natura
1029 1505 98 53 non
1085 1505 139 53 potest
1182 1505 112 53 esse
1238 1505 56 53 ma

727 1540 111 46 ioris
801 1540 209 46 necessitatis,
973 1540 98 46 quam
1034 1540 185 46 suppositum,
1182 1540 111 46 sicut
1244 1540 49 46 ap

732 1577 129 40 paret
818 1577 186 40 inducendo
961 1577 86 40 in
1004 1577 172 40 omnibus:
1133 1577 115 40 nunc
1191 1577 100 40 autem

729 1612 170 41 upposita,
860 1612 105 41 quae
925 1612 223 41 plurificantur
1109 1612 92 41 sub
1161 1612 118 41 eadem
1227 1612 65 41 na-

723 1651 110 39 tura,
796 1651 73 39 in
833 1651 159 39 creaturis
955 1651 134 39 possunt
1053 1651 98 39 esse
1114 1651 61 39 &
1138 1651 86 39 non
1187 1651 110 39 esse;
1248 1651 49 39 du

724 1682 76 40 in
762 1682 114 40 eorum
838 1682 227 40 plurificatione
1028 1682 88 40 sit
1078 1682 126 40 exitus
1167 1682 76 40 de
1192 1682 101 40 poten-

723 1716 90 38 tia
774 1716 77 38 ad
813 1716 128 38 actum,
902 1716 64 38 &
928 1716 166 38 processus
1056 1716 77 38 de
1094 1716 90 38 non
1145 1716 102 38 esse
1209 1716 77 38 ad
1235 1716 64 38 es-

725 1754 92 35 se;
777 1754 105 35 erit
843 1754 105 35 ergo
908 1754 144 35 secudum
1013 1754 92 35 hoc
1065 1754 131 35 aliqua
1157 1754 131 35 natura
1236 1754 65 35 ma-

722 1788 110 41 ioris
795 1788 208 41 necessitatis,
967 1788 98 41 quam
1028 1788 98 41 suum
1090 1788 184 41 suppositum,
1224 1788 74 41 quod

724 1820 95 43 est
778 1820 176 43 absurdum,
913 1820 108 43 tunc
980 1820 108 43 enim
1048 1820 135 43 posset
1142 1820 135 43 natura
1223 1820 81 43 rema

731 1853 103 42 nere
796 1853 181 42 destructis
938 1853 103 42 suis
1003 1853 194 42 suppositis,
1145 1853 155 42 Consequen-

723 1891 105 47 tiam
788 1891 131 47 probo,
880 1891 92 47 nam
932 1891 79 47 si
972 1891 79 47 ad
1011 1891 249 47 plurificationem
1207 1891 92 47 suppo

732 1924 135 43 sitorum
830 1924 86 43 non
879 1924 196 43 plurificatur
1038 1924 135 43 natura,
1137 1924 98 43 pari
1198 1924 123 43 ratio.

730 1960 85 49 ne
772 1960 99 49 nec
829 1960 85 49 ad
872 1960 128 49 eorum
957 1960 227 49 productionem
1128 1960 170 49 producitur

731 1992 118 46 ipsa,
810 1992 105 46 quia
875 1992 105 46 vnum
941 1992 158 46 sequitur
1059 1992 79 46 ad
1099 1992 158 46 alterum,
1217 1992 66 46 &
1230 1992 79 46 quia

728 2030 132 42 natura
820 2030 119 42 nullo
900 2030 106 42 modo
966 2030 132 42 potest
1058 2030 159 42 produci,
1177 2030 92 42 vel
1217 2030 92 42 acqui

728 2062 96 44 rere
788 2062 96 44 esse
848 2062 108 44 extra
920 2062 84 44 sua
968 2062 168 44 supposita,
1101 2062 72 44 si
1137 2062 84 44 sit
1185 2062 120 44 aliqua
1257 2062 48 44 na

734 2097 121 41 tura,
814 2097 108 41 quae
882 2097 94 41 cum
935 2097 188 41 suppositis
1084 2097 94 41 non
1124 2097 175 41 producatur.

727 2133 89 54 nec
778 2133 77 54 in
817 2133 89 54 eis
868 2133 153 54 acquirat
982 2133 115 54 esse;
1059 2133 115 54 illa,
1135 2133 140 54 inquam,
1225 2133 89 54 nullo
