1500 2372
211 173 94 52 tur
264 173 174 52 cogitatio
398 173 80 52 in
438 173 134 52 formis
531 173 107 52 quae
598 173 120 52 tamen
678 173 94 52 non
718 173 67 52 est

219 220 122 42 verbum
304 220 109 42 teste
377 220 73 42 P.
413 220 97 42 Aug.
474 220 85 42 15.
523 220 73 42 de
559 220 158 42 Trinitate
669 220 109 42 dicent,

213 255 154 39 tormatam
329 255 206 39 cogitationem
496 255 77 39 de
535 255 77 39 ea
573 255 77 39 re
612 255 103 39 quam
663 255 116 39 scimus,

218 286 123 45 verbum
304 286 111 45 esse:
378 286 74 45 si
415 286 111 45 tamen
489 286 185 45 intellectus
636 286 86 45 cum
673 286 111 45 obiecto

212 324 172 35 praesente
344 324 119 35 esset
424 324 185 35 principium
569 324 199 35 productiuum
715 324 66 35 ver

214 358 69 41 bi
249 358 81 41 (vt
295 358 92 41 isti
353 358 127 41 dicunt)
445 358 92 41 tunc
503 358 150 41 supposita
607 358 173 41 praesentiali-

212 397 103 42 tate
277 397 155 42 obiecti,
392 397 129 42 semper
483 397 64 42 &
508 397 180 42 necessario
637 397 142 42 producere

209 426 94 41 tur
262 426 147 41 verbum,
369 426 107 41 quod
436 426 94 41 est
476 426 120 41 falsum.

243 458 156 42 Vlterius
360 458 117 42 dico,
438 458 104 42 quod
503 458 104 42 haec
567 458 117 42 ratio
645 458 130 42 peccat
723 458 52 42 in

204 497 138 48 forma,
301 497 69 48 &
328 497 124 48 petit
411 497 206 48 principium,
576 497 96 48 nam
631 497 96 48 cum
672 497 110 48 dicunt

210 530 105 46 quod
275 530 196 46 intellectus
432 530 131 46 habens
524 530 157 46 obiectum
628 530 157 46 intelligi-

204 566 98 38 bile
265 566 98 38 sibi
326 566 159 38 praesens,
448 566 86 38 est
497 566 171 38 principium
619 566 159 38 productiuum

209 599 136 50 verbi,
304 599 108 50 haec
372 599 176 50 proposito
508 599 136 50 potest
603 599 136 50 duobus
684 599 95 50 modis

201 632 186 53 intelligi,
347 632 93 53 vno
400 632 120 53 modo,
480 632 106 53 quod
546 632 173 53 praesente
665 632 120 53 obiecto

207 667 92 39 sit
260 667 185 39 principium
405 667 198 39 productiuum
563 667 132 39 verbi,
642 667 145 39 supposita

212 707 167 37 indigentia
343 707 71 37 ex
379 707 107 37 parte
450 707 214 37 intelligentis,
629 707 107 37 sicut
701 707 83 37 est
736 707 48 37 in

208 739 138 40 nobis,
305 739 96 40 qui
360 739 83 40 ad
401 739 165 40 perfecte
525 739 220 40 cognoscendum
691 739 96 40 obie-

220 773 104 48 ctum
285 773 170 48 indigemus
416 773 117 48 verbo
494 773 170 48 producto,
624 773 65 48 &
651 773 91 48 sic
690 773 91 48 acci-

215 805 135 52 piendo
309 805 229 52 propositionem
497 805 148 52 quamuis
605 805 135 52 possit
699 805 108 52 esse

212 841 101 44 nota
276 841 202 44 naturaliter,
440 841 88 44 non
490 841 114 44 tamen
566 841 114 44 valet
642 841 88 44 eis
693 841 76 44 ad
718 841 63 44 pro

211 879 156 38 positum,
328 879 104 38 quia
393 879 78 38 in
432 879 91 38 Deo
484 879 91 38 non
537 879 91 38 est
589 879 169 38 productio
706 879 78 38 ver-

211 908 73 45 bi
247 908 97 45 isto
308 908 110 45 modo:
381 908 97 45 Alio
442 908 97 45 modo
503 908 122 45 potest
588 908 170 45 intelligi,
710 908 73 45 quod

209 943 191 49 intellectus
362 943 165 49 praesente
489 943 140 49 obiecto
590 943 89 49 sit
629 943 152 49 principium

202 979 213 48 productiuum
372 979 142 48 verbi,
472 979 142 48 remota
572 979 100 48 oni
614 979 171 48 indigentia

210 1016 62 38 &
234 1016 162 38 supposita
359 1016 112 38 plena
434 1016 199 38 sufficientia
595 1016 75 38 ex
633 1016 112 38 parte
695 1016 87 38 intel

203 1050 168 40 ligentis,
332 1050 65 40 &
358 1050 90 40 sic
410 1050 168 40 proposito
539 1050 116 40 habet
616 1050 168 40 veritatem
732 1050 52 40 in

206 1083 105 44 solo
272 1083 105 44 Deo,
337 1083 92 44 non
390 1083 92 44 est
443 1083 118 44 tamen
522 1083 105 44 nota
588 1083 105 44 sine
653 1083 132 44 lumine
732 1083 53 44 Fi

205 1113 98 41 dei;
266 1113 111 41 velle
340 1113 98 41 ergo
402 1113 148 41 probare,
512 1113 74 41 in
549 1113 86 41 Deo
598 1113 98 41 esse
660 1113 111 41 veram
721 1113 62 41 pro

203 1152 180 39 ductionem
342 1152 83 39 ad
383 1152 125 39 intra
466 1152 97 39 hoc
522 1152 139 39 pacto,
619 1152 97 39 est
660 1152 125 39 probare

209 1184 103 45 idem
274 1184 91 45 per
325 1184 116 45 idem,
403 1184 65 45 &
429 1184 142 45 ignotum
532 1184 91 45 per
584 1184 116 45 aeque
649 1184 129 45 ignotum.

238 1219 167 41 Similiter
367 1219 141 41 secunda
470 1219 116 41 ratio
547 1219 116 41 perit
611 1219 167 41 principium;

209 1258 93 37 nam
262 1258 93 37 cum
315 1258 132 37 dicunt
407 1258 79 37 in
447 1258 132 37 minori
540 1258 212 37 propositone,
699 1258 79 37 quod

207 1287 167 49 productio
335 1287 77 49 ad
374 1287 115 49 intra
451 1287 115 49 dicit
528 1287 205 49 perfectionem
681 1287 103 49 simpli

205 1324 124 40 citer,
291 1324 136 40 quamuis
390 1324 99 40 haec
452 1324 161 40 proposito
576 1324 74 40 in
613 1324 74 40 se
650 1324 87 40 sit
687 1324 99 40 veris-

200 1358 114 42 sima,
276 1358 89 42 non
327 1358 89 42 est
377 1358 114 42 tamen
453 1358 101 42 nota
516 1358 202 42 naturaliter;
681 1358 101 42 quia
731 1358 51 42 ex

203 1393 99 43 tra
260 1393 156 43 diuinam
373 1393 156 43 naturam
487 1393 99 43 non
544 1393 185 43 inuenitur
671 1393 114 43 produ-

208 1428 101 38 ctio
272 1428 178 38 intrinseca
411 1428 76 38 in
449 1428 127 38 aliqua
538 1428 127 38 natura
627 1428 114 38 nobis
690 1428 89 38 nota,

212 1465 83 43 ex
254 1465 97 43 qua
309 1465 166 43 possimus
434 1465 166 43 deducere
558 1465 222 43 productionem
725 1465 55 43 ad

208 1499 110 42 intra
281 1499 98 42 esse
342 1499 195 42 perfectionem
501 1499 195 42 simpliciter,
660 1499 61 42 &
684 1499 86 42 per
721 1499 61 42 con

210 1526 155 43 sequens
323 1526 169 43 ponendam
449 1526 113 43 esse
520 1526 84 43 in
562 1526 113 43 Deo;
632 1526 127 43 velle
703 1526 84 43 ergo

210 1572 153 36 probare
321 1572 97 36 per
377 1572 125 36 istam
460 1572 250 36 propositionem,
669 1572 111 36 quod
724 1572 56 36 in

210 1598 90 42 Deo
261 1598 90 42 sit
313 1598 167 42 productio
441 1598 77 42 ad
479 1598 128 42 intra,
569 1598 90 42 est
620 1598 154 42 probare,
723 1598 64 42 hoc

199 1632 102 54 per
258 1632 145 54 eandem
359 1632 247 54 productionem,
563 1632 73 54 &
592 1632 102 54 sic
650 1632 116 54 idem
708 1632 73 54 per

178 1672 133 41 idem.

233 1696 80 49 In
273 1696 187 49 probatione
420 1696 120 49 etiam
500 1696 107 49 quam
567 1696 161 49 adducunt
687 1696 80 49 pr
714 1696 67 49 hac

152 1706 96 35 e

203 1738 192 44 propositone
357 1738 90 44 est
408 1738 166 44 similiter
536 1738 141 44 peritio
625 1738 141 44 principij

208 1770 95 42 Nam
263 1770 95 42 cum
317 1770 149 42 dicunt,
425 1770 108 42 quod
493 1770 190 42 necessitas
642 1770 95 42 est
683 1770 95 42 condi

201 1805 91 44 tio
253 1805 169 44 importans
383 1805 221 44 perfectionem,
564 1805 195 44 concedatur,
707 1805 78 44 quam

210 1844 94 36 uis
263 1844 134 36 posset
357 1844 147 36 negari;
464 1844 120 36 adhuc
544 1844 120 36 tamen
624 1844 94 36 non
665 1844 120 36 habetur

208 1873 177 45 intentum,
344 1873 95 45 cum
399 1873 109 45 vero
467 1873 163 45 vlterius
589 1873 136 45 addunt
671 1873 109 45 produm

213 1907 145 41 ctionem
318 1907 132 41 dicere
410 1907 79 41 ex
450 1907 79 41 se
489 1907 145 41 aliquam
582 1907 198 41 perfectionem:

210 1944 120 38 dico,
289 1944 106 38 quod
356 1944 133 38 duplex
449 1944 93 38 est
502 1944 186 38 productio,
648 1944 93 38 vna
688 1944 93 38 cuius

212 1979 135 40 notitia
310 1979 135 40 habetur
408 1979 123 40 lumine
494 1979 159 40 naturali,
616 1979 61 40 &
641 1979 74 40 de
678 1979 98 40 ista
727 1979 61 40 est

201 2012 131 46 falsum
293 2012 210 46 simpliciter,
463 2012 105 46 quod
529 2012 92 46 non
581 2012 118 46 dicat
647 2012 131 46 imperfe-

217 2050 144 42 ctionem
322 2050 131 42 saltem
413 2050 79 42 ex
453 2050 118 42 parte
531 2050 157 42 producti
649 2050 105 42 quia
701 2050 79 42 sup-

217 2078 113 47 ponit
293 2078 113 47 ipsum
368 2078 101 47 esse
431 2078 76 47 in
469 2078 164 47 potentia,
595 2078 164 47 productio
708 2078 76 47 enim

213 2120 118 43 prout
292 2120 118 43 nobis
370 2120 92 43 est
423 2120 105 43 nota
488 2120 210 43 naturaliter,
659 2120 131 43 semper
738 2120 52 43 in

801 164 160 65 producto
920 164 160 65 importat
1040 164 133 65 exitum
1133 164 80 65 de
1173 164 160 65 potentia
1293 164 80 65 ad
1320 164 53 65 a-

805 220 119 44 ctum.
884 220 106 44 Alia
950 220 93 44 est
1003 220 172 44 productio
1135 220 106 44 quae
1201 220 132 44 nullum
1281 220 93 44 impor

797 261 91 36 tat
849 261 130 36 exitum
940 261 78 36 de
979 261 156 36 potentia
1097 261 78 36 ad
1136 261 130 36 actum,
1227 261 91 36 nec
1279 261 78 36 ex
1305 261 65 36 pat

801 289 77 40 te
840 289 206 40 producentis,
1007 289 90 40 nec
1059 289 77 40 ex
1097 289 116 40 parte
1175 289 167 40 producti,
1304 289 64 40 &
1316 289 52 40 de

802 321 103 39 ista
867 321 103 39 bene
931 321 116 39 verum
1009 321 103 39 est,
1074 321 103 39 quod
1138 321 91 39 non
1190 321 116 39 dicit
1255 321 116 39 aliquam

802 356 241 42 imperfectionem:
1005 356 89 42 sed
1056 356 101 42 quod
1119 356 89 42 sit
1169 356 127 42 aliqua
1258 356 114 42 talis
1321 356 51 42 in

794 393 125 36 rerum
877 393 153 36 natura,
988 393 97 36 hoc
1044 393 97 36 non
1099 393 97 36 est
1155 393 125 36 notum
1238 393 139 36 lumine
1321 393 56 36 na

801 425 140 45 turali,
903 425 101 45 immo
966 425 190 45 naturaliter
1118 425 140 45 videtur
1207 425 165 45 contiarium;

805 459 89 41 est
856 459 127 41 vtique
945 459 114 41 notum
1021 459 127 41 lumine
1109 459 114 41 Fidei
1185 459 76 41 in
1223 459 114 41 cuius
1286 459 89 41 veri-

796 495 110 38 tate
865 495 193 38 supponimus
1017 495 110 38 esse
1086 495 124 38 talem
1169 495 221 38 productionem
1335 495 41 38 i

798 529 137 43 natura
894 529 137 43 diuina
991 529 137 43 solum.
1087 529 82 43 Si
1128 529 110 43 quis
1196 529 110 43 ergo
1265 529 82 43 ex
1293 529 82 43 pro-

806 563 157 40 ductione
923 563 104 40 quae
989 563 91 40 non
1041 563 117 40 dicit
1119 563 235 40 imperfectionem
1302 563 65 40 ve-

804 595 93 39 lit
857 595 146 39 probare
963 595 212 39 productionem
1135 595 79 39 in
1174 595 93 39 Deo
1227 595 119 39 esse,
1294 595 79 39 pro-

809 628 123 48 babit
892 628 123 48 illam
974 628 219 48 productionem
1152 628 96 48 per
1207 628 137 48 eandem
1289 628 82 48 pro-

802 669 193 40 ductionem,
954 669 69 40 &
981 669 96 40 sic
1036 669 124 40 peret
1105 669 165 40 principium

839 701 92 40 Nec
891 701 131 40 tertia
983 701 118 40 ratio
1062 701 183 40 concludit,
1206 701 92 40 nam
1245 701 131 40 concessa

802 739 166 36 maiore,
923 739 121 36 dico
998 739 90 36 ad
1043 739 181 36 minorem,
1179 739 121 36 quod
1239 739 136 36 quamuis

803 771 167 44 pioposito
932 771 90 44 sit
983 771 116 44 vera,
1061 771 90 44 non
1112 771 129 44 potest
1203 771 116 44 tamen
1267 771 103 44 euidem

806 813 88 33 ter
857 813 151 33 probari,
970 813 101 33 quod
1033 813 163 33 productio
1158 813 75 33 ad
1196 813 113 33 extra
1271 813 88 33 sit
1309 813 63 33 li-

801 834 122 52 bera,
883 834 68 52 &
910 834 203 52 contingens,
1073 834 108 52 immo
1140 834 122 52 magis
1208 834 163 52 contrarium

805 879 134 38 apparet
902 879 158 38 scilicet,
1024 879 97 38 quod
1084 879 85 38 sit
1133 879 182 38 necessaria,
1279 879 73 38 ex
1303 879 73 38 ista

809 913 109 40 ergo
878 913 205 40 propositone
1041 913 96 40 non
1096 913 137 40 habetu
1192 913 150 40 euidens
1287 913 82 40 pro-

804 940 133 50 batio,
897 940 66 50 &
923 940 106 50 ideo
990 940 186 50 proceditur
1136 940 93 50 per
1176 940 120 50 ignota.

839 974 146 45 Videtur
945 974 106 45 ergo
1011 974 106 45 mihi
1078 974 133 45 aliter
1171 974 106 45 esse
1224 974 146 45 dicendum;

801 1008 94 40 Pro
854 1008 121 40 cuius
935 1008 94 40 rei
989 1008 215 40 explicatione
1163 1008 121 40 primo
1244 1008 161 40 ostendam

805 1045 165 41 huiusmodi
932 1045 266 41 compossibilitatem
1160 1045 216 41 distinctionis
1325 1045 51 41 di

805 1080 149 39 uinarum
914 1080 190 39 personarum
1063 1080 95 39 cum
1117 1080 149 39 vnitate
1212 1080 163 39 essentiae,

805 1113 84 48 per
853 1113 72 48 se
889 1113 132 48 directe
985 1113 84 48 non
1033 1113 108 48 posse
1104 1113 180 48 efficaciter
1248 1113 132 48 probari
1332 1113 48 48 ra

803 1154 125 33 tione
886 1154 166 33 naturali
1011 1154 152 33 Secundo
1108 1154 263 33 compossibilitatem

799 1185 154 40 vnitatis
915 1185 90 40 cum
966 1185 167 40 Trinitate
1095 1185 116 40 posse
1172 1185 180 40 sustineri,
1313 1185 64 40 &
1326 1185 51 40 de

799 1219 114 35 fendi
875 1219 127 35 contra
964 1219 178 35 quascunque
1104 1219 165 35 rationes.
1231 1219 127 35 Tertio
1307 1219 63 35 po-

804 1250 79 39 se
843 1250 132 39 aliquo
936 1250 106 39 modo
1002 1250 185 39 Trinitatem
1148 1250 185 39 persuaderi
1280 1250 93 39 ratio

801 1287 130 43 nibus,
892 1287 65 43 &
918 1287 168 43 praecipue
1047 1287 155 43 Riccardi
1164 1287 78 43 in
1203 1287 91 43 suo
1254 1287 117 43 libro
1319 1287 52 43 de

792 1320 143 46 Trinitate

843 1352 160 45 Quantum
960 1352 87 45 ad
1004 1352 146 45 primum
1106 1352 131 45 dico,
1193 1352 117 45 quod
1266 1352 87 45 si
1295 1352 73 45 hu-

797 1391 148 43 iusmodi
904 1391 255 43 compossibilitas
1119 1391 134 43 posset
1213 1391 148 43 probari
1307 1391 67 43 per

805 1425 143 38 aliquam
909 1425 156 38 rationem
1026 1425 182 38 naturalem,
1168 1425 104 38 illa
1233 1425 130 38 ratio,
1311 1425 65 38 vel

804 1460 117 38 esset
882 1460 130 38 sumpta
973 1460 78 38 ex
1012 1460 104 38 ipso
1077 1460 104 38 Deo,
1141 1460 117 38 prout
1219 1460 117 38 habet
1284 1460 91 38 habi-

809 1491 132 44 tudinem
905 1491 72 44 ad
941 1491 169 44 creaturas,
1074 1491 84 44 vel
1122 1491 72 44 ex
1158 1491 108 44 ipsis
1230 1491 169 44 creaturis,

797 1527 164 40 secundum
920 1527 109 40 quod
989 1527 137 40 habent
1084 1527 205 40 habitudinem
1248 1527 82 40 ad
1275 1527 96 40 Deum;

802 1560 97 50 sed
858 1560 139 50 neutro
955 1560 125 50 horum
1038 1560 153 50 modorum
1150 1560 139 50 potest
1233 1560 139 50 inueniri

797 1594 130 42 aliqua
888 1594 130 42 ratio;
979 1594 104 42 ergo
1044 1594 91 42 &c.
1096 1594 117 42 Maior
1174 1594 117 42 patet
1252 1594 91 42 per
1291 1594 78 42 hoc,

809 1626 102 49 quia
873 1626 115 49 omnes
949 1626 178 49 veritates,
1090 1626 102 49 quas
1153 1626 76 49 de
1192 1626 89 49 Deo
1230 1626 140 49 efficaci-

807 1672 96 35 ter
862 1672 178 35 probamus,
999 1672 96 35 vel
1054 1672 164 35 probamus
1177 1672 82 35 ex
1205 1672 164 35 habitudine

806 1699 87 40 Dei
855 1699 75 40 ad
893 1699 174 40 creaturas,
1029 1699 87 40 vel
1079 1699 62 40 e
1104 1699 161 40 conuerso,
1228 1699 149 40 vtrioque
1327 1699 50 40 n-

798 1733 112 42 modo
868 1733 112 42 Deus
938 1733 126 42 nobis
1022 1733 196 42 innotescit
1176 1733 140 42 lumine
1260 1733 112 42 natura

799 1765 88 40 li,
850 1765 75 40 si
887 1765 113 40 autem
962 1765 100 40 alio
1025 1765 100 40 modo
1088 1765 188 40 innotescit,
1238 1765 88 40 hoc
1288 1765 113 40 etiam

810 1808 93 42 est
863 1808 106 42 alio
929 1808 132 42 lumine
1021 1808 238 42 supernaturali:
1220 1808 106 42 nunc
1272 1808 93 42 probo

804 1836 155 47 minorem
917 1836 155 47 quantum
1029 1836 84 47 ad
1071 1836 127 47 ambas
1156 1836 155 47 partes,
1268 1836 70 47 &
1283 1836 84 47 pri-

799 1871 77 41 mo
838 1871 77 41 ex
876 1871 180 41 habitudine
1018 1871 90 41 Dei
1070 1871 77 41 ad
1108 1871 180 41 creaturas,
1250 1871 90 41 nam
1289 1871 77 41 onis

800 1909 107 39 talis
871 1909 155 39 habitndo,
990 1909 83 39 vel
1038 1909 83 39 est
1086 1909 71 39 in
1121 1909 131 39 ratione
1204 1909 167 39 efficientis,

801 1943 88 39 vel
852 1943 76 39 in
890 1943 139 39 ratione
991 1943 126 39 finis,
1079 1943 88 39 vel
1129 1943 76 39 in
1167 1943 139 39 ratione
1255 1943 114 39 formae,

805 1974 92 44 sed
858 1974 119 44 omnes
937 1974 171 44 praefatae
1068 1974 198 44 habitudines
1226 1974 132 44 ducunt
1305 1974 66 44 nos

804 2007 77 41 in
843 2007 193 41 cognitionem
997 2007 103 41 Dei,
1062 2007 116 41 prout
1139 2007 90 41 est
1191 2007 103 41 vnus
1255 2007 77 41 in
1281 2007 90 41 essen

806 2041 93 42 tia,
864 2041 58 42 &
888 2041 81 42 non
934 2041 116 42 trinus
1015 2041 70 42 in
1050 2041 151 42 personis,
1166 2041 93 42 quia
1224 2041 93 42 etsi
1282 2041 93 42 sint
1329 2041 46 42 di

806 2081 171 37 stinctae
934 2081 185 37 personae,
1076 2081 128 37 omnes
1162 2081 128 37 tamen
1233 2081 142 37 secundum

807 2115 127 56 eandem
896 2115 190 56 habitudinem
1048 2115 203 56 efficientis,
1212 2115 89 56 vel
1263 2115 114 56 finis
1326 2115 51 56 re
