1500 2372
188 169 144 50 Tertio
289 169 216 50 sequeretur,
462 169 188 50 conceptum
606 169 130 50 entis
678 169 58 50 de

162 204 96 47 Deo
217 204 109 47 esse
285 204 233 47 determinatum,
477 204 192 47 consequens
628 204 96 47 est
669 204 68 47 im-

161 241 182 46 possibile;
304 241 104 46 ergo
369 241 65 46 &
395 241 182 46 antecedens
537 241 65 46 :
550 241 182 46 Consequentia

159 276 92 44 est
211 276 118 44 nota,
290 276 105 44 quia
356 276 171 44 quicunque
487 276 171 44 conceptus
618 276 92 44 est
657 276 79 44 com-

164 312 115 40 munis
241 312 166 40 pluribus,
368 312 140 40 oportet
470 312 77 40 vt
509 312 89 40 sit
560 312 89 40 per
598 312 140 40 indetermi

167 348 166 47 nationem:
295 348 230 47 Impossibilitas
486 348 166 47 probatur,
614 348 102 47 quia
665 348 64 47 ta-

166 381 89 38 lis
217 381 179 38 conceptus,
358 381 89 38 vel
409 381 115 38 esset
486 381 230 38 indeterminatus
664 381 77 38 nega

159 415 116 37 tiue,
236 415 90 37 vel
288 415 180 37 priuatiue,
430 415 90 37 non
481 415 168 37 negatiue,
610 415 103 37 quia
662 415 77 37 tunc

169 450 92 46 non
222 450 132 46 posset
314 450 198 46 determinari
472 450 92 46 per
525 450 145 46 aliquam
617 450 119 46 specia-

161 482 91 47 lem
213 482 168 47 rationem,
342 482 65 47 &
368 482 103 47 tunc
433 482 91 47 non
484 482 129 47 posset
575 482 155 47 attribui
678 482 65 47 ali

169 518 88 44 cui
220 518 151 44 speciali
333 518 113 44 enti;
408 518 88 44 nec
459 518 113 44 etiam
534 518 176 44 priuatiue;
660 518 75 44 quia

163 553 100 44 tunc
225 553 112 44 esset
300 553 225 44 determinabilis
487 553 87 44 per
537 553 150 44 rationes
637 553 100 44 specia

164 590 108 38 les;
231 590 67 38 &
258 590 94 38 per
312 590 188 38 consequens
460 590 94 38 Deo
514 590 94 38 non
554 590 175 38 attribuere-

166 622 102 45 tur,
230 622 102 45 nisi
294 622 77 45 vt
332 622 204 45 determinatus
498 622 128 45 aliqua
574 622 166 45 particulari

173 657 154 43 ratione,
289 657 103 43 quod
353 657 90 43 est
405 657 206 43 impossibile,
572 657 103 43 tunc
636 657 77 43 n.
662 657 77 43 Deus

172 690 117 39 esset
250 690 182 39 compositus
393 690 78 39 ex
432 690 143 39 ratione
523 690 208 39 indeterminata;

168 731 223 40 determinabili
352 731 131 40 tamen,
443 731 66 40 &
470 731 79 40 ex
509 731 144 40 ratione
601 731 131 40 determi-

163 761 140 46 nante,
261 761 70 46 &
289 761 98 46 sic
345 761 154 46 haberet
457 761 154 46 aliquem
569 761 140 46 gradum
653 761 84 46 pos

154 797 151 42 sibilitatis

215 823 121 48 Quarto
299 823 157 48 sequitur,
420 823 97 48 quod
481 823 85 48 ens
529 823 97 48 vere
589 823 85 48 sit
637 823 121 48 genus,

170 862 105 50 quia
236 862 118 50 habet
314 862 158 50 quicquid
433 862 92 50 est
485 862 79 50 de
525 862 145 50 ratione
617 862 118 50 generis

181 896 166 47 (secundum
308 896 102 47 eos)
372 896 191 47 praedicatur
525 896 102 47 enim
589 896 76 47 de
614 896 115 47 pluril-

168 927 211 41 differentibus
341 927 124 41 specie
428 927 75 41 in
466 927 75 41 eo
503 927 99 41 quod
565 927 112 41 quid:
640 927 87 41 nec
677 927 62 41 il-

175 966 72 51 li
211 966 145 51 repugnat
319 966 120 51 habere
404 966 205 51 differentias,
572 966 72 51 de
609 966 120 51 quibus
681 966 60 51 li-

174 998 89 42 cet
225 998 89 42 non
276 998 191 42 praedicetur
428 998 191 42 formaliter,
568 998 178 42 praedicatur,

174 1039 110 39 tamen
247 1039 183 39 virtualiter
394 1039 86 39 (vt
443 1039 98 39 ipsi
504 1039 122 39 dicunt
589 1039 159 39 expresse)
699 1039 49 39 ve

165 1068 92 49 re
211 1068 123 49 ergo
287 1068 138 49 habet
379 1068 184 49 rationem
502 1068 153 49 generis.

226 1102 121 43 uinto
306 1102 174 43 sequitur,
440 1102 107 43 quod
507 1102 121 43 decem
574 1102 174 43 praedicamen

167 1134 89 46 ta
212 1134 104 46 non
271 1134 133 46 erunt
360 1134 133 46 decem
449 1134 133 46 prima
538 1134 133 46 rerum
612 1134 133 46 genera,

178 1171 104 49 quia
243 1171 208 49 reducerentur
412 1171 78 49 in
451 1171 143 49 aliquod
556 1171 117 49 aliud
634 1171 130 49 genus,

173 1204 111 47 quod
242 1204 97 47 est
298 1204 111 47 ens:
367 1204 83 47 Si
408 1204 124 47 autem
491 1204 138 47 negent
588 1204 97 47 ens
629 1204 111 47 habere

176 1240 162 41 rationem
298 1240 149 41 generis
406 1240 149 41 propter
514 1240 108 41 suam
582 1240 149 41 maximam
676 1240 68 41 con

178 1280 184 39 munitatem,
323 1280 119 39 sicut
402 1280 158 39 videntur
520 1280 132 39 negare
599 1280 132 39 sequitur

210 1308 125 40 Sexto,
298 1308 125 40 contra
386 1308 100 40 eos,
449 1308 100 40 quod
511 1308 113 40 erunt
587 1308 88 40 sex
624 1308 113 40 praedi-

172 1346 162 35 cabilia,
294 1346 95 35 nam
348 1346 81 35 si
389 1346 95 35 ens
443 1346 122 35 habet
524 1346 162 35 rationem
632 1346 108 35 commu-

174 1381 110 43 nem,
243 1381 166 43 secundum
367 1381 110 43 quam
436 1381 110 43 vere
505 1381 152 43 proprie
602 1381 138 43 praedica

173 1412 88 45 tur
224 1412 76 45 in
262 1412 113 45 quid,
337 1412 113 45 sicut
413 1412 113 45 genus
488 1412 63 45 &
513 1412 151 45 species,
627 1412 88 45 cum
664 1412 76 45 isit

173 1450 142 41 certum,
276 1450 116 41 ipsum
353 1450 90 41 non
405 1450 103 41 esse
469 1450 206 41 differentiam
637 1450 90 41 nec
676 1450 64 41 pro

175 1479 132 52 prium,
267 1479 93 52 nec
320 1479 159 52 accidens
440 1479 199 52 relinquitur
585 1479 159 52 necessario

175 1516 106 46 quod
241 1516 93 46 sit
294 1516 146 46 quoddam
400 1516 212 46 praedicabile
572 1516 185 46 distinctum
704 1516 40 46 a

186 1548 166 52 quocunque
314 1548 115 52 alio,
390 1548 64 52 &
416 1548 89 52 sic
467 1548 115 52 erunt
530 1548 64 52 sex

211 1584 148 46 Septimo
318 1584 202 46 sequeretur,
479 1584 121 46 decem
546 1584 202 46 generalissima

170 1617 108 41 essc
238 1617 190 41 composita,
387 1617 176 41 habereque
523 1617 163 41 rationem
632 1617 108 41 commu-

173 1654 106 38 nem,
239 1654 80 38 in
279 1654 93 38 qua
332 1654 212 38 conuenirent,
504 1654 66 38 &
531 1654 186 38 speciales,
663 1654 80 38 qui-

172 1688 88 45 bus
223 1688 188 45 differrent,
373 1688 100 45 quae
436 1688 150 45 facerent
548 1688 100 45 illa
599 1688 150 45 composita,

177 1722 61 43 &
201 1722 196 43 definibilia.

202 1759 154 39 Octauo,
314 1759 210 39 sequeretur,
482 1759 140 39 Metaph
580 1759 126 39 prius
650 1759 98 39 debe-

170 1790 78 48 re
209 1790 155 48 tractare
325 1790 78 48 de
364 1790 103 48 ente
429 1790 78 48 in
467 1790 155 48 communi,
584 1790 65 48 &
610 1790 129 48 postea
687 1790 52 48 ip

172 1823 94 44 sum
225 1823 174 44 diuidere,
359 1823 67 44 &
386 1823 201 44 determinare
546 1823 80 44 de
586 1823 107 44 suis
640 1823 107 44 perti-

176 1861 104 35 bus,
241 1861 117 35 sicut
319 1861 117 35 facit
396 1861 194 35 Philosophus
552 1861 78 35 de
591 1861 142 35 corpore
681 1861 65 35 mo-

175 1891 119 40 bili,
254 1891 106 40 hunc
320 1891 119 40 autem
400 1891 146 40 ordinem
506 1891 93 40 non
559 1891 132 40 seruat
638 1891 106 40 Arist.

179 1926 185 43 tractando
321 1926 85 43 de
364 1926 114 43 ente
435 1926 85 43 in
478 1926 142 43 Metaph
577 1926 114 43 quod
634 1926 114 43 patet;

182 1968 89 37 nam
233 1968 166 37 tractatus
361 1968 128 37 Metaph
450 1968 140 37 incipit
552 1968 77 37 in
591 1968 77 37 7.
629 1968 115 37 libro
693 1968 51 37 se

176 1996 140 39 cundum
274 1996 168 39 Auerroem
400 1996 84 39 in
442 1996 182 39 principio
581 1996 84 39 7.
609 1996 140 39 dicentem

178 2030 117 42 omnes
256 2030 130 42 libros
347 2030 208 42 praecedentes
515 2030 78 42 7.
541 2030 208 42 praeparatorios

178 2064 95 39 esse
237 2064 71 39 ad
273 2064 83 39 ea,
321 2064 95 39 quae
380 2064 142 39 intendit
487 2064 119 39 dicere
570 2064 119 39 Arist.
653 2064 71 39 in
677 2064 59 39 his

168 2099 82 49 de
209 2099 137 49 quibus
305 2099 96 49 est
360 2099 219 49 consideratio
537 2099 137 49 Metaph
619 2099 123 49 constat

742 153 146 69 autem,
844 153 117 69 quod
917 153 131 69 Arist
1005 153 102 69 non
1063 153 131 69 prius
1136 153 204 69 determinauit

752 211 84 41 de
794 211 112 41 ente
864 211 84 41 in
906 211 168 41 communi,
1032 211 98 41 nec
1087 211 84 41 de
1129 211 112 41 eius
1185 211 140 41 partibus

753 244 103 40 immo
817 244 128 40 statim
907 244 141 40 diuisit
1010 244 128 40 ipsum,
1099 244 77 40 vt
1125 244 205 40 multipliciter.

756 280 146 42 dictum,
862 280 66 42 &
888 280 132 42 postea
981 280 172 42 tractatum
1113 280 132 42 primum
1206 280 106 42 suae
1259 280 66 42 con

749 312 201 41 siderationis
913 312 176 41 instituit,
1051 312 113 41 circa
1126 312 126 41 primam
1214 312 113 41 entis
1277 312 63 41 par

760 346 85 38 tem
808 346 145 38 scilicet
905 346 169 38 substantiam.

783 381 106 40 Nono
849 381 199 40 sequeretur,
1008 381 212 40 substantiam,
1181 381 66 40 &
1194 381 146 40 accidens.

756 416 124 39 habere
842 416 185 39 essentialem
990 416 210 39 similitudinem
1163 416 111 39 inter
1238 416 86 39 se,
1287 416 62 39 &

750 452 95 43 per
805 452 204 43 consequens,
968 452 204 43 substantiam
1131 452 95 43 non
1185 452 109 43 esse
1239 452 82 43 sim-

764 485 145 38 pliciter
873 485 133 38 priorem
970 485 157 38 accidente
1091 485 73 38 in
1127 485 182 38 cognitione,
1260 485 61 38 con

755 524 90 41 tra
807 524 129 41 Arist.
897 524 64 41 7
922 524 129 41 Metaph
1012 524 206 41 Consequentia
1180 524 129 41 patet,
1257 524 64 41 nam

754 552 104 47 quae
819 552 130 47 habent
911 552 104 47 vnam
976 552 170 47 rationem,
1106 552 117 47 simul
1171 552 144 47 cognoscum

748 591 108 38 tur,
816 591 135 38 saltem
911 591 162 38 secundum
1033 591 122 38 illam
1114 591 176 38 rationem;
1236 591 81 38 lmmo

752 623 88 40 non
803 623 114 40 solum
879 623 101 40 haec
942 623 114 40 inter
1018 623 88 40 se,
1068 623 88 40 sed
1119 623 114 40 etiam
1195 623 88 40 cum
1245 623 101 40 Deo,

749 657 68 39 &
777 657 68 39 e
804 657 164 39 conuerso
927 657 205 39 essentialem
1091 657 164 39 haberent
1200 657 137 39 similitu

758 690 134 39 dinem,
851 690 107 39 quod
918 690 94 39 est
972 690 134 39 contra
1065 690 174 39 Dionysium
1199 690 80 39 in
1239 690 80 39 de
1266 690 67 39 di-

754 727 121 37 uinis
834 727 188 37 nominibus,
982 727 94 37 qui
1036 727 148 37 quamuis
1144 727 94 37 ibi
1184 727 135 37 concedat

748 761 188 44 creaturam
892 761 101 44 Deo
950 761 159 44 similem
1065 761 130 44 esse,
1152 761 130 44 nullo
1224 761 101 44 tamen

749 797 112 41 modo
819 797 169 41 concedit
946 797 112 41 Deum
1016 797 155 41 similem
1128 797 197 41 creaturis;
1283 797 70 41 &

758 830 119 38 tamen
837 830 93 38 per
890 830 93 38 eos
943 830 93 38 hoc
996 830 146 38 deberet
1089 830 132 38 concedi.

796 864 159 41 VIterius
915 864 199 41 sequeretur,
1075 864 106 41 quod
1141 864 106 41 Deus
1207 864 120 41 esset
1274 864 53 41 in

756 903 143 49 genere,
860 903 117 49 cuius
938 903 182 49 contrarium
1082 903 156 49 probatur
1199 903 78 49 in
1225 903 91 49 octa-

766 929 77 44 ua
792 929 179 44 distinctione

788 961 145 51 Decimo
889 961 72 51 &
918 961 145 51 vltimo
1019 961 217 51 sequeretur,
1193 961 116 51 quod
1251 961 72 51 vl-

763 999 104 44 timae
833 999 185 44 differentiae
983 999 116 44 essent
1065 999 174 44 compositae,
1204 999 81 44 vel
1238 999 93 44 essent

750 1035 196 39 formaliter
904 1035 98 39 non
960 1035 140 39 entia.
1058 1035 238 39 Consequentiam
1240 1035 84 39 pro-

757 1066 95 44 bo,
812 1066 95 44 nam
866 1066 82 44 eo
907 1066 109 44 ipso
976 1066 109 44 quod
1044 1066 95 44 ens
1098 1066 123 44 habet
1180 1066 109 44 vnam
1235 1066 95 44 ratio

755 1110 93 40 nem
808 1110 187 40 distinctam
955 1110 67 40 a
981 1110 187 40 rationibus
1128 1110 147 40 aliorum
1221 1110 120 40 praedi-

755 1136 173 40 cabilium,
888 1136 160 40 coguntur
1007 1136 133 40 dicere
1101 1136 106 40 quod
1167 1136 146 40 vltimae
1260 1136 80 40 dif-

765 1170 167 42 ferentiaes
897 1170 84 42 vel
944 1170 179 42 participent
1088 1170 108 42 illam
1160 1170 143 42 rationem
1255 1170 72 42 for-

755 1208 156 36 maliter,
872 1208 91 36 vel
924 1208 91 36 non
976 1208 208 36 participent:
1144 1208 78 36 si
1183 1208 130 36 primum
1261 1208 65 36 di-

762 1239 120 40 cant,
841 1239 159 40 sequitur
961 1239 186 40 immediate,
1107 1239 106 40 quod
1174 1239 106 40 sint
1227 1239 106 40 compo-

766 1274 112 43 sitae
840 1274 75 43 ex
878 1274 100 43 illa
940 1274 137 43 communi
1040 1274 150 43 ratione,
1153 1274 62 43 &
1178 1274 75 43 ex
1203 1274 137 43 speciali-

763 1310 103 40 bus,
827 1310 90 40 seu
879 1310 167 40 proprijs,
1007 1310 90 40 per
1058 1310 103 40 quas
1122 1310 179 40 differunt,
1263 1310 64 40 &
1276 1310 64 40 tuc

762 1346 138 36 vltimae
863 1346 201 36 differentiae
1026 1346 113 36 alias
1101 1346 150 36 habebunt
1201 1346 138 36 differen-

759 1380 104 39 tias,
829 1380 58 39 &
852 1380 104 39 illae
921 1380 115 39 alias,
1001 1380 58 39 &
1024 1380 81 39 sic
1070 1380 69 39 in
1105 1380 161 39 infinitum.
1231 1380 69 39 Si
1254 1380 81 39 autem

752 1414 137 44 dicant
848 1414 178 44 secundum,
985 1414 164 44 sequitur
1108 1414 110 44 quod
1163 1414 178 44 formaliter.

762 1446 107 52 sint
828 1446 93 52 non
882 1446 133 52 entia,
975 1446 93 52 cum
1028 1446 93 52 non
1082 1446 200 52 participent
1228 1446 107 52 forma-

756 1480 133 44 liter
845 1480 133 44 illam
933 1480 177 44 communem
1066 1480 177 44 rationem
1184 1480 118 44 entis.

797 1517 151 46 VIterius
911 1517 101 46 dico
974 1517 126 46 contra
1062 1517 101 46 hanc
1125 1517 177 46 opinionem,
1251 1517 76 46 quod

756 1554 177 35 repugnat
889 1554 147 35 Arist.
992 1554 74 35 &
1022 1554 251 35 Commentatori,
1228 1554 103 35 nam
1272 1554 59 35 in

762 1587 126 39 tertio
850 1587 138 39 Metaph,
951 1587 88 39 vbi
1001 1587 138 39 videtur
1101 1587 151 39 expresse
1214 1587 113 39 loqui
1277 1587 63 39 de-

761 1619 118 41 ista
835 1619 177 41 materia,
968 1619 118 41 vult
1041 1619 147 41 omnino
1144 1619 118 41 quod
1218 1619 133 41 vnum,
1292 1619 44 41 &

761 1656 88 43 ens
812 1656 88 43 non
862 1656 100 43 sint
924 1656 125 43 genera
1012 1656 138 43 vniuoce
1112 1656 113 43 dicta
1187 1656 75 43 de
1224 1656 100 43 suis
1274 1656 63 43 in-

761 1685 200 42 ferioribus,
920 1685 67 42 &
947 1685 106 42 quod
1014 1685 80 42 si
1054 1685 133 42 essent
1147 1685 133 42 genera
1240 1685 93 42 non
1280 1685 53 42 ha

756 1723 123 36 berent
842 1723 209 36 differentias,
1014 1723 86 36 per
1063 1723 98 36 quas
1124 1723 172 36 differrent
1247 1723 86 36 infe-

764 1757 103 39 riora
832 1757 80 39 sub
878 1757 92 39 eis:
935 1757 80 39 nec
981 1757 103 39 valet
1050 1757 69 39 si
1084 1757 115 39 dicant
1165 1757 80 39 ibi
1210 1757 103 39 Arist
1268 1757 57 39 lo-

761 1796 95 36 qui
816 1796 217 36 disputatiue,
992 1796 68 36 &
1020 1796 95 36 non
1074 1796 217 36 determinando
1237 1796 95 36 veri-

766 1828 125 42 tatem:
854 1828 88 42 tum
904 1828 100 42 quia
967 1828 163 42 vbicunque
1093 1828 151 42 loquitur
1206 1828 75 42 de
1231 1828 100 42 praedi

760 1864 152 38 catione
870 1864 138 38 entis,
967 1864 69 38 &
994 1864 124 38 vnius
1077 1864 152 38 nunquam
1187 1864 179 38 concedit,

766 1898 110 41 quod
835 1898 220 41 praedicentur
1013 1898 165 41 vniuoce,
1137 1898 96 41 sed
1192 1898 110 41 vult
1247 1898 82 41 quod

761 1929 127 43 dicant
850 1929 190 43 intentiones
1002 1929 152 43 diuersas
1116 1929 76 43 in
1154 1929 89 43 his
1204 1929 76 43 de
1230 1929 101 43 quibus

769 1958 237 51 praedicantur,
964 1958 98 51 ita
1020 1958 112 51 quod
1090 1958 98 51 non
1146 1958 126 51 solum
1215 1958 126 51 remouet

760 2005 79 36 ab
799 2005 92 36 eis
852 2005 158 36 rationem
971 2005 158 36 generis,
1089 2005 92 36 sed
1142 2005 119 36 etiam
1208 2005 132 36 vnitatem

759 2030 203 49 rationis.
916 2030 109 49 Tum
978 2030 141 49 etiam
1072 2030 125 49 quia
1150 2030 125 49 Comm
1213 2030 125 49 ibidem

761 2068 151 43 exponit
871 2068 206 43 Aristotelem
1036 2068 124 43 loqui
1119 2068 220 43 determinando
1284 2068 55 43 ve

760 2102 154 55 ritatem,
876 2102 142 55 dicens,
979 2102 180 55 Manifestum
1120 2102 90 55 est
1172 2102 142 55 igitui,
1262 2102 77 55 quod
