1500 2382
178 173 115 49 num,
250 173 115 49 quae
321 173 115 49 sunt
393 173 86 49 in
436 173 101 49 vno
494 173 259 49 praedicamento,
695 173 72 49 nec

176 219 135 46 obstat
271 219 108 46 quod
339 219 176 46 huiusmodi
474 219 176 46 conceptus
609 219 95 46 non
650 219 108 46 essent

183 251 105 48 enti
249 251 79 48 in
288 251 158 48 communi:
406 251 105 48 quia
472 251 105 48 tali
538 251 105 48 modo
603 251 92 48 non
656 251 92 48 est
695 251 66 48 con

180 288 184 40 ceptibile:
325 288 92 40 nec
377 288 79 40 ex
417 288 92 40 hoc
469 288 171 40 sequitur,
601 288 105 40 quod
654 288 105 40 conce-

177 319 112 50 ptus
247 319 155 50 partium
360 319 183 50 praecedat
500 319 183 50 conceptum
641 319 126 50 entis
711 319 56 50 in

186 363 169 38 communi,
313 363 113 38 quia
383 363 99 38 ens
440 363 85 38 in
482 363 155 38 communi
595 363 99 38 non
651 363 99 38 est
694 363 71 38 con

182 391 179 45 ceptibile,
323 391 102 45 nisi
386 391 77 45 eo
425 391 115 45 modo,
501 391 89 45 quo
552 391 115 45 dictu
629 391 89 45 est
667 391 89 45 supra

215 427 86 44 Ad
258 427 158 44 vltimum
373 427 187 44 dicendum,
516 427 100 44 non
573 427 172 44 oportere
688 427 72 44 co-

183 460 119 46 gnito
262 460 79 46 de
302 460 132 46 aliquo
394 460 106 46 quod
461 460 93 46 sit
514 460 106 46 ens,
580 460 132 46 statim
659 460 106 46 cogno-

181 499 122 41 scere,
266 499 73 41 an
303 499 86 41 sit
352 499 183 41 substantia,
498 499 86 41 vel
547 499 159 41 accidens,
669 499 61 41 &
682 499 73 41 pro-

184 537 109 39 pter
253 537 136 39 magnam
348 537 245 39 similitudinem,
552 537 109 39 quae
621 537 95 39 est
662 537 95 39 inter

178 574 170 38 conceptus
309 574 209 38 substantiae,
479 574 65 38 &
505 574 196 38 accidentis:
662 574 65 38 &
675 574 79 38 pro-

179 599 110 49 pter
248 599 137 49 magnam
344 599 219 49 confusionem,
522 599 110 49 quae
591 599 96 49 est
645 599 82 49 in
673 599 82 49 con-

185 636 114 40 ceptu
261 636 127 40 entis,
350 636 139 40 ratione
451 636 114 40 cuius
527 636 114 40 licet
603 636 89 40 non
641 636 127 40 expectet

178 664 128 49 alium
263 664 200 49 conceptum,
420 664 100 49 qui
477 664 86 49 se
520 664 143 49 habeat
620 664 100 49 per
662 664 100 49 addi-

184 703 145 52 tionem,
289 703 158 52 expectat
408 703 118 52 tamen
487 703 132 52 alium,
579 703 92 52 qui
631 703 79 52 se
658 703 105 52 habeat

181 739 98 54 per
223 739 225 54 explicationem.

173 769 139 48 AD
242 769 277 48 RATIONES
427 769 323 48 PRINCIPALES.

262 809 67 39 D
288 809 134 39 primam
383 809 121 39 dico,
463 809 161 39 rationem
584 809 121 39 entis
651 809 108 39 dictam

176 821 100 72 de
226 821 134 72 Deo,
310 821 117 72 non
377 821 134 72 essc
460 821 251 72 communiorem
644 821 117 72 ratio

180 882 82 39 ne
221 882 178 39 deitatis,
358 882 110 39 nisi
427 882 123 39 quoad
509 882 151 39 nostrum
619 882 123 39 modum
687 882 69 39 in-

187 919 215 44 telligendi,
358 919 157 44 sumptum
473 919 86 44 ex
516 919 200 44 creaturis:
673 919 72 44 &
687 919 72 44 hoc

164 949 188 45 sufficit.

216 958 87 67 Ad
260 958 174 67 secundam
391 958 189 67 dicendum,
536 958 116 67 quod
609 958 87 67 si
638 958 116 67 conce-

186 1016 98 50 ptus
247 1016 110 50 entis
321 1016 110 50 esset
394 1016 147 50 confusus
505 1016 86 50 per
554 1016 233 50 indifferentiam,

182 1054 69 42 &
210 1054 276 42 indistinctionem,
444 1054 124 42 ratio
527 1054 207 42 procederet,
679 1054 83 42 nunc

183 1087 134 44 autem
272 1087 178 44 secundum
406 1087 119 44 quod
481 1087 178 44 competit
599 1087 164 44 creaturae

180 1118 90 45 est
232 1118 155 45 confusus
348 1118 90 45 per
399 1118 232 45 implicationem,
592 1118 64 45 &
618 1118 90 45 per
657 1118 103 45 mixtio

183 1157 101 40 nem
240 1157 145 40 omnium
342 1157 145 40 eorum,
443 1157 116 40 quae
515 1157 188 40 pertinent
660 1157 87 40 ad
689 1157 72 40 es-

176 1189 143 48 sentiam
280 1189 104 48 rei.
344 1189 78 48 Et
383 1189 104 48 ideo
448 1189 91 48 non
500 1189 155 48 oportet,
617 1189 104 48 quod
668 1189 91 48 talis

185 1221 153 54 confusio
300 1221 128 54 faciat
389 1221 115 54 illum
466 1221 102 54 esse
530 1221 102 54 vnum
593 1221 89 54 per
632 1221 128 54 indiffe-

174 1252 181 56 rentiam,
310 1252 166 56 quantum
431 1252 91 56 ad
461 1252 121 56 omnia.

217 1296 85 46 Ad
259 1296 157 46 tertiam
373 1296 157 46 concedo
487 1296 114 46 Deum
559 1296 128 46 posse
630 1296 128 46 concipi

170 1330 168 40 communi
292 1330 183 40 conceptu
429 1330 107 40 cum
490 1330 198 40 creatura,
628 1330 137 40 inquan-

184 1363 84 43 tum
232 1363 145 43 terminus
341 1363 205 43 attributionis
509 1363 108 43 eius,
581 1363 72 43 vt
618 1363 120 43 dictum
690 1363 60 43 est

219 1401 88 42 Ad
263 1401 177 42 rationem
396 1401 88 42 in
440 1401 206 42 oppositum,
602 1401 133 42 patet
676 1401 88 42 quod

179 1436 174 41 concludit
312 1436 134 41 verum,
406 1436 161 41 scilicet
527 1436 107 41 quod
593 1436 107 41 Deus
660 1436 94 41 non
700 1436 54 41 po

181 1463 113 50 test
251 1463 155 50 concipi
364 1463 155 50 communi
477 1463 169 50 conceptu
604 1463 99 50 cum
646 1463 113 50 creatu

182 1504 79 43 ra
221 1504 92 43 per
274 1504 236 43 abstractionem.
470 1504 79 43 Et
510 1504 105 43 haec
575 1504 79 43 de
615 1504 105 43 tota
667 1504 92 43 quae

159 1541 134 54 stione.

235 1580 296 73 QVAESTIO
433 1580 271 73 SECVNIDA-

171 1643 132 49 Vtrum
259 1643 117 49 Deus
332 1643 102 49 sit
391 1643 146 49 primum
493 1643 176 49 cognitum
625 1643 88 49 ab
655 1643 102 49 intel

378 1677 117 47 lectu
443 1677 104 47 nostro

209 1860 322 69 ARVITVR
443 1860 175 69 AD
501 1860 234 69 PARTEM

377 1911 181 51 affirmantem.

174 1931 162 62 IILlud,
292 1931 118 62 quod
366 1931 147 62 maxime
469 1931 206 62 concipitur
617 1931 147 62 conceptu

218 1994 239 40 indeterminato,
417 1994 66 40 &
443 1994 159 40 confuso,
562 1994 93 40 est
615 1994 119 40 nobis
682 1994 80 40 pri-

178 2021 84 41 mo
220 2021 183 41 cognitum:
361 2021 113 41 Deus
431 2021 99 41 est
488 2021 197 41 huiusmodi:
642 2021 113 41 ergo
699 2021 56 41 &c

184 2055 127 41 Maior
268 2055 127 41 patet
353 2055 127 41 primo
437 2055 113 41 phys
508 2055 113 41 quia
578 2055 155 41 confusa
677 2055 84 41 sunt

178 2092 127 43 nobis
263 2092 142 43 primo,
362 2092 71 43 &
390 2092 142 43 maxime
489 2092 127 43 nota,
574 2092 142 43 quanto
659 2092 99 43 auten

182 2127 147 56 aliquid
288 2127 187 56 concipitur
435 2127 160 56 conceptu
555 2127 120 56 magis
622 2127 133 56 indeter

779 174 158 50 minato,
893 174 129 50 tanto
980 174 129 50 magis
1066 174 100 50 est
1123 174 187 50 confusum:
1252 174 115 50 Minor.

778 216 122 49 etiam
860 216 163 49 apparet,
982 216 109 49 quia
1050 216 190 49 conceptus,
1200 216 95 49 qui
1241 216 122 49 proprie

777 250 97 40 Deo
833 250 180 40 competit,
971 250 97 40 cum
1027 250 97 40 sit
1082 250 139 40 omnino
1179 250 222 40 illimitatus,

776 289 112 40 non
840 289 176 40 patitur
968 289 176 40 aliquam
1081 289 289 40 determinationem.

809 320 70 40 2
837 320 84 40 Si
879 320 112 40 Deus
949 320 98 40 non
1005 320 126 40 esset
1089 320 70 40 a
1117 320 126 40 nobis
1201 320 126 40 primo
1271 320 98 40 cogni

780 357 114 34 tus,
851 357 100 34 non
908 357 171 34 possemus
1036 357 199 34 cognoscere
1192 357 85 34 de
1235 357 100 34 Deo
1278 357 85 34 quid

786 392 106 51 est,
852 392 92 51 hoc
905 392 92 51 est
958 392 132 51 falsum
1050 392 106 51 ergo
1116 392 92 51 &c.
1169 392 225 51 Consequentiam

782 421 134 52 probo,
876 421 107 52 quia
943 421 148 52 posito,
1050 421 107 52 quod
1117 421 107 52 Deus
1184 421 94 52 non
1238 421 94 52 sit
1278 421 81 52 pri-

779 460 105 43 mum
839 460 194 43 cognitum,
988 460 135 43 omnis
1078 460 179 43 cognitio
1213 460 120 43 quam
1272 460 90 43 habe

775 499 122 40 remus
857 499 81 40 de
898 499 109 40 illo
965 499 81 40 ex
1006 499 176 40 creaturis
1142 499 176 40 penderet;
1264 499 95 40 nulla

781 533 122 38 autem
862 533 162 38 creatura
983 533 135 38 potest
1078 533 95 38 nos
1132 533 135 38 ducere
1226 533 81 38 in
1253 533 108 38 cogni-

782 566 129 43 tionem
872 566 193 43 quidditatis
1027 566 103 43 Dei;
1091 566 90 43 nam
1142 566 154 43 effectus
1258 566 90 43 non
1297 566 64 43 du-

785 600 85 45 cit
833 600 85 45 nos
882 600 73 45 in
919 600 182 45 cognitionem
1064 600 182 45 quidditatis
1210 600 134 45 causae,
1295 600 61 45 ni-

776 632 81 46 si
816 632 189 46 adaequetur
964 632 121 46 illi;
1045 632 108 46 quod
1113 632 94 46 non
1167 632 135 46 potest
1261 632 108 46 dici
1315 632 54 46 de

783 671 128 34 aliqua
873 671 154 34 creatura
988 671 154 34 respectu
1104 671 103 34 Dei.
1168 671 179 34 Falsitatem
1296 671 64 34 pro

782 700 94 50 bo;
835 700 94 50 per
889 700 81 50 P.
930 700 148 50 August.
1037 700 81 50 in
1078 700 81 50 de
1118 700 148 50 videndo
1225 700 121 50 Deum,
1293 700 67 50 vbi

778 737 136 42 dicit,
874 737 109 42 quod
942 737 82 42 si
983 737 136 42 omnino
1079 737 109 42 Deum
1147 737 109 42 quid
1215 737 96 42 sit
1256 737 109 42 nesci-

772 779 186 36 remus,
902 779 186 36 omnino
1033 779 130 36 eum
1107 779 130 36 non
1163 779 204 36 amaremus.

809 808 68 45 3
837 808 109 45 Quod
905 808 95 45 est
959 808 95 45 per
1014 808 82 45 se
1054 808 136 45 notum,
1150 808 95 45 est
1204 808 136 45 primum
1286 808 68 45 con

781 842 146 47 gnitum:
887 842 106 47 Deus
953 842 93 47 est
1006 842 93 47 per
1059 842 80 47 se
1099 842 133 47 notus:
1192 842 106 47 ergo
1258 842 93 47 &c.
1298 842 66 47 Ma-

777 879 92 39 ior
829 879 118 39 patet
908 879 79 39 ex
947 879 170 39 opposito,
1078 879 105 39 quia
1143 879 105 39 quod
1209 879 92 39 non
1261 879 92 39 est
1301 879 65 39 pri

785 914 82 36 mo
826 914 96 36 per
881 914 82 36 se
922 914 137 36 notum,
1018 914 164 36 cognitio
1142 914 110 36 eius
1197 914 164 36 deducitur.

783 949 71 40 ex
819 949 107 40 alio:
890 949 131 40 Minorem
985 949 83 40 pbo
1033 949 83 40 per
1080 949 95 40 Dam.
1139 949 95 40 lib.
1199 949 71 40 1.
1234 949 83 40 vbi
1282 949 107 40 vult,

786 981 117 43 quod
860 981 176 43 cognitio
991 981 161 43 essendi
1108 981 117 43 Deum
1181 981 161 43 omnibus
1284 981 73 43 sit

778 1023 206 43 naturaliter
943 1023 151 43 insita,
1053 1023 110 43 ergo
1122 1023 110 43 erit
1191 1023 124 43 primo
1260 1023 96 43 notum

775 1050 160 49 omnibus
892 1050 116 49 Deum
950 1050 102 49 esse-

807 1082 75 51 4
837 1082 90 51 Si
882 1082 119 51 Deus
956 1082 104 51 non
1016 1082 134 51 esset
1105 1082 149 51 primum
1195 1082 164 51 cognitum,

778 1116 205 43 sequeretur
939 1116 117 43 quod
1012 1116 117 43 Deum
1085 1116 117 43 esse
1158 1116 146 43 posset
1246 1116 117 43 demon-

781 1151 154 40 strari,;
897 1151 180 40 consequens
1038 1151 90 40 est
1090 1151 142 40 falsum,
1193 1151 103 40 ergo
1257 1151 90 40 &c.
1296 1151 64 40 Con

781 1188 175 42 sequentia
915 1188 135 42 patet,
1009 1188 108 42 quia
1077 1188 108 42 tunc
1144 1188 94 42 non
1184 1188 175 42 cognoscere-

783 1232 91 35 mus
835 1232 116 35 Deum,
912 1232 103 35 nisi
977 1232 91 35 per
1029 1232 181 35 creaturas,
1171 1232 103 35 quae
1236 1232 103 35 sunt
1287 1232 78 35 eius

777 1266 173 38 effectus,
910 1266 160 38 cognitio
1030 1266 120 38 autem
1110 1266 120 38 cause
1190 1266 93 38 per
1230 1266 133 38 effectum

776 1293 97 40 est
831 1293 248 40 demonstratiua.
1038 1293 193 40 Falsitatem
1190 1293 138 40 probo,
1273 1293 83 40 quia

775 1329 185 42 substantiae
923 1329 86 42 non
972 1329 86 42 est
1021 1329 210 42 demonstratio,
1194 1329 74 42 vt
1231 1329 111 42 patet
1292 1329 62 42 se-

786 1363 119 41 cundo
865 1363 199 41 physicorum,
1024 1363 106 41 esse
1090 1363 119 41 autem
1170 1363 93 41 Dei
1223 1363 93 41 est
1262 1363 93 41 idem,

788 1397 108 52 quod
855 1397 95 52 sua
909 1397 203 52 substantia:
1071 1397 108 52 ergo
1125 1397 54 52 &c

791 1440 345 70 ARVITVR
1041 1440 219 70 PRO
1136 1440 219 70 PARTE

979 1501 170 44 negante

881 1547 90 64 Vod
933 1547 90 64 est
984 1547 220 64 difficillimae
1165 1547 194 64 cognitionis
1320 1547 65 64 &

772 1580 172 81 Rmaxime
897 1580 172 81 remotum
1023 1580 78 81 a
1054 1580 188 81 sensibus
1195 1580 188 81 nostris,

880 1638 102 46 non
938 1638 145 46 potest
1039 1638 116 46 esse
1112 1638 145 46 primum
1199 1638 160 46 cognitum:

778 1665 106 50 Deus
844 1665 93 50 est
897 1665 186 50 huiusmodi,
1043 1665 106 50 ergo
1109 1665 93 50 &c.
1162 1665 119 50 Minor
1242 1665 93 50 est
1282 1665 66 50 non

787 1712 91 39 ta;
839 1712 117 39 Maior
917 1712 117 39 etiam
995 1712 130 39 patet,
1086 1712 104 39 quia
1151 1712 130 39 nostra
1229 1712 130 39 cognitio

776 1743 133 49 habet
865 1743 133 49 ortum
953 1743 74 49 a
968 1743 103 49 sensu

843 1778 210 42 Confirmatur
1011 1778 98 42 per
1067 1778 126 42 illud
1151 1778 140 42 secudi
1235 1778 126 42 Metaph-

782 1813 102 41 quia
846 1813 77 41 ad
884 1813 115 41 illa,
961 1813 102 41 quae
1025 1813 102 41 sunt
1089 1813 166 41 manifesta
1217 1813 77 41 in
1242 1813 115 41 natura,

784 1852 188 41 intellectus
935 1852 125 41 noster
1023 1852 75 41 se
1060 1852 125 41 habet,
1148 1852 113 41 sicut
1223 1852 125 41 oculus
1298 1852 63 41 no-

786 1880 112 43 ctuae
860 1880 75 43 ad
898 1880 112 43 lucem
960 1880 100 43 Solis,

806 1918 249 45 RESPONDEO:
1002 1918 107 45 In
1055 1918 142 45 ista
1127 1918 231 45 quaestiones

782 1946 153 49 quatuor
893 1946 111 49 sunt
963 1946 167 49 videnda,
1087 1946 111 49 quae
1157 1946 153 49 tangunt
1254 1946 97 49 argu-

777 1985 122 48 menta
845 1985 177 48 praeposita,

811 2021 68 45 1
839 2021 82 45 An
880 2021 109 45 Deus
948 2021 95 45 sit
1002 2021 136 45 primum
1098 2021 164 45 cognitum
1221 2021 68 45 a
1248 2021 136 45 nobis.

804 2056 68 50 2
832 2056 82 50 An
873 2056 82 50 de
913 2056 95 50 Deo
968 2056 82 50 in
1009 2056 95 50 via
1063 2056 204 50 cognoscamus
1227 2056 109 50 quod
1281 2056 82 50 est.

832 2091 87 39 An
875 2091 115 39 Deum
947 2091 115 39 esse
1019 2091 101 39 sit
1077 2091 101 39 per
1135 2091 87 39 se
1164 2091 115 39 notum.

804 2124 74 56 4
834 2124 88 56 An
878 2124 147 56 poffit
981 2124 221 56 demonstrari
1158 2124 118 56 Deum
1217 2124 88 56 esse
