1500 2372
200 176 72 64 e
228 176 159 64 contra,
344 176 101 64 cum
402 176 101 64 sit
460 176 145 64 primum
546 176 145 64 cognitum

239 225 152 47 VIterius
354 225 140 47 videtur
455 225 114 47 dubia
532 225 127 47 opinio
621 225 102 47 ista
684 225 76 47 in
709 225 64 47 sua

194 257 198 50 fundamentali
355 257 149 50 ratione:
466 257 112 50 Primo
541 257 99 50 quia
603 257 136 50 volunt,
690 257 74 50 quod

208 298 124 40 quanto
294 298 136 40 aliquid
393 298 87 40 est
443 298 111 40 magis
517 298 235 40 indeterminatum,
702 298 62 40 tan

201 335 75 37 to
238 335 112 37 prius
313 335 149 37 occurrat
425 335 199 37 intellectui,
587 335 87 37 hoc
636 335 112 37 autem
699 335 62 37 non

206 365 90 46 est
258 365 219 46 vniuersaliter
438 365 129 46 verum,
528 365 90 46 nam
579 365 141 46 materia
682 365 90 46 est
721 365 51 46 ma

198 402 112 44 xime
268 402 252 44 indeterminata,
478 402 70 44 &
505 402 126 44 tamen
589 402 98 44 non
645 402 126 44 prius
715 402 56 44 oc

199 435 137 46 currit
295 435 219 46 intellectui,
473 435 110 46 quam
542 435 137 46 forma:
638 435 110 46 immo
693 435 69 46 non

194 469 107 48 nisi
261 469 161 48 mediante
381 469 134 48 forma:
475 469 80 48 Si
515 469 107 48 ergo
582 469 174 48 proposito
702 469 67 48 de-

196 503 92 41 bet
249 503 132 41 habere
341 503 145 41 aliquam
446 503 184 41 veritatem,
591 503 145 41 oportet
683 503 79 41 quod

193 539 209 43 intelligatur
363 539 157 43 respectu
480 539 131 43 vnius,
572 539 65 43 &
598 539 91 43 non
637 539 131 43 vniuersa

188 571 141 51 liter,
286 571 169 51 secundum
413 571 112 51 quem
483 571 126 51 modum
567 571 98 51 non
624 571 126 51 valet
694 571 70 51 eis

186 609 87 44 ad
229 609 217 44 propositum;
402 609 116 44 quia
475 609 145 44 posset
576 609 159 44 concedi
677 609 87 44 quod

188 642 101 38 Deus
251 642 114 38 prius
327 642 151 38 occurrat
441 642 189 38 intellectui
592 642 88 38 sub
630 642 126 38 conceptu

187 678 266 44 indeterminato,
409 678 118 44 quam
483 678 104 44 sub
542 678 237 44 determinato,
720 678 44 44 &

185 713 122 41 tamen
267 713 95 41 non
321 713 149 41 propter
430 713 95 41 hoc
484 713 204 41 sequeretur,
647 713 109 41 quod
701 713 68 41 sim

185 753 175 41 pliciter,
319 753 67 41 &
346 753 229 41 vniuersaliter
534 753 121 41 prius
602 753 161 41 occurreret

167 783 124 46 nobis.

219 815 183 40 Praeterea
360 815 99 40 non
416 815 99 40 est
472 815 141 40 omnino
557 815 197 40 necessarium,

184 845 110 52 quod
253 845 165 52 respectu
377 845 151 52 eiusdem
487 845 96 52 rei
542 845 179 52 conceptus
666 845 96 52 inde-

190 885 191 42 terminatus
340 885 122 42 prius
422 885 177 42 occurrat,
558 885 109 42 quam
612 885 150 42 determina

189 923 101 39 tus,
253 923 127 39 potest
342 923 101 39 enim
405 923 127 39 alicui
494 923 114 39 prius
570 923 165 39 occurrere
684 923 76 39 con-

184 951 137 54 ceptus
280 951 164 54 speciei,
403 951 109 54 quam
471 951 178 54 conceptus
594 951 137 54 generis.

220 990 144 41 Deficit
325 990 144 41 secundo
430 990 79 41 in
469 990 144 41 ratione
561 990 197 41 fundamentali,

185 1017 139 48 dicens,
286 1017 101 48 quod
349 1017 101 48 ens,
412 1017 63 48 &
437 1017 126 48 primae
525 1017 189 48 intentiones
664 1017 88 48 entis

186 1059 180 35 occurrunt
325 1059 125 35 prius
408 1059 97 35 per
463 1059 180 35 conceptum
588 1059 166 35 indetermi-

184 1092 128 40 natum
269 1092 185 40 negatiue,
412 1092 114 40 quam
483 1092 100 40 per
540 1092 185 40 conceptum
668 1092 86 40 inde

185 1125 185 39 terminatum
330 1125 185 39 priuatiue;
476 1125 106 39 quod
542 1125 93 39 non
594 1125 145 39 videtur
687 1125 66 39 ve-

182 1164 110 39 rum,
251 1164 124 39 primo
334 1164 110 39 quia
403 1164 110 39 tunc
472 1164 207 39 intellectus
623 1164 124 39 procede

179 1199 93 34 ret
232 1199 80 34 de
272 1199 227 34 indeterminato
459 1199 160 34 negatiue
579 1199 80 34 ad
605 1199 147 34 indetermi

184 1232 126 42 natum
268 1232 196 42 priuatiue;
422 1232 70 42 &
450 1232 98 42 per
505 1232 196 42 consequens
659 1232 84 42 de
687 1232 70 42 ma-

186 1258 94 49 gis
239 1258 162 49 perfecto
361 1258 81 49 ad
401 1258 121 49 minus
482 1258 189 49 perfectum:
631 1258 108 49 quod
685 1258 67 49 est

183 1292 140 46 contra
281 1292 112 46 suum
351 1292 182 46 processum
492 1292 182 46 naturalem
632 1292 70 46 :
646 1292 112 46 Conse-

182 1325 160 50 quentiam
302 1325 133 50 probo,
395 1325 107 50 quia
462 1325 200 50 intellectus
622 1325 93 50 non
662 1325 93 50 quie-

183 1366 103 43 icit
248 1366 77 43 in
286 1366 129 43 aliquo
376 1366 232 43 indeterminato,
570 1366 90 43 sed
621 1366 129 43 semper
698 1366 52 43 na

190 1398 162 39 turaliter
314 1398 150 39 procedit
427 1398 75 39 de
464 1398 212 39 indeterminato
639 1398 75 39 ad
664 1398 87 39 deter

175 1434 162 42 minatum
293 1434 74 42 :
323 1434 103 42 Cum
382 1434 118 42 ergo
455 1434 192 42 conceptus
588 1434 162 42 indetermi

184 1469 113 44 natus
260 1469 150 44 negatiue
372 1469 88 44 sit
422 1469 263 44 indeterminabilis,
635 1469 113 44 cogitur

181 1505 181 39 necessario
323 1505 194 39 intellectus
478 1505 168 39 procedere
608 1505 78 39 ab
634 1505 116 39 huiusmo

179 1538 83 42 di
221 1538 167 42 conceptu
346 1538 264 42 indeterminabili
568 1538 83 42 ad
595 1538 153 42 conceptum

182 1578 250 36 determinabilem,
393 1578 92 36 qui
445 1578 92 36 est
498 1578 171 36 conceptus
616 1578 132 36 indeter-

177 1607 149 44 minatus
286 1607 190 44 priuatiue;
435 1607 68 44 &
462 1607 108 44 quia
529 1607 122 44 talis
597 1607 149 44 conceptus

179 1645 85 41 est
228 1645 207 41 imperfectior,
398 1645 85 41 cum
447 1645 85 41 sit
496 1645 73 41 de
532 1645 98 41 ente
593 1645 134 41 creato,
679 1645 73 41 ille

181 1672 101 47 vero
245 1672 76 47 de
283 1672 165 47 increato,
410 1672 165 47 sequitur,
536 1672 101 47 quod
600 1672 152 47 procedat
701 1672 51 47 de

171 1708 125 48 magis
254 1708 166 48 perfecto
379 1708 83 48 ad
420 1708 125 48 minus
490 1708 152 48 perfectum

207 1735 139 48 Iterum
305 1735 209 48 sequeretur,
472 1735 125 48 talem
555 1735 181 48 conceptum
680 1735 70 48 in-

173 1775 222 40 determinatum
354 1775 167 40 negatiue
479 1775 139 40 nullum
576 1775 139 40 habere
660 1775 83 40 ordi

171 1811 97 40 nem
227 1811 83 40 ad
268 1811 180 40 sequentes
407 1811 180 40 conceptus
545 1811 83 40 de
587 1811 97 40 Deo
628 1811 111 40 perfe-

170 1851 151 40 ctiores,
283 1851 100 40 quia
346 1851 88 40 cum
396 1851 100 40 vnus
459 1851 88 40 sit
509 1851 226 40 determinabilis
685 1851 63 40 per

174 1881 128 41 alium
259 1881 184 41 conceptum
401 1881 241 41 perfectiorem,
599 1881 99 41 non
642 1881 99 41 pote-

175 1915 89 40 rit
226 1915 76 40 ex
264 1915 76 40 eo
303 1915 140 40 procedi
404 1915 76 40 ad
443 1915 216 40 perfectiorem.
621 1915 89 40 Nec
659 1915 89 40 valet

179 1949 74 46 si
216 1949 148 46 dicatur,
327 1949 111 46 talem
401 1949 160 46 conceptum
524 1949 99 46 esse
573 1949 173 46 perfectissi-

171 1990 97 34 mum
227 1990 153 34 omnium,
338 1990 97 34 qui
394 1990 153 34 possunt
505 1990 139 34 haberi
602 1990 70 34 a
616 1990 125 34 viatore

173 2018 81 41 de
214 2018 108 41 Deo;
282 2018 108 41 Quia
349 2018 108 41 tunc
417 2018 162 41 cognitio
538 2018 95 41 Dei
592 2018 81 41 in
633 2018 95 41 via
673 2018 68 41 nul

170 2051 76 43 lo
208 2051 102 43 modo
272 2051 178 43 dependeret
412 2051 64 43 a
437 2051 165 43 creatura,
564 2051 76 43 vt
602 2051 127 43 dictum
678 2051 64 43 est

169 2085 169 49 superius,
299 2085 104 49 quod
364 2085 91 49 est
416 2085 130 49 contra
506 2085 104 49 eos,
571 2085 104 49 quia
636 2085 78 49 in
662 2085 78 49 alio

167 2120 182 58 processu,
307 2120 84 58 in
349 2120 98 58 quo
405 2120 140 58 ponunt
504 2120 112 58 Deum
574 2120 154 58 vltimum
672 2120 70 58 co

783 173 155 76 gnitum,
895 173 98 76 non
952 173 98 76 est
1008 173 155 76 dubium,
1120 173 112 76 quod
1190 173 112 76 eius
1247 173 112 76 cogni-

790 227 90 48 tio
842 227 155 48 dependet
958 227 64 48 a
970 227 142 48 creatura.

819 263 176 47 Praeterea,
957 263 88 47 cum
1008 263 113 47 talis
1083 263 163 47 conceptus
1208 263 88 47 sit
1246 263 113 47 abstra-

781 285 111 53 ctus
850 285 180 53 immediate
989 285 69 53 a
1017 285 208 53 phantasmate
1183 285 111 53 (est
1252 285 111 53 enim
1308 285 69 53 in-

776 334 232 42 determinatus
964 334 203 42 priuatiue)
1123 334 101 42 non
1181 334 159 42 videtur
1282 334 87 42 quo-

784 366 105 40 modo
850 366 79 40 ab
889 366 105 40 ipso
955 366 198 40 abstrahatur
1113 366 171 40 immediate
1232 366 119 40 aliquis

777 406 137 40 realis
873 406 178 40 conceptus
1010 406 246 40 indeterminatus
1201 406 151 40 negatiue;

781 436 95 47 nam
836 436 191 47 sequeretur
986 436 82 47 ad
1026 436 109 47 hoc,
1094 436 109 47 quod
1162 436 177 47 phantasma
1285 436 68 47 num

779 470 110 39 quam
848 470 179 39 generaret
986 470 83 39 in
1027 470 193 39 intellectu
1178 470 138 39 alique
1261 470 96 39 conce

780 504 115 44 ptum
852 504 260 44 indeterminatum
1068 504 202 44 priuatiue,
1227 504 115 44 quod
1285 504 72 44 est

782 539 152 44 falsum,
893 539 124 44 etiam
976 539 166 44 secundum
1100 539 111 44 eos,
1155 539 194 44 consequentia

792 572 115 39 atet,
869 572 102 39 quia
932 572 76 39 si
971 572 166 39 phantasma
1098 572 127 39 potest
1187 572 76 39 in
1226 572 89 39 sua
1264 572 89 39 prima

775 609 215 41 impressione
947 609 172 41 generare
1076 609 187 41 conceptum
1205 609 158 41 indetermi

782 645 127 39 natum
867 645 197 39 priuatiue,
1022 645 127 39 multo
1106 645 127 39 magis
1191 645 85 39 in
1219 645 127 39 quacun-

780 677 85 45 que
829 677 97 45 alia
889 677 158 45 sequente:
1011 677 73 45 ex
1048 677 122 45 quibus
1133 677 195 45 concluditur,
1279 677 73 45 quod

782 709 117 38 Deus
856 709 102 38 non
914 709 102 38 est
973 709 146 38 primum
1075 709 190 38 cognitum;
1221 709 102 38 nec
1265 709 88 38 fun-

780 742 168 54 damentum
906 742 126 54 eorum
990 742 84 54 ad
1032 742 98 54 hoc
1087 742 168 54 inductum
1213 742 140 54 cogit,
1297 742 56 54 vt

771 777 156 50 superius
875 777 117 50 patuit.

804 814 179 45 Confirmo
938 814 134 45 autem
1028 814 134 45 istam
1117 814 239 45 conclusionem
1296 814 60 45 du

783 843 114 44 plici
859 843 152 44 ratione,
973 843 126 44 primo:
1061 843 126 44 Illud,
1150 843 101 44 quod
1213 843 88 44 non
1251 843 101 44 potest

777 881 101 48 esse
840 881 214 48 phantasiatum,
1017 881 88 48 nec
1067 881 88 48 per
1117 881 88 48 se,
1168 881 88 48 nec
1218 881 88 48 per
1256 881 88 48 acci-

776 918 129 39 dens,
861 918 100 39 non
919 918 129 39 debet
1004 918 114 39 poni
1076 918 143 39 primum
1176 918 171 39 cognitum
1290 918 57 39 ab

778 952 184 43 intellectu
922 952 144 43 nostro:
1027 952 105 43 Deus
1093 952 92 43 est
1145 952 184 43 huiusmodi,
1276 952 79 43 ergo

780 988 94 40 &c.
833 988 147 40 Maiorem
940 988 134 40 probo,
1034 988 94 40 nam
1088 988 161 40 cognitio
1195 988 174 40 intellecti.

772 1022 85 45 ua
814 1022 184 45 quaecunqe
956 1022 113 45 ideo
1027 1022 170 45 dependet
1154 1022 71 45 a
1169 1022 198 45 phantasmate,

782 1055 101 45 quia
846 1055 88 45 vel
896 1055 88 45 est
947 1055 152 45 imediate
1060 1055 76 45 de
1098 1055 126 45 aliquo
1174 1055 177 45 phantasiato,

770 1095 94 35 vel
823 1095 175 35 deducitur
958 1095 81 35 ex
998 1095 108 35 alia
1065 1095 202 35 cognitione,
1227 1095 108 35 quae
1280 1095 81 35 imme

772 1124 117 37 diate
850 1124 91 37 est
902 1124 78 37 de
941 1124 208 37 phantasiato,
1111 1124 65 37 &
1137 1124 91 37 sic
1189 1124 117 37 prima
1254 1124 104 37 cogni-

778 1160 92 39 tio,
835 1160 92 39 quae
892 1160 69 39 in
927 1160 103 39 nobis
995 1160 92 39 est,
1053 1160 161 39 necessario
1179 1160 80 39 est
1225 1160 69 39 de
1248 1160 103 39 aliquo.

775 1196 182 42 phantasiato
920 1196 85 42 vel
969 1196 85 42 per
1017 1196 85 42 se,
1066 1196 85 42 vel
1114 1196 85 42 per
1162 1196 157 42 accidens,
1271 1196 73 42 opor

776 1229 92 42 tet
829 1229 106 42 enim
895 1229 224 42 intelligentem
1079 1229 198 42 phantasmata
1224 1229 119 42 specula

772 1262 92 40 ri:
824 1262 118 40 Minor
903 1262 170 40 probatur,
1034 1262 105 40 quia
1099 1262 105 40 omne
1165 1262 92 40 per
1217 1262 79 40 se
1243 1262 92 40 phan-

766 1296 151 44 tasiatum
879 1296 88 44 est
930 1296 138 44 corpus,
1030 1296 88 44 vel
1080 1296 88 44 per
1131 1296 75 44 se
1168 1296 151 44 quantum,
1269 1296 75 44 quod

770 1332 113 33 nefas
846 1332 88 33 est
896 1332 163 33 imaginari
1021 1332 75 33 de
1059 1332 100 33 Deo,
1121 1332 100 33 ergo
1184 1332 88 33 non
1234 1332 88 33 est
1271 1332 63 33 por

765 1363 75 38 se
802 1363 212 38 phantasiatus,
976 1363 87 38 nec
1026 1363 112 38 etiam
1101 1363 87 38 per
1150 1363 162 38 accidens;
1262 1363 75 38 quia

772 1403 107 38 omne
839 1403 214 38 phantasiatum
1013 1403 94 38 per
1066 1403 174 38 accidens,
1200 1403 94 38 vel
1240 1403 94 38 salte

769 1434 97 43 est
825 1434 167 43 quantum,
950 1434 97 43 vel
1006 1434 97 43 cum
1062 1434 153 43 quanto,
1173 1434 139 43 quorum
1256 1434 84 43 quod

771 1469 99 37 ibet
833 1469 87 37 est
882 1469 186 37 impossibile
1031 1469 99 37 dici
1093 1469 74 37 de
1118 1469 74 37 Deo.

792 1500 157 50 Secundo
906 1500 86 50 ad
949 1500 128 50 idem:
1034 1500 86 50 si
1077 1500 114 50 Deus
1148 1500 128 50 esset
1220 1500 114 50 primum

761 1537 164 47 cognitum,
888 1537 190 47 sequeretur,
1040 1537 177 47 scientiam,
1179 1537 101 47 quae
1229 1537 114 47 conside

764 1572 88 42 rat
815 1572 76 42 de
853 1572 101 42 Deo,
916 1572 101 42 esse
979 1572 126 42 primam
1068 1572 76 42 in
1106 1572 126 42 ordine
1181 1572 152 42 doctrinae;

761 1606 183 38 consequens
905 1606 92 38 est
957 1606 144 38 falsum,
1062 1606 105 38 ergo
1128 1606 92 38 &c.
1180 1606 157 38 Falsitas
1285 1606 52 38 pa

768 1640 111 47 tet,
837 1640 111 47 quia
907 1640 222 47 Metaphysica,
1087 1640 111 47 quae
1157 1640 83 47 de
1198 1640 97 47 Deo
1240 1640 83 47 con-

765 1673 151 44 siderat,
879 1673 88 44 non
929 1673 88 44 est
979 1673 113 44 prima
1055 1673 126 44 ordine
1142 1673 176 44 doctrinae,
1268 1673 63 44 im-

759 1709 78 44 mo
798 1709 130 44 potius
889 1709 181 44 posterior,
1031 1709 78 44 vt
1070 1709 117 44 etiam
1148 1709 117 44 dicit
1212 1709 117 44 Auicen-

770 1745 90 35 nas
821 1745 115 35 primo
898 1745 102 35 suae
962 1745 205 35 Metaphysicae
1128 1745 102 35 cap.
1192 1745 128 35 tertio
1269 1745 64 35 Con

761 1776 199 42 sequentiam
917 1776 142 42 probo,
1016 1776 99 42 nam
1073 1776 170 42 videmus,
1201 1776 114 42 quod
1258 1776 85 42 scie

766 1813 91 41 tia
818 1813 169 41 naturalis
948 1813 104 41 ideo
1013 1813 169 41 praecedit
1144 1813 143 41 Metaph.
1235 1813 104 41 ordine

766 1844 173 44 doctrinae,
902 1844 99 44 quia
964 1844 173 44 considerat
1100 1844 111 44 entia
1162 1844 161 44 sensibilia,

764 1883 75 35 de
802 1883 126 35 quibus
890 1883 88 35 est
940 1883 113 35 prior
1016 1883 201 35 intellectio,
1179 1883 101 35 quam
1242 1883 75 35 de
1267 1883 63 35 in-

764 1914 249 52 telligibilibus,
974 1914 79 52 de
1013 1914 131 52 quibus
1105 1914 92 52 est
1157 1914 171 52 posterior
1275 1914 66 52 in

756 1947 133 46 tellectio.

780 1994 350 69 ARTICVLVS
1022 1994 269 69 SECVNDVS

792 2085 141 42 Vtrum
886 2085 235 42 cognoscamus
1074 2085 94 42 de
1121 2085 110 42 Deo
1183 2085 94 42 in
1215 2085 78 42 via

971 2121 112 58 quid
1027 2121 84 58 est.
