1500 2376
177 193 103 45 quid
242 193 103 45 rei,
306 193 64 45 &
332 193 90 45 hoc
383 193 103 45 non,
448 193 103 45 quia
512 193 116 45 nulla
589 193 155 45 scientia
693 193 64 45 pro

178 233 132 41 cederet
274 233 72 41 ex
310 233 169 41 principijs
443 233 84 41 per
491 233 72 41 se
527 233 120 41 notis,
611 233 72 41 vt
636 233 120 41 superius

177 269 135 38 dictum
272 269 108 38 est,
340 269 95 38 vel
394 269 257 38 significationem
610 269 108 38 quid
664 269 95 38 nomi-

184 292 92 51 nis,
242 292 58 51 &
265 292 92 51 tunc
323 292 69 51 si
357 292 92 51 ista
415 292 150 51 sufficit,
530 292 161 51 necessario
656 292 92 51 haec
702 292 58 51 pro

180 335 124 42 posito
267 335 100 42 Deus
329 335 100 42 est,
391 335 100 42 erit
453 335 87 42 per
503 335 75 42 se
540 335 112 42 nota:
615 335 100 42 quia
665 335 87 42 signi

181 367 159 43 ficatum
296 367 130 43 huius
383 367 173 43 nominis,
513 367 130 43 Deus,
599 367 87 43 ab
628 367 130 43 omnibus

175 405 149 45 potest
280 405 224 45 apprehendi,
459 405 105 45 nam
519 405 194 45 (secundum
668 405 120 45 eos)

182 443 95 38 per
237 443 95 38 hoc
291 443 136 38 nomen,
386 443 122 38 Deus,
467 443 122 38 omnes
549 443 231 38 apprehendunt,

171 468 169 54 aliquid
293 468 215 54 excellens,
462 468 123 54 quod
539 468 169 54 omnibus
647 468 107 54 rebus

163 512 208 45 anteponunt.

214 540 92 51 Tum
266 540 105 51 quia
332 540 105 51 ille
397 540 170 51 conceptus
528 540 183 51 generalis,
672 540 66 51 &
686 540 66 51 con

178 562 152 51 fusus,
284 562 107 51 quo
345 562 122 51 Deum
421 562 228 51 cognoscimus
589 562 167 51 (secundum

176 613 124 41 istos)
263 613 87 41 vel
312 613 87 41 est
362 613 99 41 soli
424 613 87 41 Deo
474 613 162 41 proprius,
598 613 87 41 vel
636 613 124 41 communis

181 644 115 44 etiam
258 644 179 44 creaturis;
399 644 77 44 Si
437 644 141 44 primum,
539 644 90 44 non
591 644 141 44 poterit
680 644 77 44 ali-

186 682 105 50 quid
251 682 144 50 concipi
356 682 78 50 in
395 682 105 50 illo
460 682 170 50 conceptu,
591 682 105 50 quod
656 682 91 50 non
696 682 65 50 sit

189 712 115 43 Deus,
266 712 89 43 vel
317 712 77 43 si
355 712 204 43 concipiatur,
521 712 89 43 non
572 712 102 43 erit
623 712 128 43 proposi-

185 751 101 38 tio,
249 751 76 38 de
287 751 89 38 qua
338 751 165 38 quaerimus
464 751 114 38 modo,
540 751 89 38 vbi
591 751 89 38 per
642 751 76 38 Iy
667 751 89 38 Deum,

182 784 221 41 intelligimus
362 784 124 41 ipsum
444 784 124 41 verum
527 784 124 41 Deum,
610 784 83 41 si
638 784 110 41 secun-

178 820 115 42 dum,
250 820 130 42 adhuc
336 820 101 42 non
394 820 159 42 habetur
510 820 217 42 propositum,
668 820 87 42 quia

180 854 200 38 communiter
337 854 186 38 conceptus
480 854 100 38 cum
537 854 186 38 creaturis
680 854 100 38 non

187 888 185 42 constituit
332 888 106 42 hanc
399 888 238 42 propositionem,
597 888 79 42 de
637 888 93 42 qua
677 888 79 42 modo

182 930 147 43 qrimus,
289 930 67 43 &
315 930 107 43 ideo
382 930 107 43 haec
449 930 134 43 opinio
542 930 94 43 non
596 930 94 43 est
636 930 120 43 tenenda

217 956 83 49 Est
265 956 95 49 ergo
324 956 95 49 alia
383 956 119 49 opinio
466 956 131 49 dicens,
561 956 95 49 tunc
621 956 119 49 aliqum
692 956 59 49 pro

179 995 179 44 positionem
320 995 103 44 esse
384 995 90 44 per
436 995 77 44 se
474 995 128 44 notam,
564 995 128 44 quando
641 995 115 44 termini

179 1027 92 45 sic
231 1027 224 45 coniunguntur,
416 1027 105 45 quod
482 1027 79 45 ex
521 1027 118 45 ipsis
600 1027 132 45 potest
679 1027 79 45 acci

177 1062 77 47 pi
216 1062 141 47 euidens
318 1062 141 47 notitia
420 1062 77 47 de
459 1062 154 47 veritate
574 1062 128 47 illius
651 1062 102 47 propo-

180 1106 162 37 sitionis,
304 1106 62 37 a
329 1106 162 37 quocunque
453 1106 187 37 cognoscente
603 1106 124 37 dictos
677 1106 75 37 ter-

174 1140 139 34 minos;
271 1140 83 34 ad
313 1140 195 34 propositum
466 1140 111 34 ergo
536 1140 139 34 dicunt
619 1140 125 34 huiusmo

178 1166 79 48 di
217 1166 170 48 terminum,
348 1166 118 48 Deus,
427 1166 118 48 posse
505 1166 183 48 dupliciter
636 1166 118 48 accipi,

179 1198 97 48 vno
234 1198 111 48 modo
304 1198 124 48 prout
387 1198 194 48 significat
539 1198 152 48 diuinam
635 1198 111 48 essen-

170 1236 125 45 tiam,
253 1236 167 45 secundum
378 1236 111 45 quod
448 1236 111 45 haec
517 1236 167 45 essentia
642 1236 111 45 est;
711 1236 69 45 &

177 1267 101 46 tunc
240 1267 88 46 non
291 1267 189 46 cognoscitur
442 1267 126 46 pfecte
530 1267 101 46 nisi
593 1267 63 46 a
618 1267 101 46 solo
681 1267 101 46 Deo,

177 1312 69 41 &
205 1312 151 41 beatis,
314 1312 69 41 &
342 1312 96 41 hoc
397 1312 110 41 modo
465 1312 110 41 esse
534 1312 164 41 comperit
657 1312 96 41 Deo
698 1312 55 41 pr

174 1336 185 50 prijssime,
319 1336 105 50 vnde
385 1336 185 50 constituit
530 1336 224 50 propositionem
701 1336 53 50 im

173 1379 184 43 mediatam,
314 1379 71 43 &
343 1379 99 43 per
399 1379 85 43 se
442 1379 142 43 notam,
541 1379 85 43 in
583 1379 113 43 quam
640 1379 113 43 resol-

179 1406 133 48 uuntur
272 1406 119 48 omnes
351 1406 119 48 aliae
431 1406 239 48 propositiones,
616 1406 133 48 possibi-

183 1443 91 44 les
235 1443 170 44 enuntiari
366 1443 78 44 de
405 1443 105 44 Deo,
470 1443 131 44 altero
562 1443 105 44 modo
627 1443 131 44 potest
706 1443 52 44 ac

181 1476 117 51 cipi,
259 1476 78 51 Iy
298 1476 117 51 Deus,
376 1476 117 51 prout
454 1476 182 51 significat
597 1476 143 51 diuinam
688 1476 65 51 es-

178 1510 169 46 sentiam,
305 1510 169 46 quatenus
432 1510 212 46 cognoscitur
601 1510 71 46 a
629 1510 127 46 nobis
700 1510 56 46 in

187 1546 110 41 ria,
256 1546 69 41 &
283 1546 137 41 dicunt
379 1546 110 41 quod
448 1546 110 41 isto
517 1546 110 41 modo
585 1546 96 41 non
626 1546 124 41 habemus

176 1584 82 41 de
217 1584 95 41 Deo
272 1584 149 41 aliquem
380 1584 177 41 conceptum
516 1584 82 41 in
557 1584 109 41 via,
611 1584 136 41 secundum

185 1617 105 47 quem
250 1617 92 47 sit
303 1617 92 47 per
355 1617 79 47 se
395 1617 118 47 notum
474 1617 118 47 nobis
552 1617 118 47 ipsum
631 1617 118 47 esse,
710 1617 66 47 &

178 1651 91 49 hoc
230 1651 143 49 probant
321 1651 181 49 tripliciter.

209 1683 68 46 1
237 1683 135 46 Illud,
331 1683 108 46 quod
399 1683 95 46 est
453 1683 244 46 demonstrabile,
656 1683 68 46 &
670 1683 81 46 reso

177 1708 123 52 lubile
263 1708 74 52 in
300 1708 136 52 aliquod
399 1708 123 52 prius,
485 1708 86 52 non
534 1708 86 52 est
584 1708 86 52 per
633 1708 74 52 se
658 1708 86 52 notum

176 1756 83 42 sed
224 1756 95 42 esse
283 1756 95 42 Dei,
342 1756 71 42 vt
378 1756 166 42 concipitur
509 1756 59 42 a
532 1756 107 42 nobis
604 1756 71 42 in
639 1756 95 42 via,
687 1756 59 42 ess

175 1789 242 39 demonstrabile,
376 1789 67 39 &
403 1789 134 39 potest
497 1789 148 39 resolui
604 1789 81 39 in
631 1789 121 39 aliquod

173 1828 130 43 prius,
264 1828 104 43 ergo
329 1828 91 43 non
381 1828 91 43 est
433 1828 91 43 per
485 1828 78 43 se
524 1828 130 43 notum,
615 1828 117 43 Maior
680 1828 65 43 pa-

175 1856 107 47 tet,
241 1856 107 47 quia
308 1856 93 47 per
361 1856 80 47 se
401 1856 120 47 notum
481 1856 93 47 est
521 1856 227 47 indemonstrabile

177 1896 64 39 &
203 1896 204 39 iresolubile,
369 1896 115 39 Minor
445 1896 141 39 pbatur,
548 1896 102 39 quia
612 1896 102 39 esse
663 1896 89 39 prius

170 1932 163 40 competit
293 1932 109 40 Deo,
361 1932 163 40 quatenus
483 1932 95 40 est
538 1932 109 40 haec
592 1932 150 40 essentia,

172 1968 95 39 quo
227 1968 108 39 modo
294 1968 189 39 concipitur
443 1968 68 39 a
470 1968 149 39 beatis,
578 1968 108 39 quam
632 1968 108 39 quate-

165 1999 89 44 nus
216 1999 178 44 concipitur
356 1999 64 44 a
382 1999 127 44 nobis,
471 1999 64 44 &
496 1999 89 44 sic
547 1999 89 44 per
598 1999 115 44 illud
662 1999 89 44 demon

174 2032 195 43 stratur,
320 2032 81 43 &
353 2032 98 43 in
401 2032 146 43 illud
483 2032 211 43 resoluitur.

210 2064 62 50 2
234 2064 98 50 Illa
296 2064 160 50 proposito
419 2064 86 50 non
468 2064 86 50 est
517 2064 86 50 per
566 2064 74 50 se
603 2064 111 50 nota,
665 2064 86 50 cuius

172 2100 172 49 terminos
301 2100 100 49 non
358 2100 201 49 concipimus
516 2100 129 49 prius
602 2100 115 49 quam
673 2100 100 49 eam

173 2134 211 56 concipiamus
342 2134 98 56 per
398 2134 141 56 fidem,
496 2134 98 56 vel
538 2134 211 56 demonstratio

778 176 104 62 nem,
843 176 130 62 praefa
933 176 65 62 a
959 176 168 62 proposito
1089 176 91 62 est
1141 176 181 62 huiusmodi,
1270 176 78 62 ergo

779 224 93 41 &c.
832 224 119 41 Maior
911 224 132 41 patet,
1003 224 106 41 quia
1070 224 172 41 proposito
1202 224 93 41 per
1255 224 79 41 se
1281 224 66 41 no-

778 257 89 42 ta,
829 257 115 42 debet
906 257 102 42 esse
969 257 102 42 nota
1033 257 76 42 ex
1071 257 115 42 solis
1147 257 165 42 terminis;
1262 257 89 42 Minor

782 294 177 44 probatur,
919 294 123 44 quia,
1001 294 95 44 vel
1055 294 123 44 nullo
1137 294 109 44 modo
1191 294 164 44 concipimus

771 335 170 40 terminos,
901 335 91 40 vel
954 335 78 40 si
993 335 91 40 eos
1045 335 196 40 concipimus,
1188 335 157 40 proposito-

771 364 95 41 nem
826 364 122 41 tamen
907 364 177 41 praefatam
1044 364 82 41 ex
1084 364 163 41 terminis
1207 364 95 41 non
1248 364 95 41 tene-

774 397 109 38 mus,
843 397 95 38 sed
897 397 123 38 solum
979 397 82 38 ex
1020 397 259 38 demonstratione,
1238 397 95 38 vel
1279 397 68 38 fi-

773 429 100 48 de,
830 429 115 48 ergo
887 429 72 48 &c.

804 463 72 46 3
832 463 130 46 Nihil
919 463 101 46 est
977 463 130 46 notum
1063 463 87 46 de
1107 463 173 46 conceptu
1222 463 130 46 comple-

772 505 86 38 xo,
821 505 98 38 nisi
882 505 98 38 sint
944 505 111 38 prius
1017 505 111 38 notae
1091 505 123 38 partes
1177 505 123 38 illius
1251 505 98 38 conce-

784 539 103 43 ptus
848 539 129 43 vnitae
938 539 180 43 adinuicem,
1080 539 90 43 sed
1131 539 180 43 conceptus,
1273 539 103 43 quem

772 572 166 39 habemus
893 572 90 39 de
938 572 106 39 Deo
998 572 106 39 per
1058 572 121 39 hanc
1119 572 226 39 propositionem

771 606 109 45 Deus
839 606 109 45 est,
907 606 95 45 est
962 606 136 45 aliquo
1057 606 109 45 modo
1125 606 191 45 complexus,
1261 606 82 45 ergo

783 647 112 36 prius
857 647 137 36 oportet
957 647 112 36 scire
1032 647 125 36 partes
1119 647 100 36 eius
1182 647 162 36 adinuicem
1294 647 50 36 v-

774 672 122 46 nitas
856 672 122 46 esse,
937 672 108 46 quam
1005 672 149 46 sciamus
1113 672 176 46 praefatum
1236 672 108 46 conce-

773 715 113 46 ptum
844 715 198 46 verificari
999 715 85 46 de
1041 715 113 46 Deo,
1112 715 71 46 &
1140 715 99 46 per
1183 715 170 46 consequens

780 750 77 45 de
819 750 115 45 nullo
896 750 103 45 tali
960 750 154 45 conceptu
1075 750 90 45 est
1126 750 90 45 per
1177 750 77 45 se
1216 750 115 45 notum
1280 750 64 45 ip-

776 780 89 48 sum
827 780 153 48 attribui
942 780 102 48 Deo:
1006 780 115 48 Maior
1082 780 89 48 est
1133 780 115 48 nota,
1210 780 102 48 quia
1261 780 89 48 omne,

778 817 105 49 quod
843 817 118 49 verum
922 817 91 49 est
974 817 78 49 de
1013 817 144 49 aliquo,
1118 817 118 49 prius
1196 817 144 49 oportet
1288 817 65 49 es-

776 853 82 42 se
817 853 122 42 verum
899 853 82 42 in
940 853 95 42 se,
994 853 136 42 nullum
1089 853 109 42 ergo
1157 853 177 42 complexum
1280 853 68 42 po-

776 885 111 40 terit
849 885 172 40 verificari
985 885 74 40 de
1021 885 135 40 aliquo,
1120 885 98 40 nisi
1181 885 111 40 prius
1242 885 111 40 sciatur

782 920 113 46 psum
852 920 113 46 esse
923 920 127 46 verum
1007 920 84 46 in
1049 920 99 46 se;
1106 920 127 46 Minor
1190 920 183 46 probatur,

777 958 108 40 quia
845 958 135 40 nullus
940 958 176 40 conceptus
1075 958 135 40 noster
1170 958 95 40 est
1224 958 95 40 Deo
1265 958 81 40 pro-

776 1000 137 34 prius,
872 1000 110 34 nisi
941 1000 206 34 contrahatur
1105 1000 137 34 aliquo
1201 1000 110 34 modo
1270 1000 69 34 &
1283 1000 69 34 sit

778 1023 177 41 complexus,
917 1023 114 41 sicut
993 1023 114 41 patet
1069 1023 76 41 de
1106 1023 151 41 conceptu
1220 1023 126 41 entis,
1308 1023 63 41 &

777 1063 115 39 veri,
854 1063 77 39 ac
892 1063 115 39 boni,
969 1063 77 39 si
1007 1063 102 39 enim
1071 1063 141 39 volumus
1173 1063 141 39 aliquem
1263 1063 89 39 horum

776 1101 191 40 conceptuum
926 1101 95 40 Deo
981 1101 218 40 appropriare,
1158 1101 164 40 oportet,
1267 1101 82 40 quod

775 1135 206 40 contrahamus
940 1135 96 40 eos
995 1135 96 40 per
1049 1135 164 40 rationem
1173 1135 137 40 summi,
1269 1135 69 40 &
1282 1135 69 40 pri

773 1169 90 42 mi,
825 1169 90 42 vel
876 1169 90 42 per
928 1169 142 42 aliquam
1030 1169 116 42 talem
1108 1169 167 42 rationem,
1223 1169 129 42 secundum

774 1202 108 46 quam
842 1202 108 46 soli
910 1202 95 46 Deo
964 1202 135 46 valeat
1045 1202 162 46 applicari.

806 1230 107 43 Haec
873 1230 134 43 opinio
967 1230 148 43 videtur
1074 1230 188 43 coincidere
1222 1230 94 43 cum
1262 1230 81 43 pri-

773 1273 90 40 ma,
824 1273 103 40 quia
889 1273 115 40 sicut
965 1273 103 40 illa
1030 1273 128 40 ponit,
1119 1273 103 40 quod
1183 1273 103 40 esse
1247 1273 90 40 non
1286 1273 64 40 est

776 1308 88 47 per
827 1308 76 47 se
865 1308 113 47 notum
940 1308 76 47 de
978 1308 101 47 Deo,
1041 1308 76 47 vt
1079 1308 63 47 a
1104 1308 113 47 nobis
1179 1308 189 47 concipitur,

783 1348 99 34 quia
844 1348 86 34 sic
894 1348 86 34 non
943 1348 173 34 innotescit
1079 1348 74 34 ex
1116 1348 160 34 terminis,
1239 1348 86 34 ita
1276 1348 74 34 vide

781 1379 87 40 tur
830 1379 125 40 dicere
918 1379 112 40 ista,
992 1379 100 40 ideo
1055 1379 150 40 incurrit
1167 1379 125 40 aliquo
1254 1379 100 40 modo
1304 1379 50 40 in

769 1413 129 38 eadem
841 1413 244 38 inconuenientia.

821 1438 144 54 Videtur
925 1438 117 54 tamen
1004 1438 196 54 specialiter
1160 1438 144 54 deficer
1265 1438 65 54 e
1278 1438 65 54 po-

773 1477 112 45 nens
843 1477 112 45 quod
913 1477 126 45 esse,
997 1477 98 45 Deo
1053 1477 210 45 attributum,
1221 1477 84 45 vt
1263 1477 70 45 a
1277 1477 70 45 no-

769 1510 96 52 bis
824 1510 205 52 concipitur,
988 1510 137 52 possit
1083 1510 205 52 demonstrari
1247 1510 82 52 de
1275 1510 68 52 eo,

777 1551 113 39 quod
848 1551 99 39 est
904 1551 156 39 falsum.
1017 1551 99 39 Tum
1074 1551 113 39 quia
1145 1551 198 39 sequeretur
1286 1551 57 39 ex

767 1587 144 37 dictis
868 1587 159 37 ipsorum
983 1587 115 37 quod
1055 1587 144 37 noster
1156 1587 130 37 modus
1229 1587 115 37 conci-

780 1619 117 41 iendi
858 1619 170 41 accideret
989 1619 91 41 rei
1041 1619 170 41 concepte,
1158 1619 183 41 demonstratio

765 1655 129 37 autem
851 1655 129 37 cadit
937 1655 129 37 super
1023 1655 101 37 rem
1081 1655 158 37 quantum
1195 1655 86 37 ad
1224 1655 115 37 illud,

768 1689 110 49 quod
837 1689 110 49 sibi
905 1689 192 49 necessario
1056 1689 178 49 competit.
1193 1689 96 49 Tum
1248 1689 123 49 quia,

769 1718 112 43 esse
839 1718 98 43 Dei
895 1718 98 43 non
952 1718 126 43 esset
1036 1718 126 43 idem,
1120 1718 112 43 quod
1190 1718 126 43 Deus,
1261 1718 84 43 quia

772 1760 117 44 nihil
850 1760 208 44 demonstratur
1019 1760 78 44 de
1058 1760 91 44 eo,
1110 1760 91 44 cum
1162 1760 91 44 quo
1214 1760 91 44 est
1253 1760 91 44 idem,

772 1791 167 47 alioquin
898 1791 112 47 idem
967 1791 251 47 demonstraretur
1177 1791 84 47 de
1218 1791 84 47 se
1246 1791 98 47 ipso.

776 1821 94 49 Tum
829 1821 120 49 etiam
909 1821 107 49 quia
976 1821 107 49 Deus
1043 1821 120 49 esset
1123 1821 120 49 prius
1203 1821 134 49 notus,
1297 1821 67 49 &

766 1864 123 39 magis
849 1864 123 39 notus
931 1864 137 39 nobis,
1027 1864 164 39 secundum
1150 1864 110 39 quod
1219 1864 110 39 haec
1273 1864 69 39 es-

765 1896 139 42 sentia
862 1896 111 42 est,
931 1896 111 42 quam
1001 1896 180 42 quocumque
1139 1896 111 42 alio
1195 1896 152 42 conceptu,

769 1927 209 43 demonstratio
939 1927 105 43 enim
1004 1927 131 43 semper
1096 1927 91 43 fit
1148 1927 91 43 per
1200 1927 144 43 aliquid
1292 1927 52 43 ma

770 1965 107 42 gis,
836 1965 67 42 &
863 1965 120 42 prius
943 1965 133 42 notum,
1036 1965 80 42 si
1076 1965 107 42 ergo
1130 1965 213 42 demonstrabimus

763 2004 106 38 esse
829 2004 80 38 de
869 2004 106 38 Deo,
935 2004 80 38 vt
975 2004 133 38 anobis
1068 2004 186 38 concipitur
1213 2004 93 38 per
1253 2004 93 38 ipsum

764 2031 90 42 met
816 2031 116 42 esse,
893 2031 155 42 quatenus
1009 2031 103 42 haec
1074 2031 168 42 essentia,
1203 2031 142 42 cogimur
1293 2031 52 42 di

763 2073 114 39 cere,
839 2073 101 39 quod
902 2073 101 39 Deus
965 2073 88 39 sit
1016 2073 114 39 nobis
1092 2073 139 39 notior,
1193 2073 76 39 vt
1230 2073 101 39 haec
1281 2073 63 39 es-

768 2100 141 45 sentia,
871 2100 103 45 quam
935 2100 77 45 vt
974 2100 64 45 a
999 2100 116 45 nobis
1076 2100 193 45 concipitur,
1230 2100 103 45 quod
1282 2100 64 45 nul

766 2133 93 56 lus
806 2133 133 56 diceret.
