1500 2372
190 190 129 52 datus;
281 190 78 52 ei
319 190 129 52 autem,
410 190 103 52 quod
475 190 103 52 tale
539 190 91 52 est
591 190 155 52 repugnat
694 190 65 52 non

194 235 108 39 esse,
266 235 60 39 &
290 235 191 39 prconsequens
445 235 96 39 esse
505 235 84 39 est
553 235 72 39 de
589 235 96 39 eius
636 235 120 39 ratione,

192 275 67 35 &
218 275 107 35 haec
285 275 93 35 est
338 275 160 35 intentio
458 275 147 35 Anselmi
565 275 173 35 prosolog.
698 275 80 35 ca
725 275 40 35 4

203 309 84 36 vbi
251 309 96 36 ait,
311 309 120 36 nullus
395 309 180 36 intelligens
540 309 72 36 id
576 309 96 36 quod
636 309 96 36 Deus
684 309 72 36 est.

200 341 119 36 potest
283 341 143 36 cogitare
391 341 83 36 eum
438 341 83 36 non
486 341 107 36 esse,
557 341 107 36 licet
629 341 95 36 haec
677 341 83 36 verba

199 377 116 38 dicat
276 377 77 38 in
315 377 116 38 corde
392 377 90 38 suo
443 377 90 38 &c.
494 377 103 38 ergo
559 377 90 38 non
610 377 128 38 potest
687 377 77 38 nega

190 405 72 47 ri
226 405 72 47 ab
262 405 119 47 aliquo
345 405 143 47 directe,
453 405 84 47 nec
500 405 107 47 valet
572 405 72 47 si
608 405 131 47 dicatur
691 405 72 47 quod

192 449 142 35 Anselms
296 449 155 35 loquitur
412 449 78 35 de
451 449 181 35 cognitione
593 449 142 35 patrie,
683 449 78 35 quia

192 476 86 41 sic
241 476 208 41 contradiceret
412 476 110 41 sibi,
486 476 73 41 vt
522 476 110 41 patet
596 476 73 41 in
632 476 98 41 fine
681 476 86 41 huius

194 507 158 48 capituli,
316 507 85 48 vbi
364 507 97 48 ait,
425 507 134 48 gratias
523 507 97 48 tibi
583 507 97 48 ago,
644 507 97 48 quia
693 507 73 48 quod

192 546 115 50 prius
269 546 140 50 credidi
370 546 76 50 te
409 546 153 50 donante,
523 546 89 50 iam
574 546 102 50 nunc
625 546 140 50 intelligo

195 576 73 44 te
231 576 196 44 illuminante,
391 576 73 44 vt
427 576 73 44 si
464 576 73 44 te
501 576 98 44 esse
562 576 122 44 nollem
636 576 122 44 credere,

195 613 92 51 non
247 613 131 51 possum
326 613 183 51 intelligere.

226 645 88 49 Nec
276 645 113 49 valet
351 645 75 49 si
388 645 150 49 dicatur,
501 645 163 49 conceptus
626 645 100 49 puri
676 645 88 49 esse,

198 684 67 45 &
224 684 108 45 puri
292 684 121 45 actus
372 684 94 45 est
426 684 188 45 complexus,
574 684 67 45 &
601 684 148 45 indiget
695 684 67 45 de-

196 712 204 52 monstratione,
364 712 96 52 quia
424 712 72 52 si
460 712 108 52 esset
533 712 156 52 complexus
653 712 84 52 non
689 712 72 52 fie-

193 747 93 48 ret
246 747 93 48 per
299 747 172 48 simplicem
431 747 225 48 abstractionem
617 747 80 48 ab
657 747 106 48 hoc,
723 747 66 48 &

197 790 73 38 ab
233 790 98 38 illo
294 790 98 38 esse
355 790 195 38 particulari,
514 790 110 38 cuius
587 790 171 38 contrarium
709 790 61 38 ex-

193 816 161 55 perimur,
313 816 67 55 &
340 816 107 55 dato
407 816 107 55 quod
474 816 134 55 aliquo
568 816 107 55 modo
635 816 121 55 esset
702 816 67 55 con

194 851 145 55 plexus,
299 851 92 55 non
352 851 185 55 excludimus
497 851 158 55 notitiam
603 851 158 55 terminorum

239 886 151 48 Vlterius
353 886 88 48 non
403 886 113 48 valet
479 886 76 48 si
517 886 151 48 dicatur,
630 886 101 48 quod
681 886 88 48 habi-

194 921 82 43 to
235 921 109 43 tali
303 921 163 43 conceptu
426 921 122 43 adhuc
507 921 163 43 possumus
616 921 150 43 dubitare,

201 956 72 47 an
237 956 84 47 sit
285 956 120 47 aliqua
369 956 84 47 res
417 956 192 47 correspodens
572 956 96 47 huic
620 956 144 47 conceptui,

203 991 65 47 &
229 991 91 47 sic
281 991 91 47 non
333 991 104 47 erit
399 991 91 47 per
451 991 78 47 se
477 991 78 47 nota

233 1015 100 56 Hoc
290 1015 100 56 non
347 1015 142 56 valet,
446 1015 114 56 quia
517 1015 156 56 quamuis
617 1015 156 56 nesciamus

193 1066 153 40 aliquam
304 1066 97 40 rem
360 1066 223 40 corespondere
541 1066 111 40 tali
597 1066 167 40 conceptui,

199 1093 149 49 quandiu
308 1093 176 49 ignoramus
443 1093 216 49 significatum
618 1093 122 49 huius
686 1093 81 49 ter-

196 1127 123 49 mini,
278 1127 123 49 Deus,
360 1127 150 49 quandiu
469 1127 123 49 autem
551 1127 136 49 dictus
633 1127 136 49 terminus

204 1168 214 43 cognoscitur,
378 1168 107 43 quia
445 1168 107 43 vere
512 1168 187 43 signisicat
645 1168 121 43 aliquam

197 1194 113 51 rem,
268 1194 226 51 respondentem
451 1194 184 51 conceptui
592 1194 99 51 pro
635 1194 127 51 semper,

196 1231 146 50 nunquam
302 1231 119 50 talis
381 1231 172 50 conceptus
514 1231 93 50 est
567 1231 146 50 falsus,
673 1231 66 50 &
686 1231 80 50 ideo

199 1260 155 47 quamuis
312 1260 99 47 non
368 1260 212 47 perueniamus
538 1260 85 47 ad
566 1260 198 47 significatum

194 1295 116 50 huius
272 1295 142 50 termini
375 1295 116 50 Deus,
452 1295 103 50 nisi
517 1295 142 50 praeuia
620 1295 129 50 aliqua
697 1295 65 50 de-

203 1339 212 35 monstratione,
377 1339 75 35 vt
414 1339 137 35 patebit
514 1339 75 35 in
551 1339 149 35 sequenti
651 1339 112 35 articu-

197 1374 86 34 lo,
246 1374 111 34 tamen
320 1374 124 34 habita
407 1374 136 34 notitia
506 1374 124 34 illius
592 1374 148 34 termini,
691 1374 74 34 quae

192 1399 61 49 a
216 1399 184 49 sapientibus
363 1399 123 49 potest
449 1399 135 49 haberi,
547 1399 123 49 statim
621 1399 147 49 innotescit

202 1433 139 46 Veritas
303 1433 113 46 huius
379 1433 214 46 propositonis,
555 1433 101 46 Deus
618 1433 101 46 est,
681 1433 88 46 ita
719 1433 50 46 ut

196 1467 190 45 intelligens
348 1467 88 45 non
399 1467 126 45 possit
487 1467 88 45 eam
538 1467 139 45 negare,
639 1467 101 45 ideo
689 1467 76 45 vere

201 1502 136 46 dicitur
299 1502 161 46 proposito
423 1502 86 46 per
472 1502 74 46 se
510 1502 111 46 nota,
584 1502 99 46 quia
645 1502 111 46 habet
707 1502 62 46 to-

206 1539 108 45 tum,
273 1539 108 45 quod
340 1539 94 45 est
394 1539 81 45 de
434 1539 148 45 ratione
542 1539 215 45 propositonis
704 1539 67 45 per

194 1580 85 44 se
222 1580 113 44 notae.

234 1637 320 53 ARTICVLVS
456 1637 270 53 QV.ARTVS.

237 1712 126 52 Vtrum
321 1712 112 52 Deum
391 1712 112 52 esse
461 1712 140 52 possit
545 1712 196 52 demonstrari.

281 1917 66 45 D
307 1917 92 45 hoc
360 1917 131 45 dicunt
452 1917 131 45 aliqui
544 1917 223 45 distinguendum
714 1917 53 45 es

203 1927 91 67 se
248 1927 91 67 de
294 1927 274 67 demonstrabili;
522 1927 107 67 nam
583 1927 167 67 aliquod
690 1927 76 67 est

193 1986 221 40 demonstrabile
375 1986 208 40 simpliciter,
545 1986 65 40 &
571 1986 78 40 ex
610 1986 130 40 natura
688 1986 78 40 rei;

195 2023 144 40 quoddam
299 2023 118 40 vero,
378 2023 78 40 ex
417 2023 196 40 dispositone
574 2023 131 40 nostri
652 2023 118 40 intelle

190 2053 124 45 ctus;
273 2053 83 45 in
314 2053 193 45 propositum
466 2053 110 45 ergo
535 2053 152 45 dicunt,
645 2053 110 45 Deum
700 2053 69 45 ese

188 2082 97 48 se,
244 2082 97 48 non
299 2082 111 48 esse
369 2082 237 48 demonstrabile
564 2082 84 48 ex
606 2082 139 48 natura
689 2082 70 48 rei

196 2123 107 54 quia
262 2123 93 54 est
316 2123 120 54 idem,
396 2123 107 54 quod
462 2123 107 54 suum
529 2123 120 54 esse,
609 2123 107 54 ideo
662 2123 107 54 nullum

781 177 118 64 cadit
860 177 131 64 medium
951 177 118 64 inter
1030 177 131 64 ipsum,
1122 177 66 64 &
1148 177 105 64 eius
1214 177 118 64 esse,
1279 177 66 64 per

776 240 109 30 quod
844 240 136 30 possit
939 240 217 30 demonstrari,
1116 240 68 30 &
1143 240 136 30 maxime
1238 240 95 30 cum
1279 240 68 30 non

778 263 140 42 habeat
876 263 238 42 definitionem,
1072 263 112 42 quam
1142 263 154 42 ponimus
1240 263 112 42 medium

780 294 77 50 in
819 294 245 50 demonstratione;
1025 294 65 50 &
1051 294 103 50 haec
1116 294 90 50 est
1167 294 155 50 intentio
1271 294 77 50 Auic

778 332 77 43 8.
817 332 102 43 suae
880 332 128 43 Metaph
970 332 128 43 primus
1059 332 141 43 inquit,
1161 332 89 43 qui
1213 332 89 43 est
1251 332 102 43 altis-

776 366 140 39 simus,
874 366 98 39 non
930 366 126 39 habet
1014 366 238 39 definitionem,
1211 366 70 39 &
1239 366 98 39 non
1281 366 70 39 pot

784 401 120 37 fieri
863 401 213 37 demonstratio
1036 401 80 37 de
1076 401 93 37 eo.
1129 401 80 37 Si
1169 401 106 37 vero
1222 401 133 37 loquamur

781 435 76 36 de
819 435 217 36 demonstrabili
998 435 76 36 ex
1036 435 204 36 dispositione
1202 435 127 36 nostri
1278 435 64 36 in-

779 476 182 32 tellectus,
922 476 143 32 dicunt,
1026 476 104 32 quod
1091 476 104 32 Deum
1156 476 104 32 esse
1221 476 91 32 est
1260 476 91 32 demon

782 504 157 40 strabile,
903 504 84 40 non
951 504 121 40 quidem
1035 504 109 40 prout
1108 504 84 40 est
1156 504 72 40 in
1192 504 72 40 se
1228 504 109 40 ipso,
1289 504 60 40 sed

776 543 168 38 secundum
902 543 112 38 quod
972 543 196 38 significat
1126 543 224 38 compositonem
1294 543 56 38 in

785 572 159 49 tellectus
907 572 73 49 in
944 572 98 49 illa
1005 572 208 49 enuntiatione,
1176 572 86 49 qua
1225 572 147 49 dicitur,

787 610 110 34 Deus
856 610 110 34 est:
925 610 193 34 Quapropter
1077 610 152 34 videtur
1187 610 124 34 velle
1256 610 97 34 dicta

781 645 143 42 opinio,
885 645 104 42 quod
950 645 260 42 demonstrationes,
1171 645 104 42 quae
1236 645 117 42 fiunt
1301 645 52 42 ad

789 678 192 44 probandum
937 678 118 44 Deum
1011 678 133 44 esse,
1099 678 103 44 non
1158 678 148 44 cadant
1247 678 103 44 super

780 713 134 42 diuinum
877 713 110 42 esse,
950 713 85 42 sed
999 713 110 42 super
1072 713 110 42 esse,
1145 713 97 42 quod
1206 713 110 42 dicit
1267 713 85 42 veri-

787 745 119 51 tatem
866 745 119 51 huius
946 745 225 51 propositonis,
1131 745 106 51 Deus
1184 745 79 51 est.

822 779 110 42 Haec
891 779 151 42 opinio,
1001 779 151 42 quamuis
1111 779 124 42 verum
1194 779 138 42 dicat,
1276 779 83 42 quod

790 814 103 39 esse
855 814 90 39 Dei
906 814 90 39 non
958 814 129 39 possit
1048 814 193 39 demonstrari
1202 814 77 39 de
1241 814 77 39 eo
1280 814 77 39 ex
1305 814 52 39 na

785 847 106 41 tura
851 847 106 41 rei,
917 847 106 41 quia
983 847 132 41 nullum
1076 847 93 41 est
1128 847 145 41 medium,
1234 847 93 41 per
1274 847 79 41 quod

790 883 120 42 possit
874 883 108 42 fieri
946 883 108 42 talis
1018 883 204 42 demonstratio;
1186 883 84 42 non
1234 883 84 42 est
1270 883 84 42 tamen

788 917 113 41 vera
859 917 156 41 quantum
972 917 85 41 ad
1015 917 128 41 aliam
1100 917 142 41 partem
1185 917 170 41 videlicet,

779 953 108 41 quod
846 953 270 41 demonstrationes,
1076 953 108 41 quae
1143 953 122 41 fiunt
1224 953 81 41 ad
1251 953 108 41 proban

778 990 99 41 dum
834 990 113 41 Deum
905 990 127 41 esse,
989 990 211 41 demonstrent
1158 990 127 41 esse,
1242 990 113 41 quod
1299 990 56 41 di

780 1017 87 43 cit
829 1017 161 43 veritatem
953 1017 111 43 huius
1027 1017 223 43 propositionis,
1213 1017 99 43 Deus
1275 1017 99 43 est,

788 1052 113 42 quod
859 1052 99 42 non
915 1052 142 42 reputo
1015 1052 142 42 uerum,
1114 1052 128 42 primo
1199 1052 113 42 quia
1256 1052 99 42 esse,

794 1092 104 42 quod
859 1092 117 42 dicit
937 1092 169 42 veritatem
1067 1092 221 42 propositonis,
1248 1092 91 42 non
1287 1092 65 42 est

785 1125 125 42 reale,
872 1125 88 42 sed
922 1125 100 42 esse
985 1125 163 42 rationis,
1110 1125 100 42 quod
1172 1125 125 42 quidem
1247 1125 100 42 potess

782 1157 172 44 competere
914 1157 119 44 etiam
994 1157 93 44 non
1047 1157 159 44 entibus,
1166 1157 106 44 quia
1232 1157 66 44 &
1258 1157 79 44 de
1285 1157 66 44 non

781 1198 139 41 entibus
882 1198 126 41 potest
970 1198 189 41 intellectus
1121 1198 139 41 formare
1222 1198 113 41 veras
1285 1198 63 41 pro

796 1227 192 47 positiones;
950 1227 102 47 ideo
1014 1227 179 47 nesciremus
1155 1227 167 47 huiusmodi
1270 1227 77 47 pro-

791 1259 161 50 positones
915 1259 99 50 esse
977 1259 137 50 reales,
1076 1259 87 50 sed
1126 1259 112 50 solum
1200 1259 124 50 veras,
1275 1259 74 50 quod

791 1300 137 43 potest
887 1300 124 43 etiam
970 1300 178 43 competere
1107 1300 96 43 non
1162 1300 165 43 entibus.
1272 1300 82 43 Secu

782 1328 83 50 do
824 1328 111 50 quia
893 1328 263 50 demonstrationes
1115 1328 194 50 quaecunque
1267 1328 83 50 ex
1295 1328 55 50 es

783 1362 147 47 fectibus
893 1362 196 47 procedentes,
1053 1362 86 47 non
1102 1362 196 47 notificarent
1249 1362 98 47 aliqud

783 1402 100 36 esse
845 1402 124 36 reale,
932 1402 87 36 sed
982 1402 112 36 solum
1056 1402 137 36 aliquod
1156 1402 100 36 esse
1218 1402 162 36 rationis,

789 1434 96 44 quod
849 1434 84 44 est
897 1434 132 44 falsum.
993 1434 120 44 Tertio
1077 1434 96 44 quia
1137 1434 96 44 esse
1197 1434 156 44 rationis,
1317 1434 60 44 &

787 1470 217 45 enuntiationis
966 1470 115 45 esset
1042 1470 229 45 demonstrabile,
1233 1470 102 45 quod
1284 1470 64 45 est

786 1500 155 39 falsum,;
902 1500 91 39 non
954 1500 103 39 enim
1019 1500 78 39 de
1058 1500 181 39 intellectu
1187 1500 155 39 enuntianto

780 1537 154 46 aliquid
892 1537 266 46 demonstraretur,
1116 1537 112 46 quia
1186 1537 112 46 tunc
1256 1537 98 46 non
1298 1537 56 46 ad

783 1569 141 44 notiam
882 1569 99 44 rei
938 1569 184 44 enuntiate
1080 1569 240 44 perueniremus,
1277 1569 99 44 sed

781 1603 76 41 ad
819 1603 152 41 notitiam
933 1603 190 41 intellectus
1085 1603 202 41 enuntiantis;
1249 1603 88 41 nec
1287 1603 63 41 il-

785 1641 87 37 lud
834 1641 99 37 esse
896 1641 223 37 demonstraretur
1082 1641 74 37 de
1119 1641 74 37 re
1157 1641 112 37 ipsa,
1231 1641 99 37 quia
1281 1641 74 37 tale

780 1671 101 45 esse
843 1671 88 45 non
894 1671 113 45 ponit
969 1671 139 45 aliquid
1070 1671 76 45 in
1108 1671 101 45 Deo,
1171 1671 88 45 nec
1221 1671 113 45 habet
1284 1671 63 45 ibi

781 1705 148 41 aliquam
888 1705 148 41 causam,
996 1705 94 41 per
1049 1705 108 41 quam
1117 1705 134 41 possit
1211 1705 81 41 de
1251 1705 94 41 Deo
1291 1705 54 41 de

779 1744 181 44 monstrari,
921 1744 65 44 &
947 1744 103 44 dato
1012 1744 103 44 quod
1076 1744 91 44 ibi
1128 1744 142 44 poneret
1232 1744 142 44 aliqud,

780 1781 71 34 &
808 1781 156 34 haberet
921 1781 142 34 causam
1020 1781 99 34 per
1077 1781 113 34 quam
1148 1781 142 34 posset
1233 1781 113 34 demon-

786 1810 130 39 strari,
880 1810 153 39 oporteret
998 1810 118 39 tamen,
1081 1810 200 39 precognoscere
1246 1810 71 39 de
1269 1810 71 39 ipse

787 1848 99 37 Deo,
848 1848 99 37 quid
910 1848 99 37 est,
972 1848 99 37 quod
1034 1848 136 37 dicitur
1133 1848 87 37 per
1182 1848 111 37 illud
1244 1848 99 37 nomen,

784 1878 70 47 &
812 1878 98 47 per
868 1878 196 47 consequens
1022 1878 182 47 habecemus
1163 1878 84 47 de
1205 1878 98 47 Deo
1247 1878 98 47 noti-

778 1912 117 47 tiam
851 1912 117 47 ante
924 1912 131 47 omnem
997 1912 262 47 demonstrationem.

810 1946 149 43 Accedit,
922 1946 112 43 quod,
996 1946 112 43 scito
1071 1946 100 43 quid
1133 1946 137 43 nominis
1233 1946 75 43 de
1270 1946 100 43 Deo,

779 1983 127 42 statim
868 1983 140 42 cogimur
970 1983 166 42 assentiri
1098 1983 102 42 illi
1149 1983 191 42 enuntiationi,

785 2014 93 48 qua
838 2014 185 48 enuntiatur
983 2014 172 48 huiusmodi
1115 2014 106 48 esse
1181 2014 79 48 de
1221 2014 106 48 Deo;
1274 2014 66 48 pro

791 2055 119 42 terea
870 2055 263 42 demonstrationes,
1094 2055 105 42 quae
1160 2055 184 42 viderentur
1291 2055 53 42 no

783 2082 167 47 monstrare
912 2082 167 47 praefatum
1040 2082 116 47 esse,
1117 2082 90 47 non
1169 2082 129 47 essent
1259 2082 64 47 a
1272 2082 64 47 po-

781 2120 154 56 steriori,
900 2120 59 56 &
923 2120 83 56 per
971 2120 142 56 effrctu,
1077 2120 95 56 quia
1137 2120 107 56 illud
1208 2120 107 56 esse,
1267 2120 71 56 quod
