<?xml version="1.0" encoding="UTF-8"?>
<alto xmlns:xsi="http://www.w3.org/2001/XMLSchema-instance"
      xmlns="http://www.loc.gov/standards/alto/ns-v2#"
      xmlns:page="http://schema.primaresearch.org/PAGE/gts/pagecontent/2013-07-15"
      xsi:schemaLocation="http://www.loc.gov/standards/alto/ns-v2# http://www.loc.gov/standards/alto/alto.xsd">
   <Description>
      <MeasurementUnit>pixel</MeasurementUnit>
      <OCRProcessing ID="IdOcr">
         <ocrProcessingStep>
            <processingDateTime>2020-09-29T17:17:18.807-04:00</processingDateTime>
            <processingSoftware>
               <softwareCreator>READ COOP</softwareCreator>
               <softwareName>Transkribus</softwareName>
            </processingSoftware>
         </ocrProcessingStep>
      </OCRProcessing>
   </Description>
   <Tags/>
   <Layout>
      <Page ID="Page1" PHYSICAL_IMG_NR="1" HEIGHT="2046" WIDTH="1500">
         <TopMargin HEIGHT="0" WIDTH="1500" VPOS="0" HPOS="0"/>
         <LeftMargin HEIGHT="2046" WIDTH="0" VPOS="0" HPOS="0"/>
         <RightMargin HEIGHT="2046" WIDTH="0" VPOS="0" HPOS="1500"/>
         <BottomMargin HEIGHT="0" WIDTH="1500" VPOS="2046" HPOS="0"/>
         <PrintSpace HEIGHT="2046" WIDTH="1500" VPOS="0" HPOS="0">
            <TextBlock ID="TextRegion_1600475955045_1821"
                       HEIGHT="1778"
                       WIDTH="531"
                       VPOS="113"
                       HPOS="108">
               <Shape>
                  <Polygon POINTS="108,113 613,113 639,1834 639,1891 129,1891 128,1735"/>
               </Shape>
               <TextLine ID="r1l3"
                         BASELINE="195"
                         HEIGHT="57"
                         WIDTH="483"
                         VPOS="138"
                         HPOS="114">
                  <String HEIGHT="57"
                          WIDTH="95"
                          VPOS="138"
                          HPOS="104"
                          CONTENT="dicit"/>
                  <SP HEIGHT="57" WIDTH="11" VPOS="138" HPOS="198"/>
                  <String HEIGHT="57"
                          WIDTH="137"
                          VPOS="138"
                          HPOS="167"
                          CONTENT="veritatem"/>
                  <SP HEIGHT="57" WIDTH="11" VPOS="138" HPOS="303"/>
                  <String HEIGHT="57"
                          WIDTH="179"
                          VPOS="138"
                          HPOS="272"
                          CONTENT="propositonis;"/>
                  <SP HEIGHT="57" WIDTH="11" VPOS="138" HPOS="450"/>
                  <String HEIGHT="57"
                          WIDTH="95"
                          VPOS="138"
                          HPOS="419"
                          CONTENT="licet"/>
                  <SP HEIGHT="57" WIDTH="11" VPOS="138" HPOS="513"/>
                  <String HEIGHT="57" WIDTH="74" VPOS="138" HPOS="482" CONTENT="sit"/>
                  <SP HEIGHT="57" WIDTH="11" VPOS="138" HPOS="555"/>
                  <String HEIGHT="57" WIDTH="74" VPOS="138" HPOS="524" CONTENT="ens"/>
                  <SP HEIGHT="57" WIDTH="11" VPOS="138" HPOS="597"/>
                  <String HEIGHT="57" WIDTH="42" VPOS="138" HPOS="555" CONTENT="ra"/>
               </TextLine>
               <TextLine ID="r1l5"
                         BASELINE="229"
                         HEIGHT="41"
                         WIDTH="489"
                         VPOS="188"
                         HPOS="108">
                  <String HEIGHT="41"
                          WIDTH="125"
                          VPOS="188"
                          HPOS="97"
                          CONTENT="tionis,"/>
                  <SP HEIGHT="41" WIDTH="11" VPOS="188" HPOS="222"/>
                  <String HEIGHT="41" WIDTH="80" VPOS="188" HPOS="188" CONTENT="non"/>
                  <SP HEIGHT="41" WIDTH="11" VPOS="188" HPOS="267"/>
                  <String HEIGHT="41"
                          WIDTH="102"
                          VPOS="188"
                          HPOS="233"
                          CONTENT="tamen"/>
                  <SP HEIGHT="41" WIDTH="11" VPOS="188" HPOS="335"/>
                  <String HEIGHT="41"
                          WIDTH="114"
                          VPOS="188"
                          HPOS="301"
                          CONTENT="potest"/>
                  <SP HEIGHT="41" WIDTH="11" VPOS="188" HPOS="415"/>
                  <String HEIGHT="41" WIDTH="91" VPOS="188" HPOS="381" CONTENT="esse"/>
                  <SP HEIGHT="41" WIDTH="11" VPOS="188" HPOS="472"/>
                  <String HEIGHT="41"
                          WIDTH="102"
                          VPOS="188"
                          HPOS="438"
                          CONTENT="prius"/>
                  <SP HEIGHT="41" WIDTH="11" VPOS="188" HPOS="540"/>
                  <String HEIGHT="41"
                          WIDTH="102"
                          VPOS="188"
                          HPOS="495"
                          CONTENT="omnibus"/>
               </TextLine>
               <TextLine ID="r1l7"
                         BASELINE="252"
                         HEIGHT="34"
                         WIDTH="483"
                         VPOS="218"
                         HPOS="116">
                  <String HEIGHT="34"
                          WIDTH="141"
                          VPOS="218"
                          HPOS="104"
                          CONTENT="entibus,"/>
                  <SP HEIGHT="34" WIDTH="12" VPOS="218" HPOS="246"/>
                  <String HEIGHT="34" WIDTH="71" VPOS="218" HPOS="210" CONTENT="ex"/>
                  <SP HEIGHT="34" WIDTH="12" VPOS="218" HPOS="281"/>
                  <String HEIGHT="34"
                          WIDTH="118"
                          VPOS="218"
                          HPOS="246"
                          CONTENT="quibus"/>
                  <SP HEIGHT="34" WIDTH="12" VPOS="218" HPOS="363"/>
                  <String HEIGHT="34"
                          WIDTH="153"
                          VPOS="218"
                          HPOS="328"
                          CONTENT="procedunt"/>
                  <SP HEIGHT="34" WIDTH="12" VPOS="218" HPOS="481"/>
                  <String HEIGHT="34"
                          WIDTH="106"
                          VPOS="218"
                          HPOS="446"
                          CONTENT="tales"/>
                  <SP HEIGHT="34" WIDTH="12" VPOS="218" HPOS="552"/>
                  <String HEIGHT="34"
                          WIDTH="94"
                          VPOS="218"
                          HPOS="505"
                          CONTENT="demon"
                          SUBS_TYPE="HypPart1"
                          SUBS_CONTENT="demonstrationes,"/>
                  <HYP CONTENT="-"/>
               </TextLine>
               <TextLine ID="r1l9"
                         BASELINE="283"
                         HEIGHT="30"
                         WIDTH="482"
                         VPOS="253"
                         HPOS="110">
                  <String HEIGHT="30"
                          WIDTH="164"
                          VPOS="253"
                          HPOS="99"
                          CONTENT="strationes,"
                          SUBS_TYPE="HypPart2"
                          SUBS_CONTENT="demonstrationes,"/>
                  <SP HEIGHT="30" WIDTH="11" VPOS="253" HPOS="263"/>
                  <String HEIGHT="30" WIDTH="55" VPOS="253" HPOS="230" CONTENT="&amp;"/>
                  <SP HEIGHT="30" WIDTH="11" VPOS="253" HPOS="285"/>
                  <String HEIGHT="30" WIDTH="77" VPOS="253" HPOS="252" CONTENT="per"/>
                  <SP HEIGHT="30" WIDTH="11" VPOS="253" HPOS="329"/>
                  <String HEIGHT="30"
                          WIDTH="164"
                          VPOS="253"
                          HPOS="296"
                          CONTENT="consequens,"/>
                  <SP HEIGHT="30" WIDTH="11" VPOS="253" HPOS="461"/>
                  <String HEIGHT="30" WIDTH="77" VPOS="253" HPOS="428" CONTENT="nec"/>
                  <SP HEIGHT="30" WIDTH="11" VPOS="253" HPOS="504"/>
                  <String HEIGHT="30"
                          WIDTH="99"
                          VPOS="253"
                          HPOS="472"
                          CONTENT="eorum"/>
                  <SP HEIGHT="30" WIDTH="11" VPOS="253" HPOS="570"/>
                  <String HEIGHT="30"
                          WIDTH="66"
                          VPOS="253"
                          HPOS="526"
                          CONTENT="cau"
                          SUBS_TYPE="HypPart1"
                          SUBS_CONTENT="causa,"/>
                  <HYP CONTENT="-"/>
               </TextLine>
               <TextLine ID="r1l11"
                         BASELINE="317"
                         HEIGHT="44"
                         WIDTH="394"
                         VPOS="273"
                         HPOS="114">
                  <String HEIGHT="44"
                          WIDTH="81"
                          VPOS="273"
                          HPOS="102"
                          CONTENT="sa,"
                          SUBS_TYPE="HypPart2"
                          SUBS_CONTENT="causa,"/>
                  <SP HEIGHT="44" WIDTH="12" VPOS="273" HPOS="184"/>
                  <String HEIGHT="44" WIDTH="81" VPOS="273" HPOS="149" CONTENT="hoc"/>
                  <SP HEIGHT="44" WIDTH="12" VPOS="273" HPOS="230"/>
                  <String HEIGHT="44" WIDTH="93" VPOS="273" HPOS="195" CONTENT="enim"/>
                  <SP HEIGHT="44" WIDTH="12" VPOS="273" HPOS="288"/>
                  <String HEIGHT="44"
                          WIDTH="104"
                          VPOS="273"
                          HPOS="253"
                          CONTENT="esset"/>
                  <SP HEIGHT="44" WIDTH="12" VPOS="273" HPOS="357"/>
                  <String HEIGHT="44"
                          WIDTH="104"
                          VPOS="273"
                          HPOS="323"
                          CONTENT="valde"/>
                  <SP HEIGHT="44" WIDTH="12" VPOS="273" HPOS="427"/>
                  <String HEIGHT="44"
                          WIDTH="127"
                          VPOS="273"
                          HPOS="381"
                          CONTENT="absurdum."/>
               </TextLine>
               <TextLine ID="r1l13"
                         BASELINE="341"
                         HEIGHT="37"
                         WIDTH="447"
                         VPOS="304"
                         HPOS="150">
                  <String HEIGHT="37" WIDTH="76" VPOS="304" HPOS="139" CONTENT="est"/>
                  <SP HEIGHT="37" WIDTH="11" VPOS="304" HPOS="215"/>
                  <String HEIGHT="37" WIDTH="87" VPOS="304" HPOS="183" CONTENT="ergo"/>
                  <SP HEIGHT="37" WIDTH="11" VPOS="304" HPOS="270"/>
                  <String HEIGHT="37" WIDTH="87" VPOS="304" HPOS="237" CONTENT="alia"/>
                  <SP HEIGHT="37" WIDTH="11" VPOS="304" HPOS="324"/>
                  <String HEIGHT="37"
                          WIDTH="109"
                          VPOS="304"
                          HPOS="292"
                          CONTENT="opinio"/>
                  <SP HEIGHT="37" WIDTH="11" VPOS="304" HPOS="401"/>
                  <String HEIGHT="37"
                          WIDTH="109"
                          VPOS="304"
                          HPOS="368"
                          CONTENT="ponens"/>
                  <SP HEIGHT="37" WIDTH="11" VPOS="304" HPOS="477"/>
                  <String HEIGHT="37" WIDTH="87" VPOS="304" HPOS="444" CONTENT="quod"/>
                  <SP HEIGHT="37" WIDTH="11" VPOS="304" HPOS="532"/>
                  <String HEIGHT="37" WIDTH="87" VPOS="304" HPOS="499" CONTENT="esse"/>
                  <SP HEIGHT="37" WIDTH="11" VPOS="304" HPOS="586"/>
                  <String HEIGHT="37" WIDTH="55" VPOS="304" HPOS="542" CONTENT="com"/>
               </TextLine>
               <TextLine ID="r1l16"
                         BASELINE="369"
                         HEIGHT="28"
                         WIDTH="473"
                         VPOS="341"
                         HPOS="124">
                  <String HEIGHT="28"
                          WIDTH="101"
                          VPOS="341"
                          HPOS="113"
                          CONTENT="petit"/>
                  <SP HEIGHT="28" WIDTH="11" VPOS="341" HPOS="214"/>
                  <String HEIGHT="28" WIDTH="90" VPOS="341" HPOS="180" CONTENT="Deo,"/>
                  <SP HEIGHT="28" WIDTH="11" VPOS="341" HPOS="270"/>
                  <String HEIGHT="28"
                          WIDTH="135"
                          VPOS="341"
                          HPOS="237"
                          CONTENT="secundum"/>
                  <SP HEIGHT="28" WIDTH="11" VPOS="341" HPOS="372"/>
                  <String HEIGHT="28" WIDTH="90" VPOS="341" HPOS="338" CONTENT="quod"/>
                  <SP HEIGHT="28" WIDTH="11" VPOS="341" HPOS="428"/>
                  <String HEIGHT="28" WIDTH="79" VPOS="341" HPOS="394" CONTENT="est"/>
                  <SP HEIGHT="28" WIDTH="11" VPOS="341" HPOS="473"/>
                  <String HEIGHT="28" WIDTH="90" VPOS="341" HPOS="439" CONTENT="haec"/>
                  <SP HEIGHT="28" WIDTH="11" VPOS="341" HPOS="529"/>
                  <String HEIGHT="28"
                          WIDTH="113"
                          VPOS="341"
                          HPOS="484"
                          CONTENT="essentia"/>
               </TextLine>
               <TextLine ID="r1l18"
                         BASELINE="406"
                         HEIGHT="33"
                         WIDTH="483"
                         VPOS="373"
                         HPOS="110">
                  <String HEIGHT="33" WIDTH="85" VPOS="373" HPOS="98" CONTENT="per"/>
                  <SP HEIGHT="33" WIDTH="12" VPOS="373" HPOS="182"/>
                  <String HEIGHT="33" WIDTH="72" VPOS="373" HPOS="146" CONTENT="se"/>
                  <SP HEIGHT="33" WIDTH="12" VPOS="373" HPOS="219"/>
                  <String HEIGHT="33" WIDTH="60" VPOS="373" HPOS="182" CONTENT="&amp;"/>
                  <SP HEIGHT="33" WIDTH="12" VPOS="373" HPOS="243"/>
                  <String HEIGHT="33"
                          WIDTH="121"
                          VPOS="373"
                          HPOS="207"
                          CONTENT="primo,"/>
                  <SP HEIGHT="33" WIDTH="12" VPOS="373" HPOS="327"/>
                  <String HEIGHT="33" WIDTH="60" VPOS="373" HPOS="291" CONTENT="&amp;"/>
                  <SP HEIGHT="33" WIDTH="12" VPOS="373" HPOS="352"/>
                  <String HEIGHT="33" WIDTH="97" VPOS="373" HPOS="315" CONTENT="ideo"/>
                  <SP HEIGHT="33" WIDTH="12" VPOS="373" HPOS="412"/>
                  <String HEIGHT="33" WIDTH="85" VPOS="373" HPOS="376" CONTENT="per"/>
                  <SP HEIGHT="33" WIDTH="12" VPOS="373" HPOS="460"/>
                  <String HEIGHT="33" WIDTH="85" VPOS="373" HPOS="424" CONTENT="eam"/>
                  <SP HEIGHT="33" WIDTH="12" VPOS="373" HPOS="508"/>
                  <String HEIGHT="33"
                          WIDTH="133"
                          VPOS="373"
                          HPOS="460"
                          CONTENT="demonstra"/>
               </TextLine>
               <TextLine ID="r1l20"
                         BASELINE="433"
                         HEIGHT="35"
                         WIDTH="476"
                         VPOS="398"
                         HPOS="119">
                  <String HEIGHT="35" WIDTH="66" VPOS="398" HPOS="108" CONTENT="ri"/>
                  <SP HEIGHT="35" WIDTH="11" VPOS="398" HPOS="174"/>
                  <String HEIGHT="35"
                          WIDTH="111"
                          VPOS="398"
                          HPOS="141"
                          CONTENT="potest"/>
                  <SP HEIGHT="35" WIDTH="11" VPOS="398" HPOS="252"/>
                  <String HEIGHT="35" WIDTH="89" VPOS="398" HPOS="219" CONTENT="esse"/>
                  <SP HEIGHT="35" WIDTH="11" VPOS="398" HPOS="307"/>
                  <String HEIGHT="35" WIDTH="66" VPOS="398" HPOS="274" CONTENT="de"/>
                  <SP HEIGHT="35" WIDTH="11" VPOS="398" HPOS="340"/>
                  <String HEIGHT="35" WIDTH="89" VPOS="398" HPOS="307" CONTENT="Deo,"/>
                  <SP HEIGHT="35" WIDTH="11" VPOS="398" HPOS="396"/>
                  <String HEIGHT="35"
                          WIDTH="133"
                          VPOS="398"
                          HPOS="363"
                          CONTENT="quatenus"/>
                  <SP HEIGHT="35" WIDTH="11" VPOS="398" HPOS="495"/>
                  <String HEIGHT="35" WIDTH="77" VPOS="398" HPOS="462" CONTENT="est"/>
                  <SP HEIGHT="35" WIDTH="11" VPOS="398" HPOS="540"/>
                  <String HEIGHT="35" WIDTH="55" VPOS="398" HPOS="506" CONTENT="a"/>
                  <SP HEIGHT="35" WIDTH="11" VPOS="398" HPOS="562"/>
                  <String HEIGHT="35"
                          WIDTH="77"
                          VPOS="398"
                          HPOS="518"
                          CONTENT="nobis"/>
               </TextLine>
               <TextLine ID="r1l22"
                         BASELINE="462"
                         HEIGHT="30"
                         WIDTH="476"
                         VPOS="432"
                         HPOS="118">
                  <String HEIGHT="30"
                          WIDTH="147"
                          VPOS="432"
                          HPOS="107"
                          CONTENT="cognitus:"/>
                  <SP HEIGHT="30" WIDTH="11" VPOS="432" HPOS="254"/>
                  <String HEIGHT="30" WIDTH="91" VPOS="432" HPOS="220" CONTENT="haec"/>
                  <SP HEIGHT="30" WIDTH="11" VPOS="432" HPOS="311"/>
                  <String HEIGHT="30"
                          WIDTH="102"
                          VPOS="432"
                          HPOS="277"
                          CONTENT="autem"/>
                  <SP HEIGHT="30" WIDTH="11" VPOS="432" HPOS="379"/>
                  <String HEIGHT="30"
                          WIDTH="113"
                          VPOS="432"
                          HPOS="345"
                          CONTENT="opinio"/>
                  <SP HEIGHT="30" WIDTH="11" VPOS="432" HPOS="458"/>
                  <String HEIGHT="30" WIDTH="91" VPOS="432" HPOS="424" CONTENT="fuit"/>
                  <SP HEIGHT="30" WIDTH="11" VPOS="432" HPOS="515"/>
                  <String HEIGHT="30"
                          WIDTH="125"
                          VPOS="432"
                          HPOS="469"
                          CONTENT="improbata"/>
               </TextLine>
               <TextLine ID="r1l24"
                         BASELINE="488"
                         HEIGHT="32"
                         WIDTH="454"
                         VPOS="456"
                         HPOS="110">
                  <String HEIGHT="32" WIDTH="65" VPOS="456" HPOS="99" CONTENT="in"/>
                  <SP HEIGHT="32" WIDTH="11" VPOS="456" HPOS="164"/>
                  <String HEIGHT="32"
                          WIDTH="162"
                          VPOS="456"
                          HPOS="132"
                          CONTENT="praecedenti"/>
                  <SP HEIGHT="32" WIDTH="11" VPOS="456" HPOS="294"/>
                  <String HEIGHT="32"
                          WIDTH="141"
                          VPOS="456"
                          HPOS="261"
                          CONTENT="articulo,"/>
                  <SP HEIGHT="32" WIDTH="11" VPOS="456" HPOS="402"/>
                  <String HEIGHT="32" WIDTH="86" VPOS="456" HPOS="369" CONTENT="ideo"/>
                  <SP HEIGHT="32" WIDTH="11" VPOS="456" HPOS="456"/>
                  <String HEIGHT="32"
                          WIDTH="119"
                          VPOS="456"
                          HPOS="423"
                          CONTENT="dimitto"/>
                  <SP HEIGHT="32" WIDTH="11" VPOS="456" HPOS="542"/>
                  <String HEIGHT="32" WIDTH="65" VPOS="456" HPOS="499" CONTENT="eam."/>
               </TextLine>
               <TextLine ID="r1l26"
                         BASELINE="526"
                         HEIGHT="43"
                         WIDTH="426"
                         VPOS="483"
                         HPOS="168">
                  <String HEIGHT="43"
                          WIDTH="150"
                          VPOS="483"
                          HPOS="156"
                          CONTENT="uapropter"/>
                  <SP HEIGHT="43" WIDTH="12" VPOS="483" HPOS="306"/>
                  <String HEIGHT="43"
                          WIDTH="115"
                          VPOS="483"
                          HPOS="272"
                          CONTENT="Doctor"/>
                  <SP HEIGHT="43" WIDTH="12" VPOS="483" HPOS="387"/>
                  <String HEIGHT="43"
                          WIDTH="115"
                          VPOS="483"
                          HPOS="352"
                          CONTENT="noster"/>
                  <SP HEIGHT="43" WIDTH="12" VPOS="483" HPOS="467"/>
                  <String HEIGHT="43"
                          WIDTH="104"
                          VPOS="483"
                          HPOS="433"
                          CONTENT="dicit"/>
                  <SP HEIGHT="43" WIDTH="12" VPOS="483" HPOS="536"/>
                  <String HEIGHT="43" WIDTH="92" VPOS="483" HPOS="502" CONTENT="quod"/>
                  <SP HEIGHT="43" WIDTH="12" VPOS="483" HPOS="594"/>
                  <String HEIGHT="43" WIDTH="46" VPOS="483" HPOS="548" CONTENT="si"/>
               </TextLine>
               <TextLine ID="r1l29"
                         BASELINE="552"
                         HEIGHT="35"
                         WIDTH="482"
                         VPOS="517"
                         HPOS="114">
                  <String HEIGHT="35"
                          WIDTH="193"
                          VPOS="517"
                          HPOS="102"
                          CONTENT="demonstratio"/>
                  <SP HEIGHT="35" WIDTH="12" VPOS="517" HPOS="295"/>
                  <String HEIGHT="35" WIDTH="84" VPOS="517" HPOS="259" CONTENT="non"/>
                  <SP HEIGHT="35" WIDTH="12" VPOS="517" HPOS="343"/>
                  <String HEIGHT="35"
                          WIDTH="169"
                          VPOS="517"
                          HPOS="307"
                          CONTENT="demonstrat"/>
                  <SP HEIGHT="35" WIDTH="12" VPOS="517" HPOS="476"/>
                  <String HEIGHT="35" WIDTH="96" VPOS="517" HPOS="439" CONTENT="esse"/>
                  <SP HEIGHT="35" WIDTH="12" VPOS="517" HPOS="536"/>
                  <String HEIGHT="35" WIDTH="72" VPOS="517" HPOS="500" CONTENT="de"/>
                  <SP HEIGHT="35" WIDTH="12" VPOS="517" HPOS="572"/>
                  <String HEIGHT="35" WIDTH="72" VPOS="517" HPOS="524" CONTENT="Deo,"/>
               </TextLine>
               <TextLine ID="r1l32"
                         BASELINE="585"
                         HEIGHT="42"
                         WIDTH="476"
                         VPOS="543"
                         HPOS="125">
                  <String HEIGHT="42" WIDTH="81" VPOS="543" HPOS="113" CONTENT="noc"/>
                  <SP HEIGHT="42" WIDTH="12" VPOS="543" HPOS="195"/>
                  <String HEIGHT="42" WIDTH="81" VPOS="543" HPOS="160" CONTENT="est"/>
                  <SP HEIGHT="42" WIDTH="12" VPOS="543" HPOS="241"/>
                  <String HEIGHT="42"
                          WIDTH="128"
                          VPOS="543"
                          HPOS="206"
                          CONTENT="duplici"/>
                  <SP HEIGHT="42" WIDTH="12" VPOS="543" HPOS="334"/>
                  <String HEIGHT="42" WIDTH="70" VPOS="543" HPOS="299" CONTENT="de"/>
                  <SP HEIGHT="42" WIDTH="12" VPOS="543" HPOS="369"/>
                  <String HEIGHT="42"
                          WIDTH="116"
                          VPOS="543"
                          HPOS="334"
                          CONTENT="causa,"/>
                  <SP HEIGHT="42" WIDTH="12" VPOS="543" HPOS="450"/>
                  <String HEIGHT="42"
                          WIDTH="104"
                          VPOS="543"
                          HPOS="415"
                          CONTENT="primo"/>
                  <SP HEIGHT="42" WIDTH="12" VPOS="543" HPOS="520"/>
                  <String HEIGHT="42" WIDTH="93" VPOS="543" HPOS="485" CONTENT="quia"/>
                  <SP HEIGHT="42" WIDTH="12" VPOS="543" HPOS="578"/>
                  <String HEIGHT="42" WIDTH="70" VPOS="543" HPOS="531" CONTENT="esse"/>
               </TextLine>
               <TextLine ID="r1l33"
                         BASELINE="612"
                         HEIGHT="40"
                         WIDTH="477"
                         VPOS="572"
                         HPOS="120">
                  <String HEIGHT="40" WIDTH="74" VPOS="572" HPOS="109" CONTENT="Dei"/>
                  <SP HEIGHT="40" WIDTH="11" VPOS="572" HPOS="184"/>
                  <String HEIGHT="40" WIDTH="74" VPOS="572" HPOS="152" CONTENT="est"/>
                  <SP HEIGHT="40" WIDTH="11" VPOS="572" HPOS="226"/>
                  <String HEIGHT="40" WIDTH="74" VPOS="572" HPOS="194" CONTENT="per"/>
                  <SP HEIGHT="40" WIDTH="11" VPOS="572" HPOS="268"/>
                  <String HEIGHT="40" WIDTH="64" VPOS="572" HPOS="237" CONTENT="se"/>
                  <SP HEIGHT="40" WIDTH="11" VPOS="572" HPOS="300"/>
                  <String HEIGHT="40"
                          WIDTH="106"
                          VPOS="572"
                          HPOS="268"
                          CONTENT="notum,"/>
                  <SP HEIGHT="40" WIDTH="11" VPOS="572" HPOS="374"/>
                  <String HEIGHT="40" WIDTH="64" VPOS="572" HPOS="343" CONTENT="vt"/>
                  <SP HEIGHT="40" WIDTH="11" VPOS="572" HPOS="406"/>
                  <String HEIGHT="40"
                          WIDTH="106"
                          VPOS="572"
                          HPOS="374"
                          CONTENT="patuit"/>
                  <SP HEIGHT="40" WIDTH="11" VPOS="572" HPOS="480"/>
                  <String HEIGHT="40" WIDTH="64" VPOS="572" HPOS="449" CONTENT="in"/>
                  <SP HEIGHT="40" WIDTH="11" VPOS="572" HPOS="512"/>
                  <String HEIGHT="40"
                          WIDTH="127"
                          VPOS="572"
                          HPOS="470"
                          CONTENT="praeceden"
                          SUBS_TYPE="HypPart1"
                          SUBS_CONTENT="praecedenti"/>
                  <HYP CONTENT="-"/>
               </TextLine>
               <TextLine ID="r1l36"
                         BASELINE="646"
                         HEIGHT="37"
                         WIDTH="477"
                         VPOS="609"
                         HPOS="124">
                  <String HEIGHT="37"
                          WIDTH="62"
                          VPOS="609"
                          HPOS="114"
                          CONTENT="ti"
                          SUBS_TYPE="HypPart2"
                          SUBS_CONTENT="praecedenti"/>
                  <SP HEIGHT="37" WIDTH="10" VPOS="609" HPOS="176"/>
                  <String HEIGHT="37" WIDTH="73" VPOS="609" HPOS="145" CONTENT="art"/>
                  <SP HEIGHT="37" WIDTH="10" VPOS="609" HPOS="217"/>
                  <String HEIGHT="37" WIDTH="52" VPOS="609" HPOS="186" CONTENT="2"/>
                  <SP HEIGHT="37" WIDTH="10" VPOS="609" HPOS="238"/>
                  <String HEIGHT="37" WIDTH="83" VPOS="609" HPOS="207" CONTENT="quia"/>
                  <SP HEIGHT="37" WIDTH="10" VPOS="609" HPOS="290"/>
                  <String HEIGHT="37" WIDTH="83" VPOS="609" HPOS="259" CONTENT="esse"/>
                  <SP HEIGHT="37" WIDTH="10" VPOS="609" HPOS="342"/>
                  <String HEIGHT="37" WIDTH="73" VPOS="609" HPOS="311" CONTENT="Dei"/>
                  <SP HEIGHT="37" WIDTH="10" VPOS="609" HPOS="383"/>
                  <String HEIGHT="37" WIDTH="73" VPOS="609" HPOS="352" CONTENT="est"/>
                  <SP HEIGHT="37" WIDTH="10" VPOS="609" HPOS="425"/>
                  <String HEIGHT="37"
                          WIDTH="93"
                          VPOS="609"
                          HPOS="394"
                          CONTENT="idem,"/>
                  <SP HEIGHT="37" WIDTH="10" VPOS="609" HPOS="487"/>
                  <String HEIGHT="37" WIDTH="83" VPOS="609" HPOS="456" CONTENT="quod"/>
                  <SP HEIGHT="37" WIDTH="10" VPOS="609" HPOS="539"/>
                  <String HEIGHT="37" WIDTH="73" VPOS="609" HPOS="508" CONTENT="sua"/>
                  <SP HEIGHT="37" WIDTH="10" VPOS="609" HPOS="580"/>
                  <String HEIGHT="37"
                          WIDTH="62"
                          VPOS="609"
                          HPOS="539"
                          CONTENT="sub"
                          SUBS_TYPE="HypPart1"
                          SUBS_CONTENT="substantia,"/>
                  <HYP CONTENT="-"/>
               </TextLine>
               <TextLine ID="r1l39"
                         BASELINE="670"
                         HEIGHT="39"
                         WIDTH="478"
                         VPOS="631"
                         HPOS="123">
                  <String HEIGHT="39"
                          WIDTH="130"
                          VPOS="631"
                          HPOS="112"
                          CONTENT="stantia,"
                          SUBS_TYPE="HypPart2"
                          SUBS_CONTENT="substantia,"/>
                  <SP HEIGHT="39" WIDTH="11" VPOS="631" HPOS="243"/>
                  <String HEIGHT="39"
                          WIDTH="163"
                          VPOS="631"
                          HPOS="210"
                          CONTENT="substantiae"/>
                  <SP HEIGHT="39" WIDTH="11" VPOS="631" HPOS="373"/>
                  <String HEIGHT="39"
                          WIDTH="98"
                          VPOS="631"
                          HPOS="340"
                          CONTENT="autem"/>
                  <SP HEIGHT="39" WIDTH="11" VPOS="631" HPOS="438"/>
                  <String HEIGHT="39" WIDTH="76" VPOS="631" HPOS="405" CONTENT="non"/>
                  <SP HEIGHT="39" WIDTH="11" VPOS="631" HPOS="482"/>
                  <String HEIGHT="39" WIDTH="76" VPOS="631" HPOS="449" CONTENT="est"/>
                  <SP HEIGHT="39" WIDTH="11" VPOS="631" HPOS="525"/>
                  <String HEIGHT="39"
                          WIDTH="120"
                          VPOS="631"
                          HPOS="482"
                          CONTENT="demostra"
                          SUBS_TYPE="HypPart1"
                          SUBS_CONTENT="demostratio,"/>
                  <HYP CONTENT="-"/>
               </TextLine>
               <TextLine ID="r1l42"
                         BASELINE="695"
                         HEIGHT="31"
                         WIDTH="478"
                         VPOS="664"
                         HPOS="123">
                  <String HEIGHT="31"
                          WIDTH="81"
                          VPOS="664"
                          HPOS="113"
                          CONTENT="tio,"
                          SUBS_TYPE="HypPart2"
                          SUBS_CONTENT="demostratio,"/>
                  <SP HEIGHT="31" WIDTH="10" VPOS="664" HPOS="194"/>
                  <String HEIGHT="31" WIDTH="61" VPOS="664" HPOS="164" CONTENT="vt"/>
                  <SP HEIGHT="31" WIDTH="10" VPOS="664" HPOS="225"/>
                  <String HEIGHT="31"
                          WIDTH="92"
                          VPOS="664"
                          HPOS="194"
                          CONTENT="patet"/>
                  <SP HEIGHT="31" WIDTH="10" VPOS="664" HPOS="286"/>
                  <String HEIGHT="31" WIDTH="61" VPOS="664" HPOS="255" CONTENT="2."/>
                  <SP HEIGHT="31" WIDTH="10" VPOS="664" HPOS="316"/>
                  <String HEIGHT="31"
                          WIDTH="92"
                          VPOS="664"
                          HPOS="286"
                          CONTENT="Post."/>
                  <SP HEIGHT="31" WIDTH="10" VPOS="664" HPOS="377"/>
                  <String HEIGHT="31" WIDTH="81" VPOS="664" HPOS="347" CONTENT="ideo"/>
                  <SP HEIGHT="31" WIDTH="10" VPOS="664" HPOS="428"/>
                  <String HEIGHT="31" WIDTH="61" VPOS="664" HPOS="398" CONTENT="si"/>
                  <SP HEIGHT="31" WIDTH="10" VPOS="664" HPOS="459"/>
                  <String HEIGHT="31"
                          WIDTH="112"
                          VPOS="664"
                          HPOS="428"
                          CONTENT="aliquae"/>
                  <SP HEIGHT="31" WIDTH="10" VPOS="664" HPOS="540"/>
                  <String HEIGHT="31"
                          WIDTH="102"
                          VPOS="664"
                          HPOS="499"
                          CONTENT="demostra"/>
               </TextLine>
               <TextLine ID="r1l45"
                         BASELINE="731"
                         HEIGHT="37"
                         WIDTH="477"
                         VPOS="694"
                         HPOS="121">
                  <String HEIGHT="37"
                          WIDTH="114"
                          VPOS="694"
                          HPOS="110"
                          CONTENT="tiones"/>
                  <SP HEIGHT="37" WIDTH="11" VPOS="694" HPOS="223"/>
                  <String HEIGHT="37"
                          WIDTH="148"
                          VPOS="694"
                          HPOS="189"
                          CONTENT="videantur"/>
                  <SP HEIGHT="37" WIDTH="11" VPOS="694" HPOS="337"/>
                  <String HEIGHT="37"
                          WIDTH="170"
                          VPOS="694"
                          HPOS="303"
                          CONTENT="demonstrare"/>
                  <SP HEIGHT="37" WIDTH="11" VPOS="694" HPOS="473"/>
                  <String HEIGHT="37" WIDTH="91" VPOS="694" HPOS="439" CONTENT="Deum"/>
                  <SP HEIGHT="37" WIDTH="11" VPOS="694" HPOS="530"/>
                  <String HEIGHT="37"
                          WIDTH="102"
                          VPOS="694"
                          HPOS="496"
                          CONTENT="esse,"/>
                  <SP HEIGHT="37" WIDTH="11" VPOS="694" HPOS="598"/>
                  <String HEIGHT="37" WIDTH="45" VPOS="694" HPOS="553" CONTENT="il"/>
               </TextLine>
               <TextLine ID="r1l47"
                         BASELINE="760"
                         HEIGHT="34"
                         WIDTH="482"
                         VPOS="726"
                         HPOS="115">
                  <String HEIGHT="34" WIDTH="89" VPOS="726" HPOS="102" CONTENT="lae"/>
                  <SP HEIGHT="34" WIDTH="13" VPOS="726" HPOS="191"/>
                  <String HEIGHT="34"
                          WIDTH="127"
                          VPOS="726"
                          HPOS="153"
                          CONTENT="quidem"/>
                  <SP HEIGHT="34" WIDTH="13" VPOS="726" HPOS="280"/>
                  <String HEIGHT="34" WIDTH="89" VPOS="726" HPOS="242" CONTENT="non"/>
                  <SP HEIGHT="34" WIDTH="13" VPOS="726" HPOS="331"/>
                  <String HEIGHT="34"
                          WIDTH="178"
                          VPOS="726"
                          HPOS="293"
                          CONTENT="demonstrat"/>
                  <SP HEIGHT="34" WIDTH="13" VPOS="726" HPOS="470"/>
                  <String HEIGHT="34"
                          WIDTH="101"
                          VPOS="726"
                          HPOS="432"
                          CONTENT="esse"/>
                  <SP HEIGHT="34" WIDTH="13" VPOS="726" HPOS="534"/>
                  <String HEIGHT="34" WIDTH="76" VPOS="726" HPOS="496" CONTENT="de"/>
                  <SP HEIGHT="34" WIDTH="13" VPOS="726" HPOS="572"/>
                  <String HEIGHT="34" WIDTH="76" VPOS="726" HPOS="521" CONTENT="Deo,"/>
               </TextLine>
               <TextLine ID="r1l49"
                         BASELINE="785"
                         HEIGHT="36"
                         WIDTH="486"
                         VPOS="749"
                         HPOS="117">
                  <String HEIGHT="36" WIDTH="83" VPOS="749" HPOS="105" CONTENT="sed"/>
                  <SP HEIGHT="36" WIDTH="12" VPOS="749" HPOS="188"/>
                  <String HEIGHT="36"
                          WIDTH="154"
                          VPOS="749"
                          HPOS="153"
                          CONTENT="declarant"/>
                  <SP HEIGHT="36" WIDTH="12" VPOS="749" HPOS="307"/>
                  <String HEIGHT="36" WIDTH="95" VPOS="749" HPOS="271" CONTENT="quid"/>
                  <SP HEIGHT="36" WIDTH="12" VPOS="749" HPOS="366"/>
                  <String HEIGHT="36"
                          WIDTH="166"
                          VPOS="749"
                          HPOS="330"
                          CONTENT="importetur"/>
                  <SP HEIGHT="36" WIDTH="12" VPOS="749" HPOS="496"/>
                  <String HEIGHT="36" WIDTH="83" VPOS="749" HPOS="461" CONTENT="per"/>
                  <SP HEIGHT="36" WIDTH="12" VPOS="749" HPOS="544"/>
                  <String HEIGHT="36" WIDTH="83" VPOS="749" HPOS="508" CONTENT="hoc"/>
                  <SP HEIGHT="36" WIDTH="12" VPOS="749" HPOS="591"/>
                  <String HEIGHT="36"
                          WIDTH="59"
                          VPOS="749"
                          HPOS="544"
                          CONTENT="no"
                          SUBS_TYPE="HypPart1"
                          SUBS_CONTENT="nomen"/>
                  <HYP CONTENT="-"/>
               </TextLine>
               <TextLine ID="r1l51"
                         BASELINE="820"
                         HEIGHT="38"
                         WIDTH="138"
                         VPOS="782"
                         HPOS="122">
                  <String HEIGHT="38"
                          WIDTH="107"
                          VPOS="782"
                          HPOS="107"
                          CONTENT="men"
                          SUBS_TYPE="HypPart2"
                          SUBS_CONTENT="nomen"/>
                  <SP HEIGHT="38" WIDTH="15" VPOS="782" HPOS="214"/>
                  <String HEIGHT="38"
                          WIDTH="107"
                          VPOS="782"
                          HPOS="153"
                          CONTENT="Deus."/>
               </TextLine>
               <TextLine ID="r1l54"
                         BASELINE="845"
                         HEIGHT="42"
                         WIDTH="443"
                         VPOS="803"
                         HPOS="156">
                  <String HEIGHT="42" WIDTH="66" VPOS="803" HPOS="145" CONTENT="Ad"/>
                  <SP HEIGHT="42" WIDTH="11" VPOS="803" HPOS="211"/>
                  <String HEIGHT="42"
                          WIDTH="155"
                          VPOS="803"
                          HPOS="178"
                          CONTENT="euidentiam"/>
                  <SP HEIGHT="42" WIDTH="11" VPOS="803" HPOS="333"/>
                  <String HEIGHT="42"
                          WIDTH="100"
                          VPOS="803"
                          HPOS="300"
                          CONTENT="huius"/>
                  <SP HEIGHT="42" WIDTH="11" VPOS="803" HPOS="400"/>
                  <String HEIGHT="42"
                          WIDTH="144"
                          VPOS="803"
                          HPOS="366"
                          CONTENT="opinionis"/>
                  <SP HEIGHT="42" WIDTH="11" VPOS="803" HPOS="510"/>
                  <String HEIGHT="42" WIDTH="78" VPOS="803" HPOS="477" CONTENT="est"/>
                  <SP HEIGHT="42" WIDTH="11" VPOS="803" HPOS="555"/>
                  <String HEIGHT="42"
                          WIDTH="89"
                          VPOS="803"
                          HPOS="510"
                          CONTENT="intel"
                          SUBS_TYPE="HypPart1"
                          SUBS_CONTENT="intelligendum,"/>
                  <HYP CONTENT="-"/>
               </TextLine>
               <TextLine ID="r1l56"
                         BASELINE="878"
                         HEIGHT="41"
                         WIDTH="477"
                         VPOS="837"
                         HPOS="124">
                  <String HEIGHT="41"
                          WIDTH="151"
                          VPOS="837"
                          HPOS="112"
                          CONTENT="ligendum,"
                          SUBS_TYPE="HypPart2"
                          SUBS_CONTENT="intelligendum,"/>
                  <SP HEIGHT="41" WIDTH="12" VPOS="837" HPOS="264"/>
                  <String HEIGHT="41" WIDTH="93" VPOS="837" HPOS="229" CONTENT="quod"/>
                  <SP HEIGHT="41" WIDTH="12" VPOS="837" HPOS="322"/>
                  <String HEIGHT="41"
                          WIDTH="186"
                          VPOS="837"
                          HPOS="287"
                          CONTENT="demonstrare,"/>
                  <SP HEIGHT="41" WIDTH="12" VPOS="837" HPOS="473"/>
                  <String HEIGHT="41" WIDTH="81" VPOS="837" HPOS="438" CONTENT="vel"/>
                  <SP HEIGHT="41" WIDTH="12" VPOS="837" HPOS="520"/>
                  <String HEIGHT="41"
                          WIDTH="128"
                          VPOS="837"
                          HPOS="473"
                          CONTENT="declarare"/>
               </TextLine>
               <TextLine ID="r1l59"
                         BASELINE="908"
                         HEIGHT="36"
                         WIDTH="483"
                         VPOS="872"
                         HPOS="124">
                  <String HEIGHT="36" WIDTH="97" VPOS="872" HPOS="112" CONTENT="quid"/>
                  <SP HEIGHT="36" WIDTH="12" VPOS="872" HPOS="209"/>
                  <String HEIGHT="36"
                          WIDTH="169"
                          VPOS="872"
                          HPOS="172"
                          CONTENT="importetur"/>
                  <SP HEIGHT="36" WIDTH="12" VPOS="872" HPOS="341"/>
                  <String HEIGHT="36" WIDTH="85" VPOS="872" HPOS="305" CONTENT="per"/>
                  <SP HEIGHT="36" WIDTH="12" VPOS="872" HPOS="390"/>
                  <String HEIGHT="36" WIDTH="85" VPOS="872" HPOS="353" CONTENT="hoc"/>
                  <SP HEIGHT="36" WIDTH="12" VPOS="872" HPOS="438"/>
                  <String HEIGHT="36"
                          WIDTH="121"
                          VPOS="872"
                          HPOS="402"
                          CONTENT="nomen,"/>
                  <SP HEIGHT="36" WIDTH="12" VPOS="872" HPOS="522"/>
                  <String HEIGHT="36"
                          WIDTH="109"
                          VPOS="872"
                          HPOS="486"
                          CONTENT="Deus,"/>
                  <SP HEIGHT="36" WIDTH="12" VPOS="872" HPOS="595"/>
                  <String HEIGHT="36" WIDTH="60" VPOS="872" HPOS="547" CONTENT="pot"/>
               </TextLine>
               <TextLine ID="r1l62"
                         BASELINE="935"
                         HEIGHT="32"
                         WIDTH="486"
                         VPOS="903"
                         HPOS="124">
                  <String HEIGHT="32"
                          WIDTH="140"
                          VPOS="903"
                          HPOS="113"
                          CONTENT="intelligi"/>
                  <SP HEIGHT="32" WIDTH="11" VPOS="903" HPOS="254"/>
                  <String HEIGHT="32"
                          WIDTH="162"
                          VPOS="903"
                          HPOS="221"
                          CONTENT="dupliciter,"/>
                  <SP HEIGHT="32" WIDTH="11" VPOS="903" HPOS="383"/>
                  <String HEIGHT="32" WIDTH="76" VPOS="903" HPOS="351" CONTENT="vno"/>
                  <SP HEIGHT="32" WIDTH="11" VPOS="903" HPOS="426"/>
                  <String HEIGHT="32" WIDTH="86" VPOS="903" HPOS="394" CONTENT="modo"/>
                  <SP HEIGHT="32" WIDTH="11" VPOS="903" HPOS="480"/>
                  <String HEIGHT="32"
                          WIDTH="130"
                          VPOS="903"
                          HPOS="448"
                          CONTENT="directe,"/>
                  <SP HEIGHT="32" WIDTH="11" VPOS="903" HPOS="578"/>
                  <String HEIGHT="32" WIDTH="54" VPOS="903" HPOS="545" CONTENT="&amp;"/>
                  <SP HEIGHT="32" WIDTH="11" VPOS="903" HPOS="599"/>
                  <String HEIGHT="32" WIDTH="54" VPOS="903" HPOS="556" CONTENT="hic"/>
               </TextLine>
               <TextLine ID="r1l64"
                         BASELINE="965"
                         HEIGHT="34"
                         WIDTH="484"
                         VPOS="931"
                         HPOS="122">
                  <String HEIGHT="34"
                          WIDTH="106"
                          VPOS="931"
                          HPOS="110"
                          CONTENT="modus"/>
                  <SP HEIGHT="34" WIDTH="12" VPOS="931" HPOS="216"/>
                  <String HEIGHT="34" WIDTH="83" VPOS="931" HPOS="181" CONTENT="est"/>
                  <SP HEIGHT="34" WIDTH="12" VPOS="931" HPOS="264"/>
                  <String HEIGHT="34"
                          WIDTH="201"
                          VPOS="931"
                          HPOS="228"
                          CONTENT="impossibilis,"/>
                  <SP HEIGHT="34" WIDTH="12" VPOS="931" HPOS="429"/>
                  <String HEIGHT="34" WIDTH="94" VPOS="931" HPOS="394" CONTENT="quia"/>
                  <SP HEIGHT="34" WIDTH="12" VPOS="931" HPOS="488"/>
                  <String HEIGHT="34" WIDTH="94" VPOS="931" HPOS="453" CONTENT="quid"/>
                  <SP HEIGHT="34" WIDTH="12" VPOS="931" HPOS="547"/>
                  <String HEIGHT="34"
                          WIDTH="106"
                          VPOS="931"
                          HPOS="500"
                          CONTENT="nominis"/>
               </TextLine>
               <TextLine ID="r1l66"
                         BASELINE="997"
                         HEIGHT="37"
                         WIDTH="489"
                         VPOS="960"
                         HPOS="123">
                  <String HEIGHT="37"
                          WIDTH="163"
                          VPOS="960"
                          HPOS="111"
                          CONTENT="supponitur"/>
                  <SP HEIGHT="37" WIDTH="12" VPOS="960" HPOS="274"/>
                  <String HEIGHT="37" WIDTH="70" VPOS="960" HPOS="239" CONTENT="in"/>
                  <SP HEIGHT="37" WIDTH="12" VPOS="960" HPOS="309"/>
                  <String HEIGHT="37" WIDTH="93" VPOS="960" HPOS="274" CONTENT="omni"/>
                  <SP HEIGHT="37" WIDTH="12" VPOS="960" HPOS="368"/>
                  <String HEIGHT="37"
                          WIDTH="163"
                          VPOS="960"
                          HPOS="333"
                          CONTENT="quaestione"/>
                  <SP HEIGHT="37" WIDTH="12" VPOS="960" HPOS="496"/>
                  <String HEIGHT="37" WIDTH="82" VPOS="960" HPOS="461" CONTENT="per"/>
                  <SP HEIGHT="37" WIDTH="12" VPOS="960" HPOS="542"/>
                  <String HEIGHT="37" WIDTH="70" VPOS="960" HPOS="507" CONTENT="se"/>
                  <SP HEIGHT="37" WIDTH="12" VPOS="960" HPOS="577"/>
                  <String HEIGHT="37"
                          WIDTH="82"
                          VPOS="960"
                          HPOS="531"
                          CONTENT="notum"/>
               </TextLine>
               <TextLine ID="r1l68"
                         BASELINE="1024"
                         HEIGHT="37"
                         WIDTH="481"
                         VPOS="987"
                         HPOS="127">
                  <String HEIGHT="37"
                          WIDTH="98"
                          VPOS="987"
                          HPOS="116"
                          CONTENT="esse,"/>
                  <SP HEIGHT="37" WIDTH="11" VPOS="987" HPOS="214"/>
                  <String HEIGHT="37" WIDTH="55" VPOS="987" HPOS="182" CONTENT="&amp;"/>
                  <SP HEIGHT="37" WIDTH="11" VPOS="987" HPOS="236"/>
                  <String HEIGHT="37" WIDTH="77" VPOS="987" HPOS="204" CONTENT="sic"/>
                  <SP HEIGHT="37" WIDTH="11" VPOS="987" HPOS="280"/>
                  <String HEIGHT="37" WIDTH="77" VPOS="987" HPOS="247" CONTENT="non"/>
                  <SP HEIGHT="37" WIDTH="11" VPOS="987" HPOS="324"/>
                  <String HEIGHT="37"
                          WIDTH="109"
                          VPOS="987"
                          HPOS="291"
                          CONTENT="potest"/>
                  <SP HEIGHT="37" WIDTH="11" VPOS="987" HPOS="400"/>
                  <String HEIGHT="37"
                          WIDTH="175"
                          VPOS="987"
                          HPOS="368"
                          CONTENT="demonstrari,"/>
                  <SP HEIGHT="37" WIDTH="11" VPOS="987" HPOS="542"/>
                  <String HEIGHT="37" WIDTH="87" VPOS="987" HPOS="510" CONTENT="alio"/>
                  <SP HEIGHT="37" WIDTH="11" VPOS="987" HPOS="597"/>
                  <String HEIGHT="37"
                          WIDTH="55"
                          VPOS="987"
                          HPOS="553"
                          CONTENT="mo"
                          SUBS_TYPE="HypPart1"
                          SUBS_CONTENT="modo"/>
                  <HYP CONTENT="-"/>
               </TextLine>
               <TextLine ID="r1l70"
                         BASELINE="1061"
                         HEIGHT="43"
                         WIDTH="483"
                         VPOS="1018"
                         HPOS="126">
                  <String HEIGHT="43"
                          WIDTH="64"
                          VPOS="1018"
                          HPOS="115"
                          CONTENT="do"
                          SUBS_TYPE="HypPart2"
                          SUBS_CONTENT="modo"/>
                  <SP HEIGHT="43" WIDTH="11" VPOS="1018" HPOS="180"/>
                  <String HEIGHT="43"
                          WIDTH="150"
                          VPOS="1018"
                          HPOS="147"
                          CONTENT="indirecte,"/>
                  <SP HEIGHT="43" WIDTH="11" VPOS="1018" HPOS="298"/>
                  <String HEIGHT="43" WIDTH="75" VPOS="1018" HPOS="266" CONTENT="ita"/>
                  <SP HEIGHT="43" WIDTH="11" VPOS="1018" HPOS="341"/>
                  <String HEIGHT="43" WIDTH="64" VPOS="1018" HPOS="308" CONTENT="vt"/>
                  <SP HEIGHT="43" WIDTH="11" VPOS="1018" HPOS="373"/>
                  <String HEIGHT="43"
                          WIDTH="172"
                          VPOS="1018"
                          HPOS="341"
                          CONTENT="demonstratio"/>
                  <SP HEIGHT="43" WIDTH="11" VPOS="1018" HPOS="512"/>
                  <String HEIGHT="43"
                          WIDTH="97"
                          VPOS="1018"
                          HPOS="480"
                          CONTENT="cadat"/>
                  <SP HEIGHT="43" WIDTH="11" VPOS="1018" HPOS="577"/>
                  <String HEIGHT="43"
                          WIDTH="75"
                          VPOS="1018"
                          HPOS="534"
                          CONTENT="super"/>
               </TextLine>
               <TextLine ID="r1l72"
                         BASELINE="1085"
                         HEIGHT="35"
                         WIDTH="476"
                         VPOS="1050"
                         HPOS="131">
                  <String HEIGHT="35"
                          WIDTH="136"
                          VPOS="1050"
                          HPOS="120"
                          CONTENT="alterum,"/>
                  <SP HEIGHT="35" WIDTH="11" VPOS="1050" HPOS="256"/>
                  <String HEIGHT="35" WIDTH="68" VPOS="1050" HPOS="222" CONTENT="ad"/>
                  <SP HEIGHT="35" WIDTH="11" VPOS="1050" HPOS="290"/>
                  <String HEIGHT="35"
                          WIDTH="102"
                          VPOS="1050"
                          HPOS="256"
                          CONTENT="cuius"/>
                  <SP HEIGHT="35" WIDTH="11" VPOS="1050" HPOS="358"/>
                  <String HEIGHT="35"
                          WIDTH="170"
                          VPOS="1050"
                          HPOS="324"
                          CONTENT="cognitionem"/>
                  <SP HEIGHT="35" WIDTH="11" VPOS="1050" HPOS="494"/>
                  <String HEIGHT="35"
                          WIDTH="136"
                          VPOS="1050"
                          HPOS="460"
                          CONTENT="sequitur"/>
                  <SP HEIGHT="35" WIDTH="11" VPOS="1050" HPOS="596"/>
                  <String HEIGHT="35"
                          WIDTH="57"
                          VPOS="1050"
                          HPOS="550"
                          CONTENT="co"
                          SUBS_TYPE="HypPart1"
                          SUBS_CONTENT="cognitio"/>
                  <HYP CONTENT="-"/>
               </TextLine>
               <TextLine ID="r1l74"
                         BASELINE="1122"
                         HEIGHT="43"
                         WIDTH="481"
                         VPOS="1079"
                         HPOS="126">
                  <String HEIGHT="43"
                          WIDTH="120"
                          VPOS="1079"
                          HPOS="114"
                          CONTENT="gnitio"
                          SUBS_TYPE="HypPart2"
                          SUBS_CONTENT="cognitio"/>
                  <SP HEIGHT="43" WIDTH="12" VPOS="1079" HPOS="234"/>
                  <String HEIGHT="43"
                          WIDTH="96"
                          VPOS="1079"
                          HPOS="198"
                          CONTENT="quid"/>
                  <SP HEIGHT="43" WIDTH="12" VPOS="1079" HPOS="294"/>
                  <String HEIGHT="43"
                          WIDTH="132"
                          VPOS="1079"
                          HPOS="258"
                          CONTENT="nominis"/>
                  <SP HEIGHT="43" WIDTH="12" VPOS="1079" HPOS="391"/>
                  <String HEIGHT="43" WIDTH="72" VPOS="1079" HPOS="354" CONTENT="de"/>
                  <SP HEIGHT="43" WIDTH="12" VPOS="1079" HPOS="427"/>
                  <String HEIGHT="43"
                          WIDTH="96"
                          VPOS="1079"
                          HPOS="391"
                          CONTENT="Deo,"/>
                  <SP HEIGHT="43" WIDTH="12" VPOS="1079" HPOS="487"/>
                  <String HEIGHT="43" WIDTH="60" VPOS="1079" HPOS="451" CONTENT="&amp;"/>
                  <SP HEIGHT="43" WIDTH="12" VPOS="1079" HPOS="511"/>
                  <String HEIGHT="43"
                          WIDTH="96"
                          VPOS="1079"
                          HPOS="475"
                          CONTENT="iste"/>
                  <SP HEIGHT="43" WIDTH="12" VPOS="1079" HPOS="571"/>
                  <String HEIGHT="43"
                          WIDTH="84"
                          VPOS="1079"
                          HPOS="523"
                          CONTENT="modus"/>
               </TextLine>
               <TextLine ID="r1l76"
                         BASELINE="1148"
                         HEIGHT="38"
                         WIDTH="485"
                         VPOS="1110"
                         HPOS="130">
                  <String HEIGHT="38" WIDTH="77" VPOS="1110" HPOS="119" CONTENT="est"/>
                  <SP HEIGHT="38" WIDTH="11" VPOS="1110" HPOS="196"/>
                  <String HEIGHT="38"
                          WIDTH="110"
                          VPOS="1110"
                          HPOS="163"
                          CONTENT="verus,"/>
                  <SP HEIGHT="38" WIDTH="11" VPOS="1110" HPOS="273"/>
                  <String HEIGHT="38" WIDTH="66" VPOS="1110" HPOS="240" CONTENT="vt"/>
                  <SP HEIGHT="38" WIDTH="11" VPOS="1110" HPOS="306"/>
                  <String HEIGHT="38"
                          WIDTH="110"
                          VPOS="1110"
                          HPOS="273"
                          CONTENT="potest"/>
                  <SP HEIGHT="38" WIDTH="11" VPOS="1110" HPOS="384"/>
                  <String HEIGHT="38"
                          WIDTH="110"
                          VPOS="1110"
                          HPOS="350"
                          CONTENT="patere"/>
                  <SP HEIGHT="38" WIDTH="11" VPOS="1110" HPOS="461"/>
                  <String HEIGHT="38" WIDTH="66" VPOS="1110" HPOS="428" CONTENT="in"/>
                  <SP HEIGHT="38" WIDTH="11" VPOS="1110" HPOS="494"/>
                  <String HEIGHT="38"
                          WIDTH="121"
                          VPOS="1110"
                          HPOS="461"
                          CONTENT="omnibus"/>
                  <SP HEIGHT="38" WIDTH="11" VPOS="1110" HPOS="582"/>
                  <String HEIGHT="38"
                          WIDTH="77"
                          VPOS="1110"
                          HPOS="538"
                          CONTENT="demon"/>
               </TextLine>
               <TextLine ID="r1l78"
                         BASELINE="1174"
                         HEIGHT="39"
                         WIDTH="471"
                         VPOS="1135"
                         HPOS="135">
                  <String HEIGHT="39"
                          WIDTH="191"
                          VPOS="1135"
                          HPOS="124"
                          CONTENT="strationibus,"/>
                  <SP HEIGHT="39" WIDTH="11" VPOS="1135" HPOS="314"/>
                  <String HEIGHT="39"
                          WIDTH="90"
                          VPOS="1135"
                          HPOS="281"
                          CONTENT="quae"/>
                  <SP HEIGHT="39" WIDTH="11" VPOS="1135" HPOS="371"/>
                  <String HEIGHT="39"
                          WIDTH="157"
                          VPOS="1135"
                          HPOS="337"
                          CONTENT="adducuntur"/>
                  <SP HEIGHT="39" WIDTH="11" VPOS="1135" HPOS="494"/>
                  <String HEIGHT="39" WIDTH="56" VPOS="1135" HPOS="460" CONTENT="a"/>
                  <SP HEIGHT="39" WIDTH="11" VPOS="1135" HPOS="516"/>
                  <String HEIGHT="39"
                          WIDTH="135"
                          VPOS="1135"
                          HPOS="471"
                          CONTENT="Doctoribus"/>
               </TextLine>
               <TextLine ID="r1l80"
                         BASELINE="1208"
                         HEIGHT="42"
                         WIDTH="480"
                         VPOS="1166"
                         HPOS="131">
                  <String HEIGHT="42" WIDTH="70" VPOS="1166" HPOS="119" CONTENT="ad"/>
                  <SP HEIGHT="42" WIDTH="12" VPOS="1166" HPOS="190"/>
                  <String HEIGHT="42"
                          WIDTH="152"
                          VPOS="1166"
                          HPOS="154"
                          CONTENT="probandum"/>
                  <SP HEIGHT="42" WIDTH="12" VPOS="1166" HPOS="307"/>
                  <String HEIGHT="42"
                          WIDTH="94"
                          VPOS="1166"
                          HPOS="271"
                          CONTENT="Deum"/>
                  <SP HEIGHT="42" WIDTH="12" VPOS="1166" HPOS="365"/>
                  <String HEIGHT="42"
                          WIDTH="105"
                          VPOS="1166"
                          HPOS="330"
                          CONTENT="esse;"/>
                  <SP HEIGHT="42" WIDTH="12" VPOS="1166" HPOS="435"/>
                  <String HEIGHT="42" WIDTH="70" VPOS="1166" HPOS="400" CONTENT="vt"/>
                  <SP HEIGHT="42" WIDTH="12" VPOS="1166" HPOS="471"/>
                  <String HEIGHT="42"
                          WIDTH="117"
                          VPOS="1166"
                          HPOS="435"
                          CONTENT="facile"/>
                  <SP HEIGHT="42" WIDTH="12" VPOS="1166" HPOS="552"/>
                  <String HEIGHT="42"
                          WIDTH="105"
                          VPOS="1166"
                          HPOS="506"
                          CONTENT="appare"
                          SUBS_TYPE="HypPart1"
                          SUBS_CONTENT="apparebit"/>
                  <HYP CONTENT="-"/>
               </TextLine>
               <TextLine ID="r1l82"
                         BASELINE="1233"
                         HEIGHT="39"
                         WIDTH="483"
                         VPOS="1194"
                         HPOS="127">
                  <String HEIGHT="39"
                          WIDTH="82"
                          VPOS="1194"
                          HPOS="115"
                          CONTENT="bit"
                          SUBS_TYPE="HypPart2"
                          SUBS_CONTENT="apparebit"/>
                  <SP HEIGHT="39" WIDTH="12" VPOS="1194" HPOS="198"/>
                  <String HEIGHT="39"
                          WIDTH="165"
                          VPOS="1194"
                          HPOS="162"
                          CONTENT="accipiendo"/>
                  <SP HEIGHT="39" WIDTH="12" VPOS="1194" HPOS="327"/>
                  <String HEIGHT="39"
                          WIDTH="224"
                          VPOS="1194"
                          HPOS="292"
                          CONTENT="demonstrationem"/>
                  <SP HEIGHT="39" WIDTH="12" VPOS="1194" HPOS="516"/>
                  <String HEIGHT="39"
                          WIDTH="130"
                          VPOS="1194"
                          HPOS="480"
                          CONTENT="Aristo."/>
                  <SP HEIGHT="39" WIDTH="12" VPOS="1194" HPOS="610"/>
                  <String HEIGHT="39" WIDTH="47" VPOS="1194" HPOS="563" CONTENT="In"/>
               </TextLine>
               <TextLine ID="line_1600475913420_1801"
                         BASELINE="1263"
                         HEIGHT="43"
                         WIDTH="499"
                         VPOS="1220"
                         HPOS="117">
                  <String HEIGHT="43" WIDTH="75" VPOS="1220" HPOS="105" CONTENT="8."/>
                  <SP HEIGHT="43" WIDTH="12" VPOS="1220" HPOS="179"/>
                  <String HEIGHT="43"
                          WIDTH="137"
                          VPOS="1220"
                          HPOS="142"
                          CONTENT="physic."/>
                  <SP HEIGHT="43" WIDTH="12" VPOS="1220" HPOS="279"/>
                  <String HEIGHT="43" WIDTH="75" VPOS="1220" HPOS="242" CONTENT="ad"/>
                  <SP HEIGHT="43" WIDTH="12" VPOS="1220" HPOS="317"/>
                  <String HEIGHT="43"
                          WIDTH="162"
                          VPOS="1220"
                          HPOS="279"
                          CONTENT="probandum"/>
                  <SP HEIGHT="43" WIDTH="12" VPOS="1220" HPOS="441"/>
                  <String HEIGHT="43"
                          WIDTH="100"
                          VPOS="1220"
                          HPOS="404"
                          CONTENT="esse"/>
                  <SP HEIGHT="43" WIDTH="12" VPOS="1220" HPOS="504"/>
                  <String HEIGHT="43"
                          WIDTH="100"
                          VPOS="1220"
                          HPOS="466"
                          CONTENT="vnum"/>
                  <SP HEIGHT="43" WIDTH="12" VPOS="1220" HPOS="566"/>
                  <String HEIGHT="43"
                          WIDTH="100"
                          VPOS="1220"
                          HPOS="516"
                          CONTENT="primum"/>
               </TextLine>
               <TextLine ID="r1l87"
                         BASELINE="1292"
                         HEIGHT="37"
                         WIDTH="477"
                         VPOS="1255"
                         HPOS="130">
                  <String HEIGHT="37"
                          WIDTH="140"
                          VPOS="1255"
                          HPOS="118"
                          CONTENT="motorem,"/>
                  <SP HEIGHT="37" WIDTH="12" VPOS="1255" HPOS="258"/>
                  <String HEIGHT="37"
                          WIDTH="93"
                          VPOS="1255"
                          HPOS="223"
                          CONTENT="quia"/>
                  <SP HEIGHT="37" WIDTH="12" VPOS="1255" HPOS="316"/>
                  <String HEIGHT="37" WIDTH="70" VPOS="1255" HPOS="281" CONTENT="in"/>
                  <SP HEIGHT="37" WIDTH="12" VPOS="1255" HPOS="351"/>
                  <String HEIGHT="37"
                          WIDTH="175"
                          VPOS="1255"
                          HPOS="316"
                          CONTENT="mouentibus,"/>
                  <SP HEIGHT="37" WIDTH="12" VPOS="1255" HPOS="491"/>
                  <String HEIGHT="37" WIDTH="81" VPOS="1255" HPOS="456" CONTENT="non"/>
                  <SP HEIGHT="37" WIDTH="12" VPOS="1255" HPOS="537"/>
                  <String HEIGHT="37" WIDTH="81" VPOS="1255" HPOS="502" CONTENT="est"/>
                  <SP HEIGHT="37" WIDTH="12" VPOS="1255" HPOS="584"/>
                  <String HEIGHT="37"
                          WIDTH="70"
                          VPOS="1255"
                          HPOS="537"
                          CONTENT="pro"
                          SUBS_TYPE="HypPart1"
                          SUBS_CONTENT="processus"/>
                  <HYP CONTENT="-"/>
               </TextLine>
               <TextLine ID="r1l90"
                         BASELINE="1323"
                         HEIGHT="37"
                         WIDTH="478"
                         VPOS="1286"
                         HPOS="132">
                  <String HEIGHT="37"
                          WIDTH="106"
                          VPOS="1286"
                          HPOS="121"
                          CONTENT="cessus"
                          SUBS_TYPE="HypPart2"
                          SUBS_CONTENT="processus"/>
                  <SP HEIGHT="37" WIDTH="11" VPOS="1286" HPOS="228"/>
                  <String HEIGHT="37" WIDTH="64" VPOS="1286" HPOS="196" CONTENT="in"/>
                  <SP HEIGHT="37" WIDTH="11" VPOS="1286" HPOS="259"/>
                  <String HEIGHT="37"
                          WIDTH="149"
                          VPOS="1286"
                          HPOS="228"
                          CONTENT="infinitum,"/>
                  <SP HEIGHT="37" WIDTH="11" VPOS="1286" HPOS="376"/>
                  <String HEIGHT="37"
                          WIDTH="85"
                          VPOS="1286"
                          HPOS="344"
                          CONTENT="ideo"/>
                  <SP HEIGHT="37" WIDTH="11" VPOS="1286" HPOS="429"/>
                  <String HEIGHT="37"
                          WIDTH="117"
                          VPOS="1286"
                          HPOS="398"
                          CONTENT="oportet"/>
                  <SP HEIGHT="37" WIDTH="11" VPOS="1286" HPOS="514"/>
                  <String HEIGHT="37"
                          WIDTH="127"
                          VPOS="1286"
                          HPOS="483"
                          CONTENT="deuenire"/>
                  <SP HEIGHT="37" WIDTH="11" VPOS="1286" HPOS="610"/>
                  <String HEIGHT="37" WIDTH="42" VPOS="1286" HPOS="568" CONTENT="ad"/>
               </TextLine>
               <TextLine ID="r1l94"
                         BASELINE="1351"
                         HEIGHT="34"
                         WIDTH="492"
                         VPOS="1317"
                         HPOS="125">
                  <String HEIGHT="34"
                          WIDTH="150"
                          VPOS="1317"
                          HPOS="111"
                          CONTENT="aliquem"/>
                  <SP HEIGHT="34" WIDTH="14" VPOS="1317" HPOS="262"/>
                  <String HEIGHT="34"
                          WIDTH="150"
                          VPOS="1317"
                          HPOS="221"
                          CONTENT="motorem"/>
                  <SP HEIGHT="34" WIDTH="14" VPOS="1317" HPOS="371"/>
                  <String HEIGHT="34"
                          WIDTH="137"
                          VPOS="1317"
                          HPOS="330"
                          CONTENT="omnino"/>
                  <SP HEIGHT="34" WIDTH="14" VPOS="1317" HPOS="467"/>
                  <String HEIGHT="34"
                          WIDTH="191"
                          VPOS="1317"
                          HPOS="426"
                          CONTENT="immobilem,"/>
                  <SP HEIGHT="34" WIDTH="14" VPOS="1317" HPOS="617"/>
                  <String HEIGHT="34" WIDTH="55" VPOS="1317" HPOS="562" CONTENT="ex"/>
               </TextLine>
               <TextLine ID="r1l97"
                         BASELINE="1386"
                         HEIGHT="43"
                         WIDTH="472"
                         VPOS="1343"
                         HPOS="139">
                  <String HEIGHT="43" WIDTH="85" VPOS="1343" HPOS="127" CONTENT="qua"/>
                  <SP HEIGHT="43" WIDTH="12" VPOS="1343" HPOS="212"/>
                  <String HEIGHT="43"
                          WIDTH="133"
                          VPOS="1343"
                          HPOS="175"
                          CONTENT="habemus"/>
                  <SP HEIGHT="43" WIDTH="12" VPOS="1343" HPOS="308"/>
                  <String HEIGHT="43"
                          WIDTH="97"
                          VPOS="1343"
                          HPOS="272"
                          CONTENT="quid"/>
                  <SP HEIGHT="43" WIDTH="12" VPOS="1343" HPOS="369"/>
                  <String HEIGHT="43"
                          WIDTH="169"
                          VPOS="1343"
                          HPOS="333"
                          CONTENT="importetur"/>
                  <SP HEIGHT="43" WIDTH="12" VPOS="1343" HPOS="502"/>
                  <String HEIGHT="43" WIDTH="85" VPOS="1343" HPOS="466" CONTENT="per"/>
                  <SP HEIGHT="43" WIDTH="12" VPOS="1343" HPOS="550"/>
                  <String HEIGHT="43" WIDTH="85" VPOS="1343" HPOS="514" CONTENT="hoc"/>
                  <SP HEIGHT="43" WIDTH="12" VPOS="1343" HPOS="599"/>
                  <String HEIGHT="43"
                          WIDTH="61"
                          VPOS="1343"
                          HPOS="550"
                          CONTENT="no"
                          SUBS_TYPE="HypPart1"
                          SUBS_CONTENT="nomen,"/>
                  <HYP CONTENT="-"/>
               </TextLine>
               <TextLine ID="r1l100"
                         BASELINE="1410"
                         HEIGHT="34"
                         WIDTH="477"
                         VPOS="1376"
                         HPOS="139">
                  <String HEIGHT="34"
                          WIDTH="100"
                          VPOS="1376"
                          HPOS="126"
                          CONTENT="men,"
                          SUBS_TYPE="HypPart2"
                          SUBS_CONTENT="nomen,"/>
                  <SP HEIGHT="34" WIDTH="13" VPOS="1376" HPOS="227"/>
                  <String HEIGHT="34"
                          WIDTH="113"
                          VPOS="1376"
                          HPOS="189"
                          CONTENT="Deus,"/>
                  <SP HEIGHT="34" WIDTH="13" VPOS="1376" HPOS="302"/>
                  <String HEIGHT="34"
                          WIDTH="100"
                          VPOS="1376"
                          HPOS="265"
                          CONTENT="quia"/>
                  <SP HEIGHT="34" WIDTH="13" VPOS="1376" HPOS="365"/>
                  <String HEIGHT="34"
                          WIDTH="176"
                          VPOS="1376"
                          HPOS="327"
                          CONTENT="importatur"/>
                  <SP HEIGHT="34" WIDTH="13" VPOS="1376" HPOS="503"/>
                  <String HEIGHT="34"
                          WIDTH="138"
                          VPOS="1376"
                          HPOS="465"
                          CONTENT="quoddam"/>
                  <SP HEIGHT="34" WIDTH="13" VPOS="1376" HPOS="603"/>
                  <String HEIGHT="34"
                          WIDTH="63"
                          VPOS="1376"
                          HPOS="553"
                          CONTENT="mo"
                          SUBS_TYPE="HypPart1"
                          SUBS_CONTENT="mouens"/>
                  <HYP CONTENT="-"/>
               </TextLine>
               <TextLine ID="r1l103"
                         BASELINE="1438"
                         HEIGHT="32"
                         WIDTH="483"
                         VPOS="1406"
                         HPOS="135">
                  <String HEIGHT="32"
                          WIDTH="102"
                          VPOS="1406"
                          HPOS="122"
                          CONTENT="uens"
                          SUBS_TYPE="HypPart2"
                          SUBS_CONTENT="mouens"/>
                  <SP HEIGHT="32" WIDTH="13" VPOS="1406" HPOS="224"/>
                  <String HEIGHT="32"
                          WIDTH="127"
                          VPOS="1406"
                          HPOS="186"
                          CONTENT="primum"/>
                  <SP HEIGHT="32" WIDTH="13" VPOS="1406" HPOS="313"/>
                  <String HEIGHT="32"
                          WIDTH="127"
                          VPOS="1406"
                          HPOS="275"
                          CONTENT="omnino"/>
                  <SP HEIGHT="32" WIDTH="13" VPOS="1406" HPOS="402"/>
                  <String HEIGHT="32"
                          WIDTH="165"
                          VPOS="1406"
                          HPOS="364"
                          CONTENT="immobile;"/>
                  <SP HEIGHT="32" WIDTH="13" VPOS="1406" HPOS="529"/>
                  <String HEIGHT="32"
                          WIDTH="102"
                          VPOS="1406"
                          HPOS="491"
                          CONTENT="haec"/>
                  <SP HEIGHT="32" WIDTH="13" VPOS="1406" HPOS="593"/>
                  <String HEIGHT="32"
                          WIDTH="76"
                          VPOS="1406"
                          HPOS="542"
                          CONTENT="ergo"/>
               </TextLine>
               <TextLine ID="r1l105"
                         BASELINE="1470"
                         HEIGHT="37"
                         WIDTH="476"
                         VPOS="1433"
                         HPOS="138">
                  <String HEIGHT="37"
                          WIDTH="197"
                          VPOS="1433"
                          HPOS="126"
                          CONTENT="demonstratio,"/>
                  <SP HEIGHT="37" WIDTH="12" VPOS="1433" HPOS="324"/>
                  <String HEIGHT="37"
                          WIDTH="128"
                          VPOS="1433"
                          HPOS="289"
                          CONTENT="quamuis"/>
                  <SP HEIGHT="37" WIDTH="12" VPOS="1433" HPOS="417"/>
                  <String HEIGHT="37"
                          WIDTH="139"
                          VPOS="1433"
                          HPOS="382"
                          CONTENT="videatur"/>
                  <SP HEIGHT="37" WIDTH="12" VPOS="1433" HPOS="521"/>
                  <String HEIGHT="37"
                          WIDTH="139"
                          VPOS="1433"
                          HPOS="475"
                          CONTENT="demonstra"
                          SUBS_TYPE="HypPart1"
                          SUBS_CONTENT="demonstrare"/>
                  <HYP CONTENT="-"/>
               </TextLine>
               <TextLine ID="r1l107"
                         BASELINE="1497"
                         HEIGHT="34"
                         WIDTH="479"
                         VPOS="1463"
                         HPOS="136">
                  <String HEIGHT="34"
                          WIDTH="76"
                          VPOS="1463"
                          HPOS="123"
                          CONTENT="re"
                          SUBS_TYPE="HypPart2"
                          SUBS_CONTENT="demonstrare"/>
                  <SP HEIGHT="34" WIDTH="13" VPOS="1463" HPOS="199"/>
                  <String HEIGHT="34"
                          WIDTH="101"
                          VPOS="1463"
                          HPOS="161"
                          CONTENT="Deum"/>
                  <SP HEIGHT="34" WIDTH="13" VPOS="1463" HPOS="262"/>
                  <String HEIGHT="34"
                          WIDTH="101"
                          VPOS="1463"
                          HPOS="224"
                          CONTENT="esse"/>
                  <SP HEIGHT="34" WIDTH="13" VPOS="1463" HPOS="325"/>
                  <String HEIGHT="34"
                          WIDTH="139"
                          VPOS="1463"
                          HPOS="287"
                          CONTENT="quoddam"/>
                  <SP HEIGHT="34" WIDTH="13" VPOS="1463" HPOS="426"/>
                  <String HEIGHT="34" WIDTH="88" VPOS="1463" HPOS="388" CONTENT="ens"/>
                  <SP HEIGHT="34" WIDTH="13" VPOS="1463" HPOS="476"/>
                  <String HEIGHT="34"
                          WIDTH="139"
                          VPOS="1463"
                          HPOS="439"
                          CONTENT="primum,"/>
                  <SP HEIGHT="34" WIDTH="13" VPOS="1463" HPOS="577"/>
                  <String HEIGHT="34" WIDTH="63" VPOS="1463" HPOS="539" CONTENT="&amp;"/>
                  <SP HEIGHT="34" WIDTH="13" VPOS="1463" HPOS="602"/>
                  <String HEIGHT="34"
                          WIDTH="63"
                          VPOS="1463"
                          HPOS="552"
                          CONTENT="im"
                          SUBS_TYPE="HypPart1"
                          SUBS_CONTENT="immobile,"/>
                  <HYP CONTENT="-"/>
               </TextLine>
               <TextLine ID="r1l109"
                         BASELINE="1528"
                         HEIGHT="35"
                         WIDTH="474"
                         VPOS="1493"
                         HPOS="136">
                  <String HEIGHT="35"
                          WIDTH="116"
                          VPOS="1493"
                          HPOS="125"
                          CONTENT="mobile,"
                          SUBS_TYPE="HypPart2"
                          SUBS_CONTENT="immobile,"/>
                  <SP HEIGHT="35" WIDTH="11" VPOS="1493" HPOS="241"/>
                  <String HEIGHT="35" WIDTH="74" VPOS="1493" HPOS="210" CONTENT="non"/>
                  <SP HEIGHT="35" WIDTH="11" VPOS="1493" HPOS="283"/>
                  <String HEIGHT="35"
                          WIDTH="95"
                          VPOS="1493"
                          HPOS="252"
                          CONTENT="tamen"/>
                  <SP HEIGHT="35" WIDTH="11" VPOS="1493" HPOS="347"/>
                  <String HEIGHT="35"
                          WIDTH="147"
                          VPOS="1493"
                          HPOS="315"
                          CONTENT="demostrat,"/>
                  <SP HEIGHT="35" WIDTH="11" VPOS="1493" HPOS="463"/>
                  <String HEIGHT="35" WIDTH="74" VPOS="1493" HPOS="431" CONTENT="cum"/>
                  <SP HEIGHT="35" WIDTH="11" VPOS="1493" HPOS="505"/>
                  <String HEIGHT="35"
                          WIDTH="84"
                          VPOS="1493"
                          HPOS="473"
                          CONTENT="suum"/>
                  <SP HEIGHT="35" WIDTH="11" VPOS="1493" HPOS="557"/>
                  <String HEIGHT="35"
                          WIDTH="95"
                          VPOS="1493"
                          HPOS="526"
                          CONTENT="esse,"/>
                  <SP HEIGHT="35" WIDTH="11" VPOS="1493" HPOS="621"/>
                  <String HEIGHT="35" WIDTH="32" VPOS="1493" HPOS="578" CONTENT="&amp;"/>
               </TextLine>
               <TextLine ID="r1l111"
                         BASELINE="1561"
                         HEIGHT="39"
                         WIDTH="480"
                         VPOS="1522"
                         HPOS="145">
                  <String HEIGHT="39" WIDTH="78" VPOS="1522" HPOS="134" CONTENT="sua"/>
                  <SP HEIGHT="39" WIDTH="11" VPOS="1522" HPOS="212"/>
                  <String HEIGHT="39"
                          WIDTH="145"
                          VPOS="1522"
                          HPOS="178"
                          CONTENT="primitas,"/>
                  <SP HEIGHT="39" WIDTH="11" VPOS="1522" HPOS="324"/>
                  <String HEIGHT="39" WIDTH="67" VPOS="1522" HPOS="290" CONTENT="ac"/>
                  <SP HEIGHT="39" WIDTH="11" VPOS="1522" HPOS="357"/>
                  <String HEIGHT="39"
                          WIDTH="167"
                          VPOS="1522"
                          HPOS="324"
                          CONTENT="immobilitas"/>
                  <SP HEIGHT="39" WIDTH="11" VPOS="1522" HPOS="491"/>
                  <String HEIGHT="39"
                          WIDTH="89"
                          VPOS="1522"
                          HPOS="458"
                          CONTENT="idem"/>
                  <SP HEIGHT="39" WIDTH="11" VPOS="1522" HPOS="547"/>
                  <String HEIGHT="39"
                          WIDTH="89"
                          VPOS="1522"
                          HPOS="513"
                          CONTENT="sit,"/>
                  <SP HEIGHT="39" WIDTH="11" VPOS="1522" HPOS="603"/>
                  <String HEIGHT="39"
                          WIDTH="67"
                          VPOS="1522"
                          HPOS="558"
                          CONTENT="quod"/>
               </TextLine>
               <TextLine ID="r1l113"
                         BASELINE="1592"
                         HEIGHT="36"
                         WIDTH="483"
                         VPOS="1556"
                         HPOS="138">
                  <String HEIGHT="36"
                          WIDTH="92"
                          VPOS="1556"
                          HPOS="127"
                          CONTENT="suum"/>
                  <SP HEIGHT="36" WIDTH="12" VPOS="1556" HPOS="219"/>
                  <String HEIGHT="36"
                          WIDTH="104"
                          VPOS="1556"
                          HPOS="184"
                          CONTENT="esse,"/>
                  <SP HEIGHT="36" WIDTH="12" VPOS="1556" HPOS="288"/>
                  <String HEIGHT="36" WIDTH="81" VPOS="1556" HPOS="253" CONTENT="sed"/>
                  <SP HEIGHT="36" WIDTH="12" VPOS="1556" HPOS="334"/>
                  <String HEIGHT="36"
                          WIDTH="161"
                          VPOS="1556"
                          HPOS="299"
                          CONTENT="demonstrat"/>
                  <SP HEIGHT="36" WIDTH="12" VPOS="1556" HPOS="460"/>
                  <String HEIGHT="36"
                          WIDTH="127"
                          VPOS="1556"
                          HPOS="426"
                          CONTENT="aliquid"/>
                  <SP HEIGHT="36" WIDTH="12" VPOS="1556" HPOS="552"/>
                  <String HEIGHT="36"
                          WIDTH="115"
                          VPOS="1556"
                          HPOS="506"
                          CONTENT="alterum,"/>
               </TextLine>
               <TextLine ID="r1l115"
                         BASELINE="1616"
                         HEIGHT="33"
                         WIDTH="473"
                         VPOS="1583"
                         HPOS="144">
                  <String HEIGHT="33" WIDTH="69" VPOS="1583" HPOS="132" CONTENT="ad"/>
                  <SP HEIGHT="33" WIDTH="12" VPOS="1583" HPOS="202"/>
                  <String HEIGHT="33"
                          WIDTH="92"
                          VPOS="1583"
                          HPOS="167"
                          CONTENT="quod"/>
                  <SP HEIGHT="33" WIDTH="12" VPOS="1583" HPOS="259"/>
                  <String HEIGHT="33"
                          WIDTH="138"
                          VPOS="1583"
                          HPOS="225"
                          CONTENT="sequitur"/>
                  <SP HEIGHT="33" WIDTH="12" VPOS="1583" HPOS="363"/>
                  <String HEIGHT="33"
                          WIDTH="138"
                          VPOS="1583"
                          HPOS="329"
                          CONTENT="cognitio"/>
                  <SP HEIGHT="33" WIDTH="12" VPOS="1583" HPOS="467"/>
                  <String HEIGHT="33"
                          WIDTH="104"
                          VPOS="1583"
                          HPOS="432"
                          CONTENT="horum"/>
                  <SP HEIGHT="33" WIDTH="12" VPOS="1583" HPOS="536"/>
                  <String HEIGHT="33"
                          WIDTH="127"
                          VPOS="1583"
                          HPOS="490"
                          CONTENT="praedica"
                          SUBS_TYPE="HypPart1"
                          SUBS_CONTENT="praedicatorum,"/>
                  <HYP CONTENT="-"/>
               </TextLine>
               <TextLine ID="r1l117"
                         BASELINE="1648"
                         HEIGHT="30"
                         WIDTH="479"
                         VPOS="1618"
                         HPOS="142">
                  <String HEIGHT="30"
                          WIDTH="129"
                          VPOS="1618"
                          HPOS="129"
                          CONTENT="torum,"
                          SUBS_TYPE="HypPart2"
                          SUBS_CONTENT="praedicatorum,"/>
                  <SP HEIGHT="30" WIDTH="13" VPOS="1618" HPOS="259"/>
                  <String HEIGHT="30" WIDTH="65" VPOS="1618" HPOS="220" CONTENT="&amp;"/>
                  <SP HEIGHT="30" WIDTH="13" VPOS="1618" HPOS="284"/>
                  <String HEIGHT="30"
                          WIDTH="129"
                          VPOS="1618"
                          HPOS="246"
                          CONTENT="exinde"/>
                  <SP HEIGHT="30" WIDTH="13" VPOS="1618" HPOS="375"/>
                  <String HEIGHT="30"
                          WIDTH="155"
                          VPOS="1618"
                          HPOS="336"
                          CONTENT="cognitio"/>
                  <SP HEIGHT="30" WIDTH="13" VPOS="1618" HPOS="492"/>
                  <String HEIGHT="30"
                          WIDTH="104"
                          VPOS="1618"
                          HPOS="453"
                          CONTENT="quid"/>
                  <SP HEIGHT="30" WIDTH="13" VPOS="1618" HPOS="556"/>
                  <String HEIGHT="30"
                          WIDTH="117"
                          VPOS="1618"
                          HPOS="504"
                          CONTENT="nominis"/>
               </TextLine>
               <TextLine ID="r1l119"
                         BASELINE="1681"
                         HEIGHT="39"
                         WIDTH="92"
                         VPOS="1642"
                         HPOS="145">
                  <String HEIGHT="39" WIDTH="92" VPOS="1642" HPOS="130" CONTENT="de"/>
                  <SP HEIGHT="39" WIDTH="15" VPOS="1642" HPOS="222"/>
                  <String HEIGHT="39" WIDTH="77" VPOS="1642" HPOS="160" CONTENT="Deo"/>
               </TextLine>
               <TextLine ID="r1l121"
                         BASELINE="1710"
                         HEIGHT="39"
                         WIDTH="458"
                         VPOS="1671"
                         HPOS="166">
                  <String HEIGHT="39" WIDTH="65" VPOS="1671" HPOS="155" CONTENT="Si"/>
                  <SP HEIGHT="39" WIDTH="11" VPOS="1671" HPOS="221"/>
                  <String HEIGHT="39"
                          WIDTH="87"
                          VPOS="1671"
                          HPOS="188"
                          CONTENT="ergo"/>
                  <SP HEIGHT="39" WIDTH="11" VPOS="1671" HPOS="275"/>
                  <String HEIGHT="39"
                          WIDTH="153"
                          VPOS="1671"
                          HPOS="242"
                          CONTENT="quaeratur,"/>
                  <SP HEIGHT="39" WIDTH="11" VPOS="1671" HPOS="395"/>
                  <String HEIGHT="39"
                          WIDTH="98"
                          VPOS="1671"
                          HPOS="362"
                          CONTENT="super"/>
                  <SP HEIGHT="39" WIDTH="11" VPOS="1671" HPOS="460"/>
                  <String HEIGHT="39"
                          WIDTH="87"
                          VPOS="1671"
                          HPOS="428"
                          CONTENT="quod"/>
                  <SP HEIGHT="39" WIDTH="11" VPOS="1671" HPOS="515"/>
                  <String HEIGHT="39"
                          WIDTH="98"
                          VPOS="1671"
                          HPOS="482"
                          CONTENT="cadit"/>
                  <SP HEIGHT="39" WIDTH="11" VPOS="1671" HPOS="580"/>
                  <String HEIGHT="39"
                          WIDTH="87"
                          VPOS="1671"
                          HPOS="537"
                          CONTENT="praedi"/>
               </TextLine>
               <TextLine ID="r1l124"
                         BASELINE="1735"
                         HEIGHT="35"
                         WIDTH="478"
                         VPOS="1700"
                         HPOS="149">
                  <String HEIGHT="35" WIDTH="78" VPOS="1700" HPOS="138" CONTENT="cta"/>
                  <SP HEIGHT="35" WIDTH="11" VPOS="1700" HPOS="216"/>
                  <String HEIGHT="35"
                          WIDTH="189"
                          VPOS="1700"
                          HPOS="182"
                          CONTENT="demonstratio:"/>
                  <SP HEIGHT="35" WIDTH="11" VPOS="1700" HPOS="371"/>
                  <String HEIGHT="35"
                          WIDTH="89"
                          VPOS="1700"
                          HPOS="338"
                          CONTENT="dico"/>
                  <SP HEIGHT="35" WIDTH="11" VPOS="1700" HPOS="427"/>
                  <String HEIGHT="35"
                          WIDTH="89"
                          VPOS="1700"
                          HPOS="394"
                          CONTENT="quod"/>
                  <SP HEIGHT="35" WIDTH="11" VPOS="1700" HPOS="482"/>
                  <String HEIGHT="35"
                          WIDTH="100"
                          VPOS="1700"
                          HPOS="449"
                          CONTENT="cadit"/>
                  <SP HEIGHT="35" WIDTH="11" VPOS="1700" HPOS="549"/>
                  <String HEIGHT="35"
                          WIDTH="100"
                          VPOS="1700"
                          HPOS="516"
                          CONTENT="super"/>
                  <SP HEIGHT="35" WIDTH="11" VPOS="1700" HPOS="616"/>
                  <String HEIGHT="35"
                          WIDTH="56"
                          VPOS="1700"
                          HPOS="571"
                          CONTENT="or"
                          SUBS_TYPE="HypPart1"
                          SUBS_CONTENT="ordinem"/>
                  <HYP CONTENT="-"/>
               </TextLine>
               <TextLine ID="r1l128"
                         BASELINE="1767"
                         HEIGHT="34"
                         WIDTH="476"
                         VPOS="1733"
                         HPOS="145">
                  <String HEIGHT="34"
                          WIDTH="113"
                          VPOS="1733"
                          HPOS="132"
                          CONTENT="dinem"
                          SUBS_TYPE="HypPart2"
                          SUBS_CONTENT="ordinem"/>
                  <SP HEIGHT="34" WIDTH="13" VPOS="1733" HPOS="245"/>
                  <String HEIGHT="34"
                          WIDTH="163"
                          VPOS="1733"
                          HPOS="208"
                          CONTENT="mobilium,"/>
                  <SP HEIGHT="34" WIDTH="13" VPOS="1733" HPOS="370"/>
                  <String HEIGHT="34" WIDTH="63" VPOS="1733" HPOS="333" CONTENT="&amp;"/>
                  <SP HEIGHT="34" WIDTH="13" VPOS="1733" HPOS="396"/>
                  <String HEIGHT="34"
                          WIDTH="163"
                          VPOS="1733"
                          HPOS="358"
                          CONTENT="mouentium"/>
                  <SP HEIGHT="34" WIDTH="13" VPOS="1733" HPOS="521"/>
                  <String HEIGHT="34"
                          WIDTH="150"
                          VPOS="1733"
                          HPOS="471"
                          CONTENT="terminatum"/>
               </TextLine>
               <TextLine ID="r1l131"
                         BASELINE="1796"
                         HEIGHT="35"
                         WIDTH="486"
                         VPOS="1761"
                         HPOS="138">
                  <String HEIGHT="35" WIDTH="77" VPOS="1761" HPOS="125" CONTENT="ad"/>
                  <SP HEIGHT="35" WIDTH="13" VPOS="1761" HPOS="202"/>
                  <String HEIGHT="35"
                          WIDTH="102"
                          VPOS="1761"
                          HPOS="164"
                          CONTENT="vnum"/>
                  <SP HEIGHT="35" WIDTH="13" VPOS="1761" HPOS="266"/>
                  <String HEIGHT="35"
                          WIDTH="141"
                          VPOS="1761"
                          HPOS="228"
                          CONTENT="primum,"/>
                  <SP HEIGHT="35" WIDTH="13" VPOS="1761" HPOS="368"/>
                  <String HEIGHT="35" WIDTH="90" VPOS="1761" HPOS="330" CONTENT="nam"/>
                  <SP HEIGHT="35" WIDTH="13" VPOS="1761" HPOS="419"/>
                  <String HEIGHT="35" WIDTH="77" VPOS="1761" HPOS="381" CONTENT="ad"/>
                  <SP HEIGHT="35" WIDTH="13" VPOS="1761" HPOS="458"/>
                  <String HEIGHT="35"
                          WIDTH="153"
                          VPOS="1761"
                          HPOS="419"
                          CONTENT="litteram"/>
                  <SP HEIGHT="35" WIDTH="13" VPOS="1761" HPOS="573"/>
                  <String HEIGHT="35"
                          WIDTH="102"
                          VPOS="1761"
                          HPOS="522"
                          CONTENT="demon"
                          SUBS_TYPE="HypPart1"
                          SUBS_CONTENT="demonstrat"/>
                  <HYP CONTENT="-"/>
               </TextLine>
               <TextLine ID="r1l134"
                         BASELINE="1826"
                         HEIGHT="34"
                         WIDTH="478"
                         VPOS="1792"
                         HPOS="145">
                  <String HEIGHT="34"
                          WIDTH="108"
                          VPOS="1792"
                          HPOS="133"
                          CONTENT="strat"
                          SUBS_TYPE="HypPart2"
                          SUBS_CONTENT="demonstrat"/>
                  <SP HEIGHT="34" WIDTH="12" VPOS="1792" HPOS="241"/>
                  <String HEIGHT="34"
                          WIDTH="120"
                          VPOS="1792"
                          HPOS="205"
                          CONTENT="Arist."/>
                  <SP HEIGHT="34" WIDTH="12" VPOS="1792" HPOS="324"/>
                  <String HEIGHT="34"
                          WIDTH="96"
                          VPOS="1792"
                          HPOS="288"
                          CONTENT="quod"/>
                  <SP HEIGHT="34" WIDTH="12" VPOS="1792" HPOS="384"/>
                  <String HEIGHT="34"
                          WIDTH="96"
                          VPOS="1792"
                          HPOS="348"
                          CONTENT="ordo"/>
                  <SP HEIGHT="34" WIDTH="12" VPOS="1792" HPOS="444"/>
                  <String HEIGHT="34"
                          WIDTH="167"
                          VPOS="1792"
                          HPOS="408"
                          CONTENT="mouentium,"/>
                  <SP HEIGHT="34" WIDTH="12" VPOS="1792" HPOS="575"/>
                  <String HEIGHT="34" WIDTH="60" VPOS="1792" HPOS="539" CONTENT="&amp;"/>
                  <SP HEIGHT="34" WIDTH="12" VPOS="1792" HPOS="599"/>
                  <String HEIGHT="34"
                          WIDTH="72"
                          VPOS="1792"
                          HPOS="551"
                          CONTENT="mobi"/>
               </TextLine>
               <TextLine ID="r1l136"
                         BASELINE="1865"
                         HEIGHT="47"
                         WIDTH="479"
                         VPOS="1818"
                         HPOS="145">
                  <String HEIGHT="47"
                          WIDTH="85"
                          VPOS="1818"
                          HPOS="134"
                          CONTENT="lium"/>
                  <SP HEIGHT="47" WIDTH="11" VPOS="1818" HPOS="220"/>
                  <String HEIGHT="47" WIDTH="75" VPOS="1818" HPOS="188" CONTENT="non"/>
                  <SP HEIGHT="47" WIDTH="11" VPOS="1818" HPOS="262"/>
                  <String HEIGHT="47"
                          WIDTH="106"
                          VPOS="1818"
                          HPOS="230"
                          CONTENT="potest"/>
                  <SP HEIGHT="47" WIDTH="11" VPOS="1818" HPOS="337"/>
                  <String HEIGHT="47" WIDTH="75" VPOS="1818" HPOS="305" CONTENT="ire"/>
                  <SP HEIGHT="47" WIDTH="11" VPOS="1818" HPOS="379"/>
                  <String HEIGHT="47" WIDTH="64" VPOS="1818" HPOS="347" CONTENT="in"/>
                  <SP HEIGHT="47" WIDTH="11" VPOS="1818" HPOS="411"/>
                  <String HEIGHT="47"
                          WIDTH="149"
                          VPOS="1818"
                          HPOS="379"
                          CONTENT="infinitum,"/>
                  <SP HEIGHT="47" WIDTH="11" VPOS="1818" HPOS="528"/>
                  <String HEIGHT="47" WIDTH="75" VPOS="1818" HPOS="496" CONTENT="sed"/>
                  <SP HEIGHT="47" WIDTH="11" VPOS="1818" HPOS="571"/>
                  <String HEIGHT="47"
                          WIDTH="96"
                          VPOS="1818"
                          HPOS="528"
                          CONTENT="necessa"/>
               </TextLine>
            </TextBlock>
            <TextBlock ID="TextRegion_1600475955045_1822"
                       HEIGHT="1778"
                       WIDTH="515"
                       VPOS="113"
                       HPOS="613">
               <Shape>
                  <Polygon POINTS="613,113 1128,113 1128,1891 639,1891 639,1834"/>
               </Shape>
               <TextLine ID="r1l4"
                         BASELINE="199"
                         HEIGHT="50"
                         WIDTH="476"
                         VPOS="149"
                         HPOS="627">
                  <String HEIGHT="50" WIDTH="95" VPOS="149" HPOS="615" CONTENT="rium"/>
                  <SP HEIGHT="50" WIDTH="12" VPOS="149" HPOS="710"/>
                  <String HEIGHT="50"
                          WIDTH="107"
                          VPOS="149"
                          HPOS="675"
                          CONTENT="habet"/>
                  <SP HEIGHT="50" WIDTH="12" VPOS="149" HPOS="782"/>
                  <String HEIGHT="50"
                          WIDTH="143"
                          VPOS="149"
                          HPOS="746"
                          CONTENT="terminum"/>
                  <SP HEIGHT="50" WIDTH="12" VPOS="149" HPOS="889"/>
                  <String HEIGHT="50" WIDTH="60" VPOS="149" HPOS="853" CONTENT="&amp;"/>
                  <SP HEIGHT="50" WIDTH="12" VPOS="149" HPOS="913"/>
                  <String HEIGHT="50"
                          WIDTH="131"
                          VPOS="149"
                          HPOS="877"
                          CONTENT="statum,"/>
                  <SP HEIGHT="50" WIDTH="12" VPOS="149" HPOS="1008"/>
                  <String HEIGHT="50" WIDTH="60" VPOS="149" HPOS="972" CONTENT="&amp;"/>
                  <SP HEIGHT="50" WIDTH="12" VPOS="149" HPOS="1032"/>
                  <String HEIGHT="50" WIDTH="95" VPOS="149" HPOS="996" CONTENT="quia"/>
                  <SP HEIGHT="50" WIDTH="12" VPOS="149" HPOS="1091"/>
                  <String HEIGHT="50" WIDTH="60" VPOS="149" HPOS="1044" CONTENT="non"/>
               </TextLine>
               <TextLine ID="r1l6"
                         BASELINE="231"
                         HEIGHT="41"
                         WIDTH="474"
                         VPOS="190"
                         HPOS="627">
                  <String HEIGHT="41"
                          WIDTH="113"
                          VPOS="190"
                          HPOS="616"
                          CONTENT="potest"/>
                  <SP HEIGHT="41" WIDTH="11" VPOS="190" HPOS="729"/>
                  <String HEIGHT="41"
                          WIDTH="113"
                          VPOS="190"
                          HPOS="695"
                          CONTENT="habere"/>
                  <SP HEIGHT="41" WIDTH="11" VPOS="190" HPOS="808"/>
                  <String HEIGHT="41"
                          WIDTH="124"
                          VPOS="190"
                          HPOS="774"
                          CONTENT="statum,"/>
                  <SP HEIGHT="41" WIDTH="11" VPOS="190" HPOS="898"/>
                  <String HEIGHT="41" WIDTH="90" VPOS="190" HPOS="864" CONTENT="nisi"/>
                  <SP HEIGHT="41" WIDTH="11" VPOS="190" HPOS="954"/>
                  <String HEIGHT="41" WIDTH="68" VPOS="190" HPOS="920" CONTENT="in"/>
                  <SP HEIGHT="41" WIDTH="11" VPOS="190" HPOS="988"/>
                  <String HEIGHT="41"
                          WIDTH="113"
                          VPOS="190"
                          HPOS="954"
                          CONTENT="aliquo"/>
                  <SP HEIGHT="41" WIDTH="11" VPOS="190" HPOS="1067"/>
                  <String HEIGHT="41"
                          WIDTH="79"
                          VPOS="190"
                          HPOS="1022"
                          CONTENT="primo"/>
               </TextLine>
               <TextLine ID="r1l8"
                         BASELINE="260"
                         HEIGHT="39"
                         WIDTH="492"
                         VPOS="221"
                         HPOS="617">
                  <String HEIGHT="39"
                          WIDTH="117"
                          VPOS="221"
                          HPOS="605"
                          CONTENT="motore"/>
                  <SP HEIGHT="39" WIDTH="12" VPOS="221" HPOS="722"/>
                  <String HEIGHT="39"
                          WIDTH="152"
                          VPOS="221"
                          HPOS="687"
                          CONTENT="immobili;"/>
                  <SP HEIGHT="39" WIDTH="12" VPOS="221" HPOS="840"/>
                  <String HEIGHT="39"
                          WIDTH="129"
                          VPOS="221"
                          HPOS="804"
                          CONTENT="idcirco"/>
                  <SP HEIGHT="39" WIDTH="12" VPOS="221" HPOS="933"/>
                  <String HEIGHT="39"
                          WIDTH="117"
                          VPOS="221"
                          HPOS="898"
                          CONTENT="statim"/>
                  <SP HEIGHT="39" WIDTH="12" VPOS="221" HPOS="1015"/>
                  <String HEIGHT="39" WIDTH="70" VPOS="221" HPOS="980" CONTENT="ad"/>
                  <SP HEIGHT="39" WIDTH="12" VPOS="221" HPOS="1050"/>
                  <String HEIGHT="39" WIDTH="82" VPOS="221" HPOS="1015" CONTENT="hoc"/>
                  <SP HEIGHT="39" WIDTH="12" VPOS="221" HPOS="1097"/>
                  <String HEIGHT="39"
                          WIDTH="59"
                          VPOS="221"
                          HPOS="1050"
                          CONTENT="se"
                          SUBS_TYPE="HypPart1"
                          SUBS_CONTENT="sequitur"/>
                  <HYP CONTENT="-"/>
               </TextLine>
               <TextLine ID="r1l10"
                         BASELINE="283"
                         HEIGHT="36"
                         WIDTH="487"
                         VPOS="247"
                         HPOS="620">
                  <String HEIGHT="36"
                          WIDTH="113"
                          VPOS="247"
                          HPOS="609"
                          CONTENT="quitur"
                          SUBS_TYPE="HypPart2"
                          SUBS_CONTENT="sequitur"/>
                  <SP HEIGHT="36" WIDTH="11" VPOS="247" HPOS="722"/>
                  <String HEIGHT="36"
                          WIDTH="136"
                          VPOS="247"
                          HPOS="688"
                          CONTENT="cognitio"/>
                  <SP HEIGHT="36" WIDTH="11" VPOS="247" HPOS="824"/>
                  <String HEIGHT="36"
                          WIDTH="170"
                          VPOS="247"
                          HPOS="790"
                          CONTENT="primitatis,"/>
                  <SP HEIGHT="36" WIDTH="11" VPOS="247" HPOS="960"/>
                  <String HEIGHT="36" WIDTH="57" VPOS="247" HPOS="926" CONTENT="&amp;"/>
                  <SP HEIGHT="36" WIDTH="11" VPOS="247" HPOS="982"/>
                  <String HEIGHT="36"
                          WIDTH="170"
                          VPOS="247"
                          HPOS="937"
                          CONTENT="immobilitatis"/>
               </TextLine>
               <TextLine ID="r1l12"
                         BASELINE="309"
                         HEIGHT="30"
                         WIDTH="486"
                         VPOS="279"
                         HPOS="625">
                  <String HEIGHT="30" WIDTH="95" VPOS="279" HPOS="613" CONTENT="Dei,"/>
                  <SP HEIGHT="30" WIDTH="12" VPOS="279" HPOS="708"/>
                  <String HEIGHT="30" WIDTH="59" VPOS="279" HPOS="672" CONTENT="&amp;"/>
                  <SP HEIGHT="30" WIDTH="12" VPOS="279" HPOS="732"/>
                  <String HEIGHT="30" WIDTH="83" VPOS="279" HPOS="696" CONTENT="sic"/>
                  <SP HEIGHT="30" WIDTH="12" VPOS="279" HPOS="779"/>
                  <String HEIGHT="30"
                          WIDTH="119"
                          VPOS="279"
                          HPOS="744"
                          CONTENT="scimus"/>
                  <SP HEIGHT="30" WIDTH="12" VPOS="279" HPOS="862"/>
                  <String HEIGHT="30" WIDTH="95" VPOS="279" HPOS="827" CONTENT="quid"/>
                  <SP HEIGHT="30" WIDTH="12" VPOS="279" HPOS="921"/>
                  <String HEIGHT="30" WIDTH="83" VPOS="279" HPOS="886" CONTENT="per"/>
                  <SP HEIGHT="30" WIDTH="12" VPOS="279" HPOS="969"/>
                  <String HEIGHT="30" WIDTH="83" VPOS="279" HPOS="933" CONTENT="hoc"/>
                  <SP HEIGHT="30" WIDTH="12" VPOS="279" HPOS="1016"/>
                  <String HEIGHT="30"
                          WIDTH="107"
                          VPOS="279"
                          HPOS="981"
                          CONTENT="nomen"/>
                  <SP HEIGHT="30" WIDTH="12" VPOS="279" HPOS="1087"/>
                  <String HEIGHT="30"
                          WIDTH="71"
                          VPOS="279"
                          HPOS="1040"
                          CONTENT="Deus"/>
               </TextLine>
               <TextLine ID="r1l14"
                         BASELINE="344"
                         HEIGHT="33"
                         WIDTH="484"
                         VPOS="311"
                         HPOS="620">
                  <String HEIGHT="33"
                          WIDTH="177"
                          VPOS="311"
                          HPOS="608"
                          CONTENT="importatur,"/>
                  <SP HEIGHT="33" WIDTH="12" VPOS="311" HPOS="785"/>
                  <String HEIGHT="33" WIDTH="83" VPOS="311" HPOS="750" CONTENT="ens"/>
                  <SP HEIGHT="33" WIDTH="12" VPOS="311" HPOS="832"/>
                  <String HEIGHT="33"
                          WIDTH="142"
                          VPOS="311"
                          HPOS="797"
                          CONTENT="scilicet"/>
                  <SP HEIGHT="33" WIDTH="12" VPOS="311" HPOS="939"/>
                  <String HEIGHT="33"
                          WIDTH="118"
                          VPOS="311"
                          HPOS="903"
                          CONTENT="primum"/>
                  <SP HEIGHT="33" WIDTH="12" VPOS="311" HPOS="1021"/>
                  <String HEIGHT="33" WIDTH="59" VPOS="311" HPOS="986" CONTENT="&amp;"/>
                  <SP HEIGHT="33" WIDTH="12" VPOS="311" HPOS="1045"/>
                  <String HEIGHT="33"
                          WIDTH="106"
                          VPOS="311"
                          HPOS="998"
                          CONTENT="immobi"
                          SUBS_TYPE="HypPart1"
                          SUBS_CONTENT="immobile;"/>
                  <HYP CONTENT="-"/>
               </TextLine>
               <TextLine ID="r1l17"
                         BASELINE="378"
                         HEIGHT="42"
                         WIDTH="495"
                         VPOS="336"
                         HPOS="624">
                  <String HEIGHT="42"
                          WIDTH="77"
                          VPOS="336"
                          HPOS="613"
                          CONTENT="le;"
                          SUBS_TYPE="HypPart2"
                          SUBS_CONTENT="immobile;"/>
                  <SP HEIGHT="42" WIDTH="11" VPOS="336" HPOS="690"/>
                  <String HEIGHT="42" WIDTH="88" VPOS="336" HPOS="657" CONTENT="isto"/>
                  <SP HEIGHT="42" WIDTH="11" VPOS="336" HPOS="745"/>
                  <String HEIGHT="42" WIDTH="88" VPOS="336" HPOS="712" CONTENT="ergo"/>
                  <SP HEIGHT="42" WIDTH="11" VPOS="336" HPOS="800"/>
                  <String HEIGHT="42" WIDTH="88" VPOS="336" HPOS="767" CONTENT="modo"/>
                  <SP HEIGHT="42" WIDTH="11" VPOS="336" HPOS="855"/>
                  <String HEIGHT="42"
                          WIDTH="143"
                          VPOS="336"
                          HPOS="822"
                          CONTENT="procedunt"/>
                  <SP HEIGHT="42" WIDTH="11" VPOS="336" HPOS="965"/>
                  <String HEIGHT="42"
                          WIDTH="99"
                          VPOS="336"
                          HPOS="932"
                          CONTENT="omnes"/>
                  <SP HEIGHT="42" WIDTH="11" VPOS="336" HPOS="1031"/>
                  <String HEIGHT="42"
                          WIDTH="143"
                          VPOS="336"
                          HPOS="998"
                          CONTENT="rationes,"/>
                  <SP HEIGHT="42" WIDTH="11" VPOS="336" HPOS="1141"/>
                  <String HEIGHT="42" WIDTH="22" VPOS="336" HPOS="1097" CONTENT=""/>
               </TextLine>
               <TextLine ID="r1l19"
                         BASELINE="409"
                         HEIGHT="36"
                         WIDTH="484"
                         VPOS="373"
                         HPOS="631">
                  <String HEIGHT="36" WIDTH="92" VPOS="373" HPOS="619" CONTENT="quae"/>
                  <SP HEIGHT="36" WIDTH="12" VPOS="373" HPOS="712"/>
                  <String HEIGHT="36"
                          WIDTH="138"
                          VPOS="373"
                          HPOS="677"
                          CONTENT="videntur"/>
                  <SP HEIGHT="36" WIDTH="12" VPOS="373" HPOS="815"/>
                  <String HEIGHT="36"
                          WIDTH="173"
                          VPOS="373"
                          HPOS="781"
                          CONTENT="demonstrare"/>
                  <SP HEIGHT="36" WIDTH="12" VPOS="373" HPOS="954"/>
                  <String HEIGHT="36" WIDTH="81" VPOS="373" HPOS="919" CONTENT="Deo"/>
                  <SP HEIGHT="36" WIDTH="12" VPOS="373" HPOS="1000"/>
                  <String HEIGHT="36"
                          WIDTH="104"
                          VPOS="373"
                          HPOS="965"
                          CONTENT="esse;"/>
                  <SP HEIGHT="36" WIDTH="12" VPOS="373" HPOS="1069"/>
                  <String HEIGHT="36" WIDTH="58" VPOS="373" HPOS="1034" CONTENT="&amp;"/>
                  <SP HEIGHT="36" WIDTH="12" VPOS="373" HPOS="1092"/>
                  <String HEIGHT="36"
                          WIDTH="69"
                          VPOS="373"
                          HPOS="1046"
                          CONTENT="haec"/>
               </TextLine>
               <TextLine ID="r1l21"
                         BASELINE="433"
                         HEIGHT="33"
                         WIDTH="372"
                         VPOS="400"
                         HPOS="623">
                  <String HEIGHT="33" WIDTH="81" VPOS="400" HPOS="611" CONTENT="est"/>
                  <SP HEIGHT="33" WIDTH="12" VPOS="400" HPOS="693"/>
                  <String HEIGHT="33" WIDTH="93" VPOS="400" HPOS="658" CONTENT="mens"/>
                  <SP HEIGHT="33" WIDTH="12" VPOS="400" HPOS="751"/>
                  <String HEIGHT="33"
                          WIDTH="128"
                          VPOS="400"
                          HPOS="716"
                          CONTENT="Aegidij"/>
                  <SP HEIGHT="33" WIDTH="12" VPOS="400" HPOS="844"/>
                  <String HEIGHT="33"
                          WIDTH="140"
                          VPOS="400"
                          HPOS="809"
                          CONTENT="Doctoris"/>
                  <SP HEIGHT="33" WIDTH="12" VPOS="400" HPOS="949"/>
                  <String HEIGHT="33"
                          WIDTH="93"
                          VPOS="400"
                          HPOS="902"
                          CONTENT="nostri"/>
               </TextLine>
               <TextLine ID="r1l23"
                         BASELINE="461"
                         HEIGHT="36"
                         WIDTH="476"
                         VPOS="425"
                         HPOS="622">
                  <String HEIGHT="36" WIDTH="119" VPOS="425" HPOS="602" CONTENT="AD"/>
                  <SP HEIGHT="36" WIDTH="20" VPOS="425" HPOS="721"/>
                  <String HEIGHT="36"
                          WIDTH="238"
                          VPOS="425"
                          HPOS="662"
                          CONTENT="RATIONES"/>
                  <SP HEIGHT="36" WIDTH="20" VPOS="425" HPOS="900"/>
                  <String HEIGHT="36"
                          WIDTH="278"
                          VPOS="425"
                          HPOS="820"
                          CONTENT="PRINCIPALES."/>
               </TextLine>
               <TextLine ID="r1l25"
                         BASELINE="495"
                         HEIGHT="44"
                         WIDTH="407"
                         VPOS="451"
                         HPOS="702">
                  <String HEIGHT="44" WIDTH="66" VPOS="451" HPOS="689" CONTENT="D"/>
                  <SP HEIGHT="44" WIDTH="13" VPOS="451" HPOS="755"/>
                  <String HEIGHT="44"
                          WIDTH="144"
                          VPOS="451"
                          HPOS="715"
                          CONTENT="primam,"/>
                  <SP HEIGHT="44" WIDTH="13" VPOS="451" HPOS="860"/>
                  <String HEIGHT="44"
                          WIDTH="105"
                          VPOS="451"
                          HPOS="820"
                          CONTENT="dico"/>
                  <SP HEIGHT="44" WIDTH="13" VPOS="451" HPOS="925"/>
                  <String HEIGHT="44"
                          WIDTH="144"
                          VPOS="451"
                          HPOS="886"
                          CONTENT="maiorem"/>
                  <SP HEIGHT="44" WIDTH="13" VPOS="451" HPOS="1030"/>
                  <String HEIGHT="44" WIDTH="92" VPOS="451" HPOS="991" CONTENT="non"/>
                  <SP HEIGHT="44" WIDTH="13" VPOS="451" HPOS="1083"/>
                  <String HEIGHT="44"
                          WIDTH="79"
                          VPOS="451"
                          HPOS="1030"
                          CONTENT="esse"/>
               </TextLine>
               <TextLine ID="r1l27"
                         BASELINE="524"
                         HEIGHT="61"
                         WIDTH="480"
                         VPOS="463"
                         HPOS="626">
                  <String HEIGHT="61" WIDTH="51" VPOS="463" HPOS="613" CONTENT=""/>
                  <SP HEIGHT="61" WIDTH="13" VPOS="463" HPOS="664"/>
                  <String HEIGHT="61"
                          WIDTH="215"
                          VPOS="463"
                          HPOS="626"
                          CONTENT="vniuersaliter"/>
                  <SP HEIGHT="61" WIDTH="13" VPOS="463" HPOS="841"/>
                  <String HEIGHT="61"
                          WIDTH="126"
                          VPOS="463"
                          HPOS="803"
                          CONTENT="veram,"/>
                  <SP HEIGHT="61" WIDTH="13" VPOS="463" HPOS="929"/>
                  <String HEIGHT="61"
                          WIDTH="139"
                          VPOS="463"
                          HPOS="891"
                          CONTENT="materia"/>
                  <SP HEIGHT="61" WIDTH="13" VPOS="463" HPOS="1030"/>
                  <String HEIGHT="61"
                          WIDTH="101"
                          VPOS="463"
                          HPOS="992"
                          CONTENT="enim"/>
                  <SP HEIGHT="61" WIDTH="13" VPOS="463" HPOS="1093"/>
                  <String HEIGHT="61" WIDTH="63" VPOS="463" HPOS="1043" CONTENT="est"/>
               </TextLine>
               <TextLine ID="r1l28"
                         BASELINE="551"
                         HEIGHT="32"
                         WIDTH="478"
                         VPOS="519"
                         HPOS="627">
                  <String HEIGHT="32"
                          WIDTH="114"
                          VPOS="519"
                          HPOS="616"
                          CONTENT="maxime"/>
                  <SP HEIGHT="32" WIDTH="11" VPOS="519" HPOS="729"/>
                  <String HEIGHT="32"
                          WIDTH="205"
                          VPOS="519"
                          HPOS="695"
                          CONTENT="indeterminata,"/>
                  <SP HEIGHT="32" WIDTH="11" VPOS="519" HPOS="900"/>
                  <String HEIGHT="32" WIDTH="57" VPOS="519" HPOS="866" CONTENT="&amp;"/>
                  <SP HEIGHT="32" WIDTH="11" VPOS="519" HPOS="923"/>
                  <String HEIGHT="32"
                          WIDTH="125"
                          VPOS="519"
                          HPOS="889"
                          CONTENT="confusa"/>
                  <SP HEIGHT="32" WIDTH="11" VPOS="519" HPOS="1014"/>
                  <String HEIGHT="32" WIDTH="68" VPOS="519" HPOS="980" CONTENT="in"/>
                  <SP HEIGHT="32" WIDTH="11" VPOS="519" HPOS="1048"/>
                  <String HEIGHT="32" WIDTH="80" VPOS="519" HPOS="1014" CONTENT="suo"/>
                  <SP HEIGHT="32" WIDTH="11" VPOS="519" HPOS="1094"/>
                  <String HEIGHT="32" WIDTH="57" VPOS="519" HPOS="1048" CONTENT="con"/>
               </TextLine>
               <TextLine ID="r1l31"
                         BASELINE="589"
                         HEIGHT="45"
                         WIDTH="487"
                         VPOS="544"
                         HPOS="628">
                  <String HEIGHT="45"
                          WIDTH="119"
                          VPOS="544"
                          HPOS="616"
                          CONTENT="ceptu,"/>
                  <SP HEIGHT="45" WIDTH="12" VPOS="544" HPOS="735"/>
                  <String HEIGHT="45" WIDTH="59" VPOS="544" HPOS="699" CONTENT="&amp;"/>
                  <SP HEIGHT="45" WIDTH="12" VPOS="544" HPOS="759"/>
                  <String HEIGHT="45"
                          WIDTH="107"
                          VPOS="544"
                          HPOS="723"
                          CONTENT="tamen"/>
                  <SP HEIGHT="45" WIDTH="12" VPOS="544" HPOS="830"/>
                  <String HEIGHT="45" WIDTH="83" VPOS="544" HPOS="794" CONTENT="non"/>
                  <SP HEIGHT="45" WIDTH="12" VPOS="544" HPOS="877"/>
                  <String HEIGHT="45"
                          WIDTH="107"
                          VPOS="544"
                          HPOS="842"
                          CONTENT="prius"/>
                  <SP HEIGHT="45" WIDTH="12" VPOS="544" HPOS="949"/>
                  <String HEIGHT="45"
                          WIDTH="178"
                          VPOS="544"
                          HPOS="913"
                          CONTENT="cognoscitur"/>
                  <SP HEIGHT="45" WIDTH="12" VPOS="544" HPOS="1091"/>
                  <String HEIGHT="45"
                          WIDTH="71"
                          VPOS="544"
                          HPOS="1044"
                          CONTENT="quam"/>
               </TextLine>
               <TextLine ID="r1l34"
                         BASELINE="612"
                         HEIGHT="36"
                         WIDTH="490"
                         VPOS="576"
                         HPOS="622">
                  <String HEIGHT="36"
                          WIDTH="129"
                          VPOS="576"
                          HPOS="609"
                          CONTENT="forma;"/>
                  <SP HEIGHT="36" WIDTH="13" VPOS="576" HPOS="738"/>
                  <String HEIGHT="36" WIDTH="77" VPOS="576" HPOS="699" CONTENT="Ad"/>
                  <SP HEIGHT="36" WIDTH="13" VPOS="576" HPOS="777"/>
                  <String HEIGHT="36"
                          WIDTH="142"
                          VPOS="576"
                          HPOS="738"
                          CONTENT="minorem"/>
                  <SP HEIGHT="36" WIDTH="13" VPOS="576" HPOS="880"/>
                  <String HEIGHT="36"
                          WIDTH="116"
                          VPOS="576"
                          HPOS="841"
                          CONTENT="autem"/>
                  <SP HEIGHT="36" WIDTH="13" VPOS="576" HPOS="957"/>
                  <String HEIGHT="36"
                          WIDTH="129"
                          VPOS="576"
                          HPOS="919"
                          CONTENT="potest"/>
                  <SP HEIGHT="36" WIDTH="13" VPOS="576" HPOS="1048"/>
                  <String HEIGHT="36"
                          WIDTH="116"
                          VPOS="576"
                          HPOS="996"
                          CONTENT="concedi"/>
               </TextLine>
               <TextLine ID="r1l37"
                         BASELINE="642"
                         HEIGHT="38"
                         WIDTH="487"
                         VPOS="604"
                         HPOS="630">
                  <String HEIGHT="38" WIDTH="95" VPOS="604" HPOS="618" CONTENT="quod"/>
                  <SP HEIGHT="38" WIDTH="12" VPOS="604" HPOS="713"/>
                  <String HEIGHT="38" WIDTH="95" VPOS="604" HPOS="678" CONTENT="Deus"/>
                  <SP HEIGHT="38" WIDTH="12" VPOS="604" HPOS="773"/>
                  <String HEIGHT="38"
                          WIDTH="107"
                          VPOS="604"
                          HPOS="737"
                          CONTENT="prius"/>
                  <SP HEIGHT="38" WIDTH="12" VPOS="604" HPOS="844"/>
                  <String HEIGHT="38"
                          WIDTH="143"
                          VPOS="604"
                          HPOS="808"
                          CONTENT="occurrat"/>
                  <SP HEIGHT="38" WIDTH="12" VPOS="604" HPOS="951"/>
                  <String HEIGHT="38"
                          WIDTH="107"
                          VPOS="604"
                          HPOS="915"
                          CONTENT="nobis"/>
                  <SP HEIGHT="38" WIDTH="12" VPOS="604" HPOS="1022"/>
                  <String HEIGHT="38" WIDTH="83" VPOS="604" HPOS="986" CONTENT="sub"/>
                  <SP HEIGHT="38" WIDTH="12" VPOS="604" HPOS="1069"/>
                  <String HEIGHT="38"
                          WIDTH="95"
                          VPOS="604"
                          HPOS="1022"
                          CONTENT="conce"
                          SUBS_TYPE="HypPart1"
                          SUBS_CONTENT="conceptu"/>
                  <HYP CONTENT="-"/>
               </TextLine>
               <TextLine ID="r1l40"
                         BASELINE="672"
                         HEIGHT="36"
                         WIDTH="478"
                         VPOS="636"
                         HPOS="630">
                  <String HEIGHT="36"
                          WIDTH="84"
                          VPOS="636"
                          HPOS="618"
                          CONTENT="ptu"
                          SUBS_TYPE="HypPart2"
                          SUBS_CONTENT="conceptu"/>
                  <SP HEIGHT="36" WIDTH="12" VPOS="636" HPOS="702"/>
                  <String HEIGHT="36"
                          WIDTH="215"
                          VPOS="636"
                          HPOS="666"
                          CONTENT="indeterminato,"/>
                  <SP HEIGHT="36" WIDTH="12" VPOS="636" HPOS="881"/>
                  <String HEIGHT="36" WIDTH="96" VPOS="636" HPOS="845" CONTENT="quam"/>
                  <SP HEIGHT="36" WIDTH="12" VPOS="636" HPOS="941"/>
                  <String HEIGHT="36" WIDTH="84" VPOS="636" HPOS="905" CONTENT="sub"/>
                  <SP HEIGHT="36" WIDTH="12" VPOS="636" HPOS="989"/>
                  <String HEIGHT="36"
                          WIDTH="167"
                          VPOS="636"
                          HPOS="941"
                          CONTENT="determinato,"/>
               </TextLine>
               <TextLine ID="r1l43"
                         BASELINE="706"
                         HEIGHT="42"
                         WIDTH="485"
                         VPOS="664"
                         HPOS="632">
                  <String HEIGHT="42" WIDTH="83" VPOS="664" HPOS="620" CONTENT="non"/>
                  <SP HEIGHT="42" WIDTH="12" VPOS="664" HPOS="703"/>
                  <String HEIGHT="42"
                          WIDTH="106"
                          VPOS="664"
                          HPOS="667"
                          CONTENT="tamen"/>
                  <SP HEIGHT="42" WIDTH="12" VPOS="664" HPOS="774"/>
                  <String HEIGHT="42"
                          WIDTH="130"
                          VPOS="664"
                          HPOS="738"
                          CONTENT="propter"/>
                  <SP HEIGHT="42" WIDTH="12" VPOS="664" HPOS="869"/>
                  <String HEIGHT="42" WIDTH="83" VPOS="664" HPOS="833" CONTENT="hoc"/>
                  <SP HEIGHT="42" WIDTH="12" VPOS="664" HPOS="916"/>
                  <String HEIGHT="42"
                          WIDTH="154"
                          VPOS="664"
                          HPOS="880"
                          CONTENT="sequitur,"/>
                  <SP HEIGHT="42" WIDTH="12" VPOS="664" HPOS="1034"/>
                  <String HEIGHT="42" WIDTH="95" VPOS="664" HPOS="999" CONTENT="quod"/>
                  <SP HEIGHT="42" WIDTH="12" VPOS="664" HPOS="1093"/>
                  <String HEIGHT="42"
                          WIDTH="71"
                          VPOS="664"
                          HPOS="1046"
                          CONTENT="sim"
                          SUBS_TYPE="HypPart1"
                          SUBS_CONTENT="simpliciter,"/>
                  <HYP CONTENT="-"/>
               </TextLine>
               <TextLine ID="r1l46"
                         BASELINE="728"
                         HEIGHT="36"
                         WIDTH="481"
                         VPOS="692"
                         HPOS="632">
                  <String HEIGHT="36"
                          WIDTH="136"
                          VPOS="692"
                          HPOS="622"
                          CONTENT="pliciter,"
                          SUBS_TYPE="HypPart2"
                          SUBS_CONTENT="simpliciter,"/>
                  <SP HEIGHT="36" WIDTH="10" VPOS="692" HPOS="757"/>
                  <String HEIGHT="36" WIDTH="52" VPOS="692" HPOS="726" CONTENT="&amp;"/>
                  <SP HEIGHT="36" WIDTH="10" VPOS="692" HPOS="778"/>
                  <String HEIGHT="36"
                          WIDTH="178"
                          VPOS="692"
                          HPOS="747"
                          CONTENT="vniuerfaliter"/>
                  <SP HEIGHT="36" WIDTH="10" VPOS="692" HPOS="925"/>
                  <String HEIGHT="36" WIDTH="73" VPOS="692" HPOS="893" CONTENT="sit"/>
                  <SP HEIGHT="36" WIDTH="10" VPOS="692" HPOS="967"/>
                  <String HEIGHT="36"
                          WIDTH="105"
                          VPOS="692"
                          HPOS="935"
                          CONTENT="primum"/>
                  <SP HEIGHT="36" WIDTH="10" VPOS="692" HPOS="1040"/>
                  <String HEIGHT="36"
                          WIDTH="115"
                          VPOS="692"
                          HPOS="998"
                          CONTENT="cognitum;"/>
               </TextLine>
               <TextLine ID="r1l48"
                         BASELINE="760"
                         HEIGHT="38"
                         WIDTH="485"
                         VPOS="722"
                         HPOS="632">
                  <String HEIGHT="38" WIDTH="55" VPOS="722" HPOS="621" CONTENT="&amp;"/>
                  <SP HEIGHT="38" WIDTH="11" VPOS="722" HPOS="676"/>
                  <String HEIGHT="38"
                          WIDTH="110"
                          VPOS="722"
                          HPOS="643"
                          CONTENT="Arist."/>
                  <SP HEIGHT="38" WIDTH="11" VPOS="722" HPOS="753"/>
                  <String HEIGHT="38"
                          WIDTH="165"
                          VPOS="722"
                          HPOS="720"
                          CONTENT="intelligit,"/>
                  <SP HEIGHT="38" WIDTH="11" VPOS="722" HPOS="886"/>
                  <String HEIGHT="38" WIDTH="88" VPOS="722" HPOS="852" CONTENT="quod"/>
                  <SP HEIGHT="38" WIDTH="11" VPOS="722" HPOS="941"/>
                  <String HEIGHT="38"
                          WIDTH="99"
                          VPOS="722"
                          HPOS="908"
                          CONTENT="primo"/>
                  <SP HEIGHT="38" WIDTH="11" VPOS="722" HPOS="1007"/>
                  <String HEIGHT="38" WIDTH="66" VPOS="722" HPOS="974" CONTENT="de"/>
                  <SP HEIGHT="38" WIDTH="11" VPOS="722" HPOS="1040"/>
                  <String HEIGHT="38" WIDTH="66" VPOS="722" HPOS="1007" CONTENT="se"/>
                  <SP HEIGHT="38" WIDTH="11" VPOS="722" HPOS="1073"/>
                  <String HEIGHT="38"
                          WIDTH="88"
                          VPOS="722"
                          HPOS="1029"
                          CONTENT="habea"
                          SUBS_TYPE="HypPart1"
                          SUBS_CONTENT="habeamus"/>
                  <HYP CONTENT="-"/>
               </TextLine>
               <TextLine ID="r1l50"
                         BASELINE="788"
                         HEIGHT="31"
                         WIDTH="479"
                         VPOS="757"
                         HPOS="635">
                  <String HEIGHT="31"
                          WIDTH="82"
                          VPOS="757"
                          HPOS="623"
                          CONTENT="mus"
                          SUBS_TYPE="HypPart2"
                          SUBS_CONTENT="habeamus"/>
                  <SP HEIGHT="31" WIDTH="12" VPOS="757" HPOS="705"/>
                  <String HEIGHT="31"
                          WIDTH="175"
                          VPOS="757"
                          HPOS="670"
                          CONTENT="cognitionem"/>
                  <SP HEIGHT="31" WIDTH="12" VPOS="757" HPOS="845"/>
                  <String HEIGHT="31"
                          WIDTH="152"
                          VPOS="757"
                          HPOS="810"
                          CONTENT="confusam,"/>
                  <SP HEIGHT="31" WIDTH="12" VPOS="757" HPOS="962"/>
                  <String HEIGHT="31" WIDTH="58" VPOS="757" HPOS="927" CONTENT="&amp;"/>
                  <SP HEIGHT="31" WIDTH="12" VPOS="757" HPOS="985"/>
                  <String HEIGHT="31"
                          WIDTH="117"
                          VPOS="757"
                          HPOS="950"
                          CONTENT="postea"/>
                  <SP HEIGHT="31" WIDTH="12" VPOS="757" HPOS="1067"/>
                  <String HEIGHT="31"
                          WIDTH="93"
                          VPOS="757"
                          HPOS="1021"
                          CONTENT="distin"/>
               </TextLine>
               <TextLine ID="r1l52"
                         BASELINE="828"
                         HEIGHT="43"
                         WIDTH="490"
                         VPOS="785"
                         HPOS="631">
                  <String HEIGHT="43"
                          WIDTH="105"
                          VPOS="785"
                          HPOS="619"
                          CONTENT="ctam:"/>
                  <SP HEIGHT="43" WIDTH="12" VPOS="785" HPOS="724"/>
                  <String HEIGHT="43" WIDTH="93" VPOS="785" HPOS="689" CONTENT="quia"/>
                  <SP HEIGHT="43" WIDTH="12" VPOS="785" HPOS="783"/>
                  <String HEIGHT="43"
                          WIDTH="117"
                          VPOS="785"
                          HPOS="748"
                          CONTENT="nostra"/>
                  <SP HEIGHT="43" WIDTH="12" VPOS="785" HPOS="864"/>
                  <String HEIGHT="43"
                          WIDTH="140"
                          VPOS="785"
                          HPOS="829"
                          CONTENT="cognitio"/>
                  <SP HEIGHT="43" WIDTH="12" VPOS="785" HPOS="969"/>
                  <String HEIGHT="43"
                          WIDTH="140"
                          VPOS="785"
                          HPOS="934"
                          CONTENT="procedit"/>
                  <SP HEIGHT="43" WIDTH="12" VPOS="785" HPOS="1074"/>
                  <String HEIGHT="43" WIDTH="70" VPOS="785" HPOS="1039" CONTENT="de"/>
                  <SP HEIGHT="43" WIDTH="12" VPOS="785" HPOS="1109"/>
                  <String HEIGHT="43"
                          WIDTH="58"
                          VPOS="785"
                          HPOS="1063"
                          CONTENT="im"
                          SUBS_TYPE="HypPart1"
                          SUBS_CONTENT="imperfecto,"/>
                  <HYP CONTENT="-"/>
               </TextLine>
               <TextLine ID="r1l53"
                         BASELINE="855"
                         HEIGHT="44"
                         WIDTH="257"
                         VPOS="811"
                         HPOS="638">
                  <String HEIGHT="44"
                          WIDTH="152"
                          VPOS="811"
                          HPOS="626"
                          CONTENT="perfecto,"
                          SUBS_TYPE="HypPart2"
                          SUBS_CONTENT="imperfecto,"/>
                  <SP HEIGHT="44" WIDTH="12" VPOS="811" HPOS="778"/>
                  <String HEIGHT="44" WIDTH="70" VPOS="811" HPOS="743" CONTENT="ad"/>
                  <SP HEIGHT="44" WIDTH="12" VPOS="811" HPOS="813"/>
                  <String HEIGHT="44"
                          WIDTH="129"
                          VPOS="811"
                          HPOS="767"
                          CONTENT="perfectum"/>
               </TextLine>
               <TextLine ID="r1l57"
                         BASELINE="877"
                         HEIGHT="40"
                         WIDTH="455"
                         VPOS="837"
                         HPOS="666">
                  <String HEIGHT="40" WIDTH="74" VPOS="837" HPOS="654" CONTENT="Ad"/>
                  <SP HEIGHT="40" WIDTH="12" VPOS="837" HPOS="727"/>
                  <String HEIGHT="40"
                          WIDTH="148"
                          VPOS="837"
                          HPOS="691"
                          CONTENT="secundam"/>
                  <SP HEIGHT="40" WIDTH="12" VPOS="837" HPOS="838"/>
                  <String HEIGHT="40"
                          WIDTH="111"
                          VPOS="837"
                          HPOS="801"
                          CONTENT="dico,"/>
                  <SP HEIGHT="40" WIDTH="12" VPOS="837" HPOS="912"/>
                  <String HEIGHT="40" WIDTH="98" VPOS="837" HPOS="875" CONTENT="quod"/>
                  <SP HEIGHT="40" WIDTH="12" VPOS="837" HPOS="973"/>
                  <String HEIGHT="40"
                          WIDTH="111"
                          VPOS="837"
                          HPOS="937"
                          CONTENT="scire"/>
                  <SP HEIGHT="40" WIDTH="12" VPOS="837" HPOS="1047"/>
                  <String HEIGHT="40"
                          WIDTH="98"
                          VPOS="837"
                          HPOS="1010"
                          CONTENT="quid"/>
                  <SP HEIGHT="40" WIDTH="12" VPOS="837" HPOS="1109"/>
                  <String HEIGHT="40" WIDTH="61" VPOS="837" HPOS="1060" CONTENT="est"/>
               </TextLine>
               <TextLine ID="r1l60"
                         BASELINE="910"
                         HEIGHT="39"
                         WIDTH="484"
                         VPOS="871"
                         HPOS="635">
                  <String HEIGHT="39" WIDTH="92" VPOS="871" HPOS="623" CONTENT="Deus"/>
                  <SP HEIGHT="39" WIDTH="12" VPOS="871" HPOS="716"/>
                  <String HEIGHT="39"
                          WIDTH="115"
                          VPOS="871"
                          HPOS="681"
                          CONTENT="potest"/>
                  <SP HEIGHT="39" WIDTH="12" VPOS="871" HPOS="796"/>
                  <String HEIGHT="39"
                          WIDTH="150"
                          VPOS="871"
                          HPOS="762"
                          CONTENT="intelligi"/>
                  <SP HEIGHT="39" WIDTH="12" VPOS="871" HPOS="912"/>
                  <String HEIGHT="39"
                          WIDTH="173"
                          VPOS="871"
                          HPOS="877"
                          CONTENT="dupliciter,"/>
                  <SP HEIGHT="39" WIDTH="12" VPOS="871" HPOS="1050"/>
                  <String HEIGHT="39" WIDTH="81" VPOS="871" HPOS="1015" CONTENT="vel"/>
                  <SP HEIGHT="39" WIDTH="12" VPOS="871" HPOS="1096"/>
                  <String HEIGHT="39"
                          WIDTH="69"
                          VPOS="871"
                          HPOS="1050"
                          CONTENT="modo"/>
               </TextLine>
               <TextLine ID="r1l63"
                         BASELINE="940"
                         HEIGHT="37"
                         WIDTH="478"
                         VPOS="903"
                         HPOS="635">
                  <String HEIGHT="37"
                          WIDTH="185"
                          VPOS="903"
                          HPOS="624"
                          CONTENT="quidditatiuo,"/>
                  <SP HEIGHT="37" WIDTH="11" VPOS="903" HPOS="809"/>
                  <String HEIGHT="37" WIDTH="54" VPOS="903" HPOS="776" CONTENT="&amp;"/>
                  <SP HEIGHT="37" WIDTH="11" VPOS="903" HPOS="831"/>
                  <String HEIGHT="37" WIDTH="76" VPOS="903" HPOS="798" CONTENT="per"/>
                  <SP HEIGHT="37" WIDTH="11" VPOS="903" HPOS="874"/>
                  <String HEIGHT="37"
                          WIDTH="163"
                          VPOS="903"
                          HPOS="841"
                          CONTENT="intrinseca,"/>
                  <SP HEIGHT="37" WIDTH="11" VPOS="903" HPOS="1004"/>
                  <String HEIGHT="37" WIDTH="76" VPOS="903" HPOS="972" CONTENT="vel"/>
                  <SP HEIGHT="37" WIDTH="11" VPOS="903" HPOS="1048"/>
                  <String HEIGHT="37"
                          WIDTH="87"
                          VPOS="903"
                          HPOS="1015"
                          CONTENT="modo"/>
                  <SP HEIGHT="37" WIDTH="11" VPOS="903" HPOS="1102"/>
                  <String HEIGHT="37"
                          WIDTH="54"
                          VPOS="903"
                          HPOS="1059"
                          CONTENT="ac"
                          SUBS_TYPE="HypPart1"
                          SUBS_CONTENT="accidentali,"/>
                  <HYP CONTENT="-"/>
               </TextLine>
               <TextLine ID="r1l65"
                         BASELINE="966"
                         HEIGHT="34"
                         WIDTH="483"
                         VPOS="932"
                         HPOS="634">
                  <String HEIGHT="34"
                          WIDTH="150"
                          VPOS="932"
                          HPOS="623"
                          CONTENT="cidentali,"
                          SUBS_TYPE="HypPart2"
                          SUBS_CONTENT="accidentali,"/>
                  <SP HEIGHT="34" WIDTH="11" VPOS="932" HPOS="774"/>
                  <String HEIGHT="34" WIDTH="75" VPOS="932" HPOS="741" CONTENT="per"/>
                  <SP HEIGHT="34" WIDTH="11" VPOS="932" HPOS="816"/>
                  <String HEIGHT="34"
                          WIDTH="150"
                          VPOS="932"
                          HPOS="784"
                          CONTENT="extrinseca"/>
                  <SP HEIGHT="34" WIDTH="11" VPOS="932" HPOS="935"/>
                  <String HEIGHT="34"
                          WIDTH="118"
                          VPOS="932"
                          HPOS="902"
                          CONTENT="quaedam"/>
                  <SP HEIGHT="34" WIDTH="11" VPOS="932" HPOS="1020"/>
                  <String HEIGHT="34"
                          WIDTH="140"
                          VPOS="932"
                          HPOS="977"
                          CONTENT="praedicata,"/>
               </TextLine>
               <TextLine ID="r1l67"
                         BASELINE="1001"
                         HEIGHT="36"
                         WIDTH="476"
                         VPOS="965"
                         HPOS="641">
                  <String HEIGHT="36" WIDTH="98" VPOS="965" HPOS="629" CONTENT="quae"/>
                  <SP HEIGHT="36" WIDTH="12" VPOS="965" HPOS="726"/>
                  <String HEIGHT="36" WIDTH="85" VPOS="965" HPOS="690" CONTENT="non"/>
                  <SP HEIGHT="36" WIDTH="12" VPOS="965" HPOS="775"/>
                  <String HEIGHT="36"
                          WIDTH="122"
                          VPOS="965"
                          HPOS="739"
                          CONTENT="cadunt"/>
                  <SP HEIGHT="36" WIDTH="12" VPOS="965" HPOS="861"/>
                  <String HEIGHT="36"
                          WIDTH="110"
                          VPOS="965"
                          HPOS="824"
                          CONTENT="super"/>
                  <SP HEIGHT="36" WIDTH="12" VPOS="965" HPOS="934"/>
                  <String HEIGHT="36" WIDTH="98" VPOS="965" HPOS="897" CONTENT="eius"/>
                  <SP HEIGHT="36" WIDTH="12" VPOS="965" HPOS="995"/>
                  <String HEIGHT="36"
                          WIDTH="183"
                          VPOS="965"
                          HPOS="958"
                          CONTENT="quidditatem"/>
                  <SP HEIGHT="36" WIDTH="12" VPOS="965" HPOS="1141"/>
                  <String HEIGHT="36" WIDTH="24" VPOS="965" HPOS="1093" CONTENT=""/>
               </TextLine>
               <TextLine ID="r1l69"
                         BASELINE="1023"
                         HEIGHT="30"
                         WIDTH="488"
                         VPOS="993"
                         HPOS="635">
                  <String HEIGHT="30" WIDTH="91" VPOS="993" HPOS="624" CONTENT="modo"/>
                  <SP HEIGHT="30" WIDTH="11" VPOS="993" HPOS="714"/>
                  <String HEIGHT="30"
                          WIDTH="193"
                          VPOS="993"
                          HPOS="680"
                          CONTENT="quidditatiuo,"/>
                  <SP HEIGHT="30" WIDTH="11" VPOS="993" HPOS="873"/>
                  <String HEIGHT="30" WIDTH="68" VPOS="993" HPOS="839" CONTENT="vt"/>
                  <SP HEIGHT="30" WIDTH="11" VPOS="993" HPOS="907"/>
                  <String HEIGHT="30"
                          WIDTH="113"
                          VPOS="993"
                          HPOS="873"
                          CONTENT="dictum"/>
                  <SP HEIGHT="30" WIDTH="11" VPOS="993" HPOS="987"/>
                  <String HEIGHT="30" WIDTH="79" VPOS="993" HPOS="953" CONTENT="est"/>
                  <SP HEIGHT="30" WIDTH="11" VPOS="993" HPOS="1032"/>
                  <String HEIGHT="30" WIDTH="68" VPOS="993" HPOS="998" CONTENT="in"/>
                  <SP HEIGHT="30" WIDTH="11" VPOS="993" HPOS="1066"/>
                  <String HEIGHT="30"
                          WIDTH="102"
                          VPOS="993"
                          HPOS="1021"
                          CONTENT="secundo"/>
               </TextLine>
               <TextLine ID="r1l71"
                         BASELINE="1056"
                         HEIGHT="35"
                         WIDTH="479"
                         VPOS="1021"
                         HPOS="638">
                  <String HEIGHT="35"
                          WIDTH="100"
                          VPOS="1021"
                          HPOS="627"
                          CONTENT="Arti."/>
                  <SP HEIGHT="35" WIDTH="11" VPOS="1021" HPOS="727"/>
                  <String HEIGHT="35"
                          WIDTH="123"
                          VPOS="1021"
                          HPOS="694"
                          CONTENT="concedo"/>
                  <SP HEIGHT="35" WIDTH="11" VPOS="1021" HPOS="816"/>
                  <String HEIGHT="35"
                          WIDTH="111"
                          VPOS="1021"
                          HPOS="783"
                          CONTENT="secudo"/>
                  <SP HEIGHT="35" WIDTH="11" VPOS="1021" HPOS="894"/>
                  <String HEIGHT="35"
                          WIDTH="100"
                          VPOS="1021"
                          HPOS="861"
                          CONTENT="modo,"/>
                  <SP HEIGHT="35" WIDTH="11" VPOS="1021" HPOS="961"/>
                  <String HEIGHT="35" WIDTH="78" VPOS="1021" HPOS="928" CONTENT="sed"/>
                  <SP HEIGHT="35" WIDTH="11" VPOS="1021" HPOS="1006"/>
                  <String HEIGHT="35"
                          WIDTH="89"
                          VPOS="1021"
                          HPOS="972"
                          CONTENT="nego"/>
                  <SP HEIGHT="35" WIDTH="11" VPOS="1021" HPOS="1061"/>
                  <String HEIGHT="35"
                          WIDTH="111"
                          VPOS="1021"
                          HPOS="1028"
                          CONTENT="primo."/>
                  <SP HEIGHT="35" WIDTH="11" VPOS="1021" HPOS="1139"/>
                  <String HEIGHT="35" WIDTH="22" VPOS="1021" HPOS="1095" CONTENT=""/>
               </TextLine>
               <TextLine ID="r1l73"
                         BASELINE="1087"
                         HEIGHT="36"
                         WIDTH="485"
                         VPOS="1051"
                         HPOS="636">
                  <String HEIGHT="36"
                          WIDTH="158"
                          VPOS="1051"
                          HPOS="625"
                          CONTENT="Authoritas"/>
                  <SP HEIGHT="36" WIDTH="11" VPOS="1051" HPOS="783"/>
                  <String HEIGHT="36"
                          WIDTH="102"
                          VPOS="1051"
                          HPOS="749"
                          CONTENT="autem"/>
                  <SP HEIGHT="36" WIDTH="11" VPOS="1051" HPOS="850"/>
                  <String HEIGHT="36" WIDTH="68" VPOS="1051" HPOS="816" CONTENT="P."/>
                  <SP HEIGHT="36" WIDTH="11" VPOS="1051" HPOS="884"/>
                  <String HEIGHT="36" WIDTH="79" VPOS="1051" HPOS="850" CONTENT="Aug"/>
                  <SP HEIGHT="36" WIDTH="11" VPOS="1051" HPOS="929"/>
                  <String HEIGHT="36"
                          WIDTH="180"
                          VPOS="1051"
                          HPOS="895"
                          CONTENT="intelligitur"/>
                  <SP HEIGHT="36" WIDTH="11" VPOS="1051" HPOS="1076"/>
                  <String HEIGHT="36" WIDTH="68" VPOS="1051" HPOS="1042" CONTENT="si"/>
                  <SP HEIGHT="36" WIDTH="11" VPOS="1051" HPOS="1110"/>
                  <String HEIGHT="36"
                          WIDTH="56"
                          VPOS="1051"
                          HPOS="1065"
                          CONTENT="om"
                          SUBS_TYPE="HypPart1"
                          SUBS_CONTENT="omnino"/>
                  <HYP CONTENT="-"/>
               </TextLine>
               <TextLine ID="r1l75"
                         BASELINE="1117"
                         HEIGHT="31"
                         WIDTH="485"
                         VPOS="1086"
                         HPOS="640">
                  <String HEIGHT="31"
                          WIDTH="95"
                          VPOS="1086"
                          HPOS="628"
                          CONTENT="nino"
                          SUBS_TYPE="HypPart2"
                          SUBS_CONTENT="omnino"/>
                  <SP HEIGHT="31" WIDTH="12" VPOS="1086" HPOS="723"/>
                  <String HEIGHT="31"
                          WIDTH="177"
                          VPOS="1086"
                          HPOS="687"
                          CONTENT="ignoraremus"/>
                  <SP HEIGHT="31" WIDTH="12" VPOS="1086" HPOS="865"/>
                  <String HEIGHT="31"
                          WIDTH="95"
                          VPOS="1086"
                          HPOS="829"
                          CONTENT="quid"/>
                  <SP HEIGHT="31" WIDTH="12" VPOS="1086" HPOS="924"/>
                  <String HEIGHT="31" WIDTH="83" VPOS="1086" HPOS="888" CONTENT="est"/>
                  <SP HEIGHT="31" WIDTH="12" VPOS="1086" HPOS="971"/>
                  <String HEIGHT="31"
                          WIDTH="106"
                          VPOS="1086"
                          HPOS="936"
                          CONTENT="Deus,"/>
                  <SP HEIGHT="31" WIDTH="12" VPOS="1086" HPOS="1042"/>
                  <String HEIGHT="31"
                          WIDTH="95"
                          VPOS="1086"
                          HPOS="1007"
                          CONTENT="tunc"/>
                  <SP HEIGHT="31" WIDTH="12" VPOS="1086" HPOS="1101"/>
                  <String HEIGHT="31"
                          WIDTH="71"
                          VPOS="1086"
                          HPOS="1054"
                          CONTENT="enim"/>
               </TextLine>
               <TextLine ID="r1l77"
                         BASELINE="1146"
                         HEIGHT="36"
                         WIDTH="483"
                         VPOS="1110"
                         HPOS="642">
                  <String HEIGHT="36" WIDTH="64" VPOS="1110" HPOS="631" CONTENT="no"/>
                  <SP HEIGHT="36" WIDTH="11" VPOS="1110" HPOS="696"/>
                  <String HEIGHT="36"
                          WIDTH="161"
                          VPOS="1110"
                          HPOS="663"
                          CONTENT="diligeremus"/>
                  <SP HEIGHT="36" WIDTH="11" VPOS="1110" HPOS="824"/>
                  <String HEIGHT="36"
                          WIDTH="107"
                          VPOS="1110"
                          HPOS="792"
                          CONTENT="ipsum,"/>
                  <SP HEIGHT="36" WIDTH="11" VPOS="1110" HPOS="900"/>
                  <String HEIGHT="36" WIDTH="75" VPOS="1110" HPOS="867" CONTENT="sed"/>
                  <SP HEIGHT="36" WIDTH="11" VPOS="1110" HPOS="943"/>
                  <String HEIGHT="36"
                          WIDTH="129"
                          VPOS="1110"
                          HPOS="910"
                          CONTENT="sufficit"/>
                  <SP HEIGHT="36" WIDTH="11" VPOS="1110" HPOS="1039"/>
                  <String HEIGHT="36"
                          WIDTH="97"
                          VPOS="1110"
                          HPOS="1007"
                          CONTENT="scire"/>
                  <SP HEIGHT="36" WIDTH="11" VPOS="1110" HPOS="1104"/>
                  <String HEIGHT="36"
                          WIDTH="64"
                          VPOS="1110"
                          HPOS="1061"
                          CONTENT="quid"/>
               </TextLine>
               <TextLine ID="r1l79"
                         BASELINE="1174"
                         HEIGHT="34"
                         WIDTH="472"
                         VPOS="1140"
                         HPOS="639">
                  <String HEIGHT="34"
                          WIDTH="132"
                          VPOS="1140"
                          HPOS="628"
                          CONTENT="nominis,"/>
                  <SP HEIGHT="34" WIDTH="11" VPOS="1140" HPOS="760"/>
                  <String HEIGHT="34"
                          WIDTH="88"
                          VPOS="1140"
                          HPOS="727"
                          CONTENT="quae"/>
                  <SP HEIGHT="34" WIDTH="11" VPOS="1140" HPOS="815"/>
                  <String HEIGHT="34"
                          WIDTH="132"
                          VPOS="1140"
                          HPOS="782"
                          CONTENT="cognitio"/>
                  <SP HEIGHT="34" WIDTH="11" VPOS="1140" HPOS="913"/>
                  <String HEIGHT="34"
                          WIDTH="110"
                          VPOS="1140"
                          HPOS="880"
                          CONTENT="pendet"/>
                  <SP HEIGHT="34" WIDTH="11" VPOS="1140" HPOS="990"/>
                  <String HEIGHT="34" WIDTH="66" VPOS="1140" HPOS="957" CONTENT="ex"/>
                  <SP HEIGHT="34" WIDTH="11" VPOS="1140" HPOS="1023"/>
                  <String HEIGHT="34"
                          WIDTH="132"
                          VPOS="1140"
                          HPOS="979"
                          CONTENT="creaturis."/>
               </TextLine>
               <TextLine ID="r1l81"
                         BASELINE="1206"
                         HEIGHT="38"
                         WIDTH="451"
                         VPOS="1168"
                         HPOS="674">
                  <String HEIGHT="38" WIDTH="73" VPOS="1168" HPOS="662" CONTENT="Ad"/>
                  <SP HEIGHT="38" WIDTH="12" VPOS="1168" HPOS="735"/>
                  <String HEIGHT="38"
                          WIDTH="146"
                          VPOS="1168"
                          HPOS="698"
                          CONTENT="tertiam,"/>
                  <SP HEIGHT="38" WIDTH="12" VPOS="1168" HPOS="845"/>
                  <String HEIGHT="38"
                          WIDTH="98"
                          VPOS="1168"
                          HPOS="808"
                          CONTENT="nego"/>
                  <SP HEIGHT="38" WIDTH="12" VPOS="1168" HPOS="906"/>
                  <String HEIGHT="38"
                          WIDTH="146"
                          VPOS="1168"
                          HPOS="869"
                          CONTENT="maiorem,"/>
                  <SP HEIGHT="38" WIDTH="12" VPOS="1168" HPOS="1015"/>
                  <String HEIGHT="38" WIDTH="85" VPOS="1168" HPOS="979" CONTENT="non"/>
                  <SP HEIGHT="38" WIDTH="12" VPOS="1168" HPOS="1064"/>
                  <String HEIGHT="38"
                          WIDTH="98"
                          VPOS="1168"
                          HPOS="1027"
                          CONTENT="enim"/>
                  <SP HEIGHT="38" WIDTH="12" VPOS="1168" HPOS="1125"/>
                  <String HEIGHT="38" WIDTH="49" VPOS="1168" HPOS="1076" CONTENT="om"/>
               </TextLine>
               <TextLine ID="r1l83"
                         BASELINE="1238"
                         HEIGHT="38"
                         WIDTH="481"
                         VPOS="1200"
                         HPOS="647">
                  <String HEIGHT="38" WIDTH="70" VPOS="1200" HPOS="635" CONTENT="ne"/>
                  <SP HEIGHT="38" WIDTH="12" VPOS="1200" HPOS="706"/>
                  <String HEIGHT="38" WIDTH="82" VPOS="1200" HPOS="670" CONTENT="per"/>
                  <SP HEIGHT="38" WIDTH="12" VPOS="1200" HPOS="753"/>
                  <String HEIGHT="38" WIDTH="70" VPOS="1200" HPOS="717" CONTENT="se"/>
                  <SP HEIGHT="38" WIDTH="12" VPOS="1200" HPOS="788"/>
                  <String HEIGHT="38"
                          WIDTH="106"
                          VPOS="1200"
                          HPOS="753"
                          CONTENT="notum"/>
                  <SP HEIGHT="38" WIDTH="12" VPOS="1200" HPOS="858"/>
                  <String HEIGHT="38" WIDTH="82" VPOS="1200" HPOS="823" CONTENT="est"/>
                  <SP HEIGHT="38" WIDTH="12" VPOS="1200" HPOS="905"/>
                  <String HEIGHT="38"
                          WIDTH="117"
                          VPOS="1200"
                          HPOS="870"
                          CONTENT="primum"/>
                  <SP HEIGHT="38" WIDTH="12" VPOS="1200" HPOS="987"/>
                  <String HEIGHT="38"
                          WIDTH="153"
                          VPOS="1200"
                          HPOS="952"
                          CONTENT="cognitum,"/>
                  <SP HEIGHT="38" WIDTH="12" VPOS="1200" HPOS="1105"/>
                  <String HEIGHT="38"
                          WIDTH="70"
                          VPOS="1200"
                          HPOS="1058"
                          CONTENT="quia"/>
               </TextLine>
               <TextLine ID="r1l85"
                         BASELINE="1261"
                         HEIGHT="32"
                         WIDTH="478"
                         VPOS="1229"
                         HPOS="649">
                  <String HEIGHT="32"
                          WIDTH="104"
                          VPOS="1229"
                          HPOS="639"
                          CONTENT="potest"/>
                  <SP HEIGHT="32" WIDTH="10" VPOS="1229" HPOS="743"/>
                  <String HEIGHT="32"
                          WIDTH="114"
                          VPOS="1229"
                          HPOS="711"
                          CONTENT="probari"/>
                  <SP HEIGHT="32" WIDTH="10" VPOS="1229" HPOS="826"/>
                  <String HEIGHT="32" WIDTH="73" VPOS="1229" HPOS="794" CONTENT="per"/>
                  <SP HEIGHT="32" WIDTH="10" VPOS="1229" HPOS="867"/>
                  <String HEIGHT="32"
                          WIDTH="104"
                          VPOS="1229"
                          HPOS="836"
                          CONTENT="aliud,"/>
                  <SP HEIGHT="32" WIDTH="10" VPOS="1229" HPOS="940"/>
                  <String HEIGHT="32" WIDTH="62" VPOS="1229" HPOS="909" CONTENT="vt"/>
                  <SP HEIGHT="32" WIDTH="10" VPOS="1229" HPOS="971"/>
                  <String HEIGHT="32"
                          WIDTH="94"
                          VPOS="1229"
                          HPOS="940"
                          CONTENT="patet"/>
                  <SP HEIGHT="32" WIDTH="10" VPOS="1229" HPOS="1033"/>
                  <String HEIGHT="32" WIDTH="62" VPOS="1229" HPOS="1002" CONTENT="in"/>
                  <SP HEIGHT="32" WIDTH="10" VPOS="1229" HPOS="1065"/>
                  <String HEIGHT="32"
                          WIDTH="104"
                          VPOS="1229"
                          HPOS="1023"
                          CONTENT="scientia"/>
               </TextLine>
               <TextLine ID="r1l88"
                         BASELINE="1300"
                         HEIGHT="38"
                         WIDTH="485"
                         VPOS="1262"
                         HPOS="640">
                  <String HEIGHT="38"
                          WIDTH="169"
                          VPOS="1262"
                          HPOS="629"
                          CONTENT="subalterna,"/>
                  <SP HEIGHT="38" WIDTH="11" VPOS="1262" HPOS="798"/>
                  <String HEIGHT="38" WIDTH="56" VPOS="1262" HPOS="764" CONTENT="&amp;"/>
                  <SP HEIGHT="38" WIDTH="11" VPOS="1262" HPOS="820"/>
                  <String HEIGHT="38"
                          WIDTH="90"
                          VPOS="1262"
                          HPOS="787"
                          CONTENT="tunc"/>
                  <SP HEIGHT="38" WIDTH="11" VPOS="1262" HPOS="877"/>
                  <String HEIGHT="38"
                          WIDTH="113"
                          VPOS="1262"
                          HPOS="843"
                          CONTENT="essent"/>
                  <SP HEIGHT="38" WIDTH="11" VPOS="1262" HPOS="956"/>
                  <String HEIGHT="38"
                          WIDTH="102"
                          VPOS="1262"
                          HPOS="922"
                          CONTENT="plura"/>
                  <SP HEIGHT="38" WIDTH="11" VPOS="1262" HPOS="1023"/>
                  <String HEIGHT="38"
                          WIDTH="102"
                          VPOS="1262"
                          HPOS="990"
                          CONTENT="primo"/>
                  <SP HEIGHT="38" WIDTH="11" VPOS="1262" HPOS="1091"/>
                  <String HEIGHT="38"
                          WIDTH="79"
                          VPOS="1262"
                          HPOS="1046"
                          CONTENT="cogni"/>
               </TextLine>
               <TextLine ID="r1l91"
                         BASELINE="1321"
                         HEIGHT="32"
                         WIDTH="477"
                         VPOS="1289"
                         HPOS="642">
                  <String HEIGHT="32" WIDTH="78" VPOS="1289" HPOS="631" CONTENT="ta;"/>
                  <SP HEIGHT="32" WIDTH="11" VPOS="1289" HPOS="709"/>
                  <String HEIGHT="32" WIDTH="67" VPOS="1289" HPOS="675" CONTENT="ad"/>
                  <SP HEIGHT="32" WIDTH="11" VPOS="1289" HPOS="742"/>
                  <String HEIGHT="32"
                          WIDTH="166"
                          VPOS="1289"
                          HPOS="709"
                          CONTENT="probationem"/>
                  <SP HEIGHT="32" WIDTH="11" VPOS="1289" HPOS="875"/>
                  <String HEIGHT="32" WIDTH="78" VPOS="1289" HPOS="842" CONTENT="cum"/>
                  <SP HEIGHT="32" WIDTH="11" VPOS="1289" HPOS="919"/>
                  <String HEIGHT="32"
                          WIDTH="133"
                          VPOS="1289"
                          HPOS="886"
                          CONTENT="dicitur,"/>
                  <SP HEIGHT="32" WIDTH="11" VPOS="1289" HPOS="1019"/>
                  <String HEIGHT="32" WIDTH="78" VPOS="1289" HPOS="986" CONTENT="per"/>
                  <SP HEIGHT="32" WIDTH="11" VPOS="1289" HPOS="1064"/>
                  <String HEIGHT="32" WIDTH="67" VPOS="1289" HPOS="1030" CONTENT="se"/>
                  <SP HEIGHT="32" WIDTH="11" VPOS="1289" HPOS="1097"/>
                  <String HEIGHT="32"
                          WIDTH="67"
                          VPOS="1289"
                          HPOS="1052"
                          CONTENT="notu"/>
               </TextLine>
               <TextLine ID="r1l95"
                         BASELINE="1359"
                         HEIGHT="35"
                         WIDTH="491"
                         VPOS="1324"
                         HPOS="641">
                  <String HEIGHT="35" WIDTH="80" VPOS="1324" HPOS="630" CONTENT="non"/>
                  <SP HEIGHT="35" WIDTH="11" VPOS="1324" HPOS="710"/>
                  <String HEIGHT="35"
                          WIDTH="148"
                          VPOS="1324"
                          HPOS="675"
                          CONTENT="probatur,"/>
                  <SP HEIGHT="35" WIDTH="11" VPOS="1324" HPOS="824"/>
                  <String HEIGHT="35"
                          WIDTH="103"
                          VPOS="1324"
                          HPOS="789"
                          CONTENT="dico,"/>
                  <SP HEIGHT="35" WIDTH="11" VPOS="1324" HPOS="892"/>
                  <String HEIGHT="35"
                          WIDTH="91"
                          VPOS="1324"
                          HPOS="858"
                          CONTENT="quod"/>
                  <SP HEIGHT="35" WIDTH="11" VPOS="1324" HPOS="949"/>
                  <String HEIGHT="35"
                          WIDTH="137"
                          VPOS="1324"
                          HPOS="915"
                          CONTENT="supponit"/>
                  <SP HEIGHT="35" WIDTH="11" VPOS="1324" HPOS="1052"/>
                  <String HEIGHT="35"
                          WIDTH="137"
                          VPOS="1324"
                          HPOS="1018"
                          CONTENT="notitiam"/>
                  <SP HEIGHT="35" WIDTH="11" VPOS="1324" HPOS="1155"/>
                  <String HEIGHT="35" WIDTH="23" VPOS="1324" HPOS="1109" CONTENT=""/>
               </TextLine>
               <TextLine ID="r1l98"
                         BASELINE="1381"
                         HEIGHT="32"
                         WIDTH="482"
                         VPOS="1349"
                         HPOS="643">
                  <String HEIGHT="32"
                          WIDTH="176"
                          VPOS="1349"
                          HPOS="631"
                          CONTENT="terminorum,"/>
                  <SP HEIGHT="32" WIDTH="12" VPOS="1349" HPOS="808"/>
                  <String HEIGHT="32" WIDTH="59" VPOS="1349" HPOS="772" CONTENT="&amp;"/>
                  <SP HEIGHT="32" WIDTH="12" VPOS="1349" HPOS="831"/>
                  <String HEIGHT="32"
                          WIDTH="141"
                          VPOS="1349"
                          HPOS="796"
                          CONTENT="excludit"/>
                  <SP HEIGHT="32" WIDTH="12" VPOS="1349" HPOS="937"/>
                  <String HEIGHT="32"
                          WIDTH="212"
                          VPOS="1349"
                          HPOS="902"
                          CONTENT="propositionem,"/>
                  <SP HEIGHT="32" WIDTH="12" VPOS="1349" HPOS="1113"/>
                  <String HEIGHT="32"
                          WIDTH="59"
                          VPOS="1349"
                          HPOS="1066"
                          CONTENT="tan"/>
               </TextLine>
               <TextLine ID="r1l101"
                         BASELINE="1419"
                         HEIGHT="42"
                         WIDTH="474"
                         VPOS="1377"
                         HPOS="649">
                  <String HEIGHT="42"
                          WIDTH="84"
                          VPOS="1377"
                          HPOS="638"
                          CONTENT="quam"/>
                  <SP HEIGHT="42" WIDTH="11" VPOS="1377" HPOS="723"/>
                  <String HEIGHT="42"
                          WIDTH="116"
                          VPOS="1377"
                          HPOS="691"
                          CONTENT="medium;"/>
                  <SP HEIGHT="42" WIDTH="11" VPOS="1377" HPOS="807"/>
                  <String HEIGHT="42"
                          WIDTH="126"
                          VPOS="1377"
                          HPOS="775"
                          CONTENT="Accedit,"/>
                  <SP HEIGHT="42" WIDTH="11" VPOS="1377" HPOS="902"/>
                  <String HEIGHT="42"
                          WIDTH="95"
                          VPOS="1377"
                          HPOS="870"
                          CONTENT="quod,"/>
                  <SP HEIGHT="42" WIDTH="11" VPOS="1377" HPOS="965"/>
                  <String HEIGHT="42"
                          WIDTH="84"
                          VPOS="1377"
                          HPOS="933"
                          CONTENT="Deum"/>
                  <SP HEIGHT="42" WIDTH="11" VPOS="1377" HPOS="1018"/>
                  <String HEIGHT="42"
                          WIDTH="84"
                          VPOS="1377"
                          HPOS="986"
                          CONTENT="esse"/>
                  <SP HEIGHT="42" WIDTH="11" VPOS="1377" HPOS="1070"/>
                  <String HEIGHT="42"
                          WIDTH="95"
                          VPOS="1377"
                          HPOS="1028"
                          CONTENT="estiper"/>
               </TextLine>
               <TextLine ID="r1l104"
                         BASELINE="1438"
                         HEIGHT="29"
                         WIDTH="480"
                         VPOS="1409"
                         HPOS="643">
                  <String HEIGHT="29" WIDTH="69" VPOS="1409" HPOS="632" CONTENT="se"/>
                  <SP HEIGHT="29" WIDTH="11" VPOS="1409" HPOS="700"/>
                  <String HEIGHT="29"
                          WIDTH="103"
                          VPOS="1409"
                          HPOS="666"
                          CONTENT="notum"/>
                  <SP HEIGHT="29" WIDTH="11" VPOS="1409" HPOS="769"/>
                  <String HEIGHT="29"
                          WIDTH="183"
                          VPOS="1409"
                          HPOS="734"
                          CONTENT="sapientibus,"/>
                  <SP HEIGHT="29" WIDTH="11" VPOS="1409" HPOS="917"/>
                  <String HEIGHT="29" WIDTH="80" VPOS="1409" HPOS="883" CONTENT="non"/>
                  <SP HEIGHT="29" WIDTH="11" VPOS="1409" HPOS="963"/>
                  <String HEIGHT="29"
                          WIDTH="137"
                          VPOS="1409"
                          HPOS="929"
                          CONTENT="omnibus,"/>
                  <SP HEIGHT="29" WIDTH="11" VPOS="1409" HPOS="1066"/>
                  <String HEIGHT="29" WIDTH="57" VPOS="1409" HPOS="1032" CONTENT="&amp;"/>
                  <SP HEIGHT="29" WIDTH="11" VPOS="1409" HPOS="1089"/>
                  <String HEIGHT="29" WIDTH="69" VPOS="1409" HPOS="1054" CONTENT="ad"/>
                  <SP HEIGHT="29" WIDTH="11" VPOS="1409" HPOS="1123"/>
                  <String HEIGHT="29" WIDTH="46" VPOS="1409" HPOS="1077" CONTENT="Da"/>
               </TextLine>
               <TextLine ID="r1l106"
                         BASELINE="1472"
                         HEIGHT="37"
                         WIDTH="480"
                         VPOS="1435"
                         HPOS="646">
                  <String HEIGHT="37" WIDTH="73" VPOS="1435" HPOS="636" CONTENT="mas"/>
                  <SP HEIGHT="37" WIDTH="10" VPOS="1435" HPOS="709"/>
                  <String HEIGHT="37"
                          WIDTH="94"
                          VPOS="1435"
                          HPOS="677"
                          CONTENT="dico,"/>
                  <SP HEIGHT="37" WIDTH="10" VPOS="1435" HPOS="771"/>
                  <String HEIGHT="37"
                          WIDTH="157"
                          VPOS="1435"
                          HPOS="740"
                          CONTENT="intelligere"/>
                  <SP HEIGHT="37" WIDTH="10" VPOS="1435" HPOS="896"/>
                  <String HEIGHT="37" WIDTH="63" VPOS="1435" HPOS="865" CONTENT="de"/>
                  <SP HEIGHT="37" WIDTH="10" VPOS="1435" HPOS="928"/>
                  <String HEIGHT="37"
                          WIDTH="125"
                          VPOS="1435"
                          HPOS="896"
                          CONTENT="naturali"/>
                  <SP HEIGHT="37" WIDTH="10" VPOS="1435" HPOS="1022"/>
                  <String HEIGHT="37"
                          WIDTH="157"
                          VPOS="1435"
                          HPOS="990"
                          CONTENT="inclinatio"/>
                  <SP HEIGHT="37" WIDTH="10" VPOS="1435" HPOS="1147"/>
                  <String HEIGHT="37" WIDTH="21" VPOS="1435" HPOS="1105" CONTENT=""/>
               </TextLine>
               <TextLine ID="r1l108"
                         BASELINE="1504"
                         HEIGHT="33"
                         WIDTH="436"
                         VPOS="1471"
                         HPOS="646">
                  <String HEIGHT="33" WIDTH="80" VPOS="1471" HPOS="635" CONTENT="ne,"/>
                  <SP HEIGHT="33" WIDTH="11" VPOS="1471" HPOS="715"/>
                  <String HEIGHT="33" WIDTH="80" VPOS="1471" HPOS="680" CONTENT="non"/>
                  <SP HEIGHT="33" WIDTH="11" VPOS="1471" HPOS="761"/>
                  <String HEIGHT="33"
                          WIDTH="103"
                          VPOS="1471"
                          HPOS="726"
                          CONTENT="autem"/>
                  <SP HEIGHT="33" WIDTH="11" VPOS="1471" HPOS="830"/>
                  <String HEIGHT="33" WIDTH="69" VPOS="1471" HPOS="795" CONTENT="de"/>
                  <SP HEIGHT="33" WIDTH="11" VPOS="1471" HPOS="864"/>
                  <String HEIGHT="33"
                          WIDTH="126"
                          VPOS="1471"
                          HPOS="830"
                          CONTENT="actuali"/>
                  <SP HEIGHT="33" WIDTH="11" VPOS="1471" HPOS="956"/>
                  <String HEIGHT="33"
                          WIDTH="172"
                          VPOS="1471"
                          HPOS="910"
                          CONTENT="consecutione."/>
               </TextLine>
               <TextLine ID="r1l110"
                         BASELINE="1531"
                         HEIGHT="36"
                         WIDTH="456"
                         VPOS="1495"
                         HPOS="675">
                  <String HEIGHT="36" WIDTH="72" VPOS="1495" HPOS="663" CONTENT="Ad"/>
                  <SP HEIGHT="36" WIDTH="12" VPOS="1495" HPOS="735"/>
                  <String HEIGHT="36"
                          WIDTH="132"
                          VPOS="1495"
                          HPOS="699"
                          CONTENT="quartam"/>
                  <SP HEIGHT="36" WIDTH="12" VPOS="1495" HPOS="831"/>
                  <String HEIGHT="36"
                          WIDTH="108"
                          VPOS="1495"
                          HPOS="795"
                          CONTENT="dico,"/>
                  <SP HEIGHT="36" WIDTH="12" VPOS="1495" HPOS="903"/>
                  <String HEIGHT="36"
                          WIDTH="96"
                          VPOS="1495"
                          HPOS="867"
                          CONTENT="Deum"/>
                  <SP HEIGHT="36" WIDTH="12" VPOS="1495" HPOS="963"/>
                  <String HEIGHT="36"
                          WIDTH="96"
                          VPOS="1495"
                          HPOS="927"
                          CONTENT="esse"/>
                  <SP HEIGHT="36" WIDTH="12" VPOS="1495" HPOS="1023"/>
                  <String HEIGHT="36"
                          WIDTH="108"
                          VPOS="1495"
                          HPOS="987"
                          CONTENT="posse"/>
                  <SP HEIGHT="36" WIDTH="12" VPOS="1495" HPOS="1095"/>
                  <String HEIGHT="36"
                          WIDTH="84"
                          VPOS="1495"
                          HPOS="1047"
                          CONTENT="demon"/>
               </TextLine>
               <TextLine ID="r1l112"
                         BASELINE="1558"
                         HEIGHT="38"
                         WIDTH="480"
                         VPOS="1520"
                         HPOS="646">
                  <String HEIGHT="38"
                          WIDTH="102"
                          VPOS="1520"
                          HPOS="636"
                          CONTENT="strari"/>
                  <SP HEIGHT="38" WIDTH="10" VPOS="1520" HPOS="738"/>
                  <String HEIGHT="38"
                          WIDTH="82"
                          VPOS="1520"
                          HPOS="707"
                          CONTENT="stat"/>
                  <SP HEIGHT="38" WIDTH="10" VPOS="1520" HPOS="789"/>
                  <String HEIGHT="38"
                          WIDTH="153"
                          VPOS="1520"
                          HPOS="758"
                          CONTENT="dupliciter,"/>
                  <SP HEIGHT="38" WIDTH="10" VPOS="1520" HPOS="912"/>
                  <String HEIGHT="38" WIDTH="71" VPOS="1520" HPOS="881" CONTENT="vel"/>
                  <SP HEIGHT="38" WIDTH="10" VPOS="1520" HPOS="952"/>
                  <String HEIGHT="38"
                          WIDTH="184"
                          VPOS="1520"
                          HPOS="922"
                          CONTENT="demonstratione"/>
                  <SP HEIGHT="38" WIDTH="10" VPOS="1520" HPOS="1106"/>
                  <String HEIGHT="38"
                          WIDTH="61"
                          VPOS="1520"
                          HPOS="1065"
                          CONTENT="dire"/>
               </TextLine>
               <TextLine ID="r1l114"
                         BASELINE="1595"
                         HEIGHT="40"
                         WIDTH="487"
                         VPOS="1555"
                         HPOS="647">
                  <String HEIGHT="40"
                          WIDTH="87"
                          VPOS="1555"
                          HPOS="636"
                          CONTENT="cta,"/>
                  <SP HEIGHT="40" WIDTH="11" VPOS="1555" HPOS="723"/>
                  <String HEIGHT="40"
                          WIDTH="87"
                          VPOS="1555"
                          HPOS="690"
                          CONTENT="quae"/>
                  <SP HEIGHT="40" WIDTH="11" VPOS="1555" HPOS="777"/>
                  <String HEIGHT="40"
                          WIDTH="97"
                          VPOS="1555"
                          HPOS="744"
                          CONTENT="cadat"/>
                  <SP HEIGHT="40" WIDTH="11" VPOS="1555" HPOS="842"/>
                  <String HEIGHT="40"
                          WIDTH="97"
                          VPOS="1555"
                          HPOS="809"
                          CONTENT="super"/>
                  <SP HEIGHT="40" WIDTH="11" VPOS="1555" HPOS="907"/>
                  <String HEIGHT="40"
                          WIDTH="87"
                          VPOS="1555"
                          HPOS="874"
                          CONTENT="eius"/>
                  <SP HEIGHT="40" WIDTH="11" VPOS="1555" HPOS="961"/>
                  <String HEIGHT="40"
                          WIDTH="173"
                          VPOS="1555"
                          HPOS="928"
                          CONTENT="quidditatem,"/>
                  <SP HEIGHT="40" WIDTH="11" VPOS="1555" HPOS="1102"/>
                  <String HEIGHT="40" WIDTH="54" VPOS="1555" HPOS="1069" CONTENT="&amp;"/>
                  <SP HEIGHT="40" WIDTH="11" VPOS="1555" HPOS="1123"/>
                  <String HEIGHT="40"
                          WIDTH="54"
                          VPOS="1555"
                          HPOS="1080"
                          CONTENT="sub"/>
               </TextLine>
               <TextLine ID="r1l116"
                         BASELINE="1616"
                         HEIGHT="31"
                         WIDTH="475"
                         VPOS="1585"
                         HPOS="650">
                  <String HEIGHT="31"
                          WIDTH="140"
                          VPOS="1585"
                          HPOS="639"
                          CONTENT="stantiam,"/>
                  <SP HEIGHT="31" WIDTH="11" VPOS="1585" HPOS="780"/>
                  <String HEIGHT="31" WIDTH="54" VPOS="1585" HPOS="747" CONTENT="&amp;"/>
                  <SP HEIGHT="31" WIDTH="11" VPOS="1585" HPOS="801"/>
                  <String HEIGHT="31" WIDTH="76" VPOS="1585" HPOS="769" CONTENT="hoc"/>
                  <SP HEIGHT="31" WIDTH="11" VPOS="1585" HPOS="844"/>
                  <String HEIGHT="31"
                          WIDTH="86"
                          VPOS="1585"
                          HPOS="812"
                          CONTENT="nons"/>
                  <SP HEIGHT="31" WIDTH="11" VPOS="1585" HPOS="898"/>
                  <String HEIGHT="31" WIDTH="76" VPOS="1585" HPOS="866" CONTENT="vel"/>
                  <SP HEIGHT="31" WIDTH="11" VPOS="1585" HPOS="941"/>
                  <String HEIGHT="31"
                          WIDTH="151"
                          VPOS="1585"
                          HPOS="909"
                          CONTENT="indirecte,"/>
                  <SP HEIGHT="31" WIDTH="11" VPOS="1585" HPOS="1060"/>
                  <String HEIGHT="31"
                          WIDTH="108"
                          VPOS="1585"
                          HPOS="1017"
                          CONTENT="explican"/>
               </TextLine>
               <TextLine ID="r1l118"
                         BASELINE="1652"
                         HEIGHT="39"
                         WIDTH="478"
                         VPOS="1613"
                         HPOS="648">
                  <String HEIGHT="39" WIDTH="70" VPOS="1613" HPOS="636" CONTENT="do"/>
                  <SP HEIGHT="39" WIDTH="12" VPOS="1613" HPOS="706"/>
                  <String HEIGHT="39"
                          WIDTH="93"
                          VPOS="1613"
                          HPOS="671"
                          CONTENT="quid"/>
                  <SP HEIGHT="39" WIDTH="12" VPOS="1613" HPOS="765"/>
                  <String HEIGHT="39"
                          WIDTH="128"
                          VPOS="1613"
                          HPOS="730"
                          CONTENT="importe"/>
                  <SP HEIGHT="39" WIDTH="12" VPOS="1613" HPOS="858"/>
                  <String HEIGHT="39" WIDTH="70" VPOS="1613" HPOS="823" CONTENT="ur"/>
                  <SP HEIGHT="39" WIDTH="12" VPOS="1613" HPOS="893"/>
                  <String HEIGHT="39" WIDTH="82" VPOS="1613" HPOS="858" CONTENT="per"/>
                  <SP HEIGHT="39" WIDTH="12" VPOS="1613" HPOS="939"/>
                  <String HEIGHT="39" WIDTH="82" VPOS="1613" HPOS="904" CONTENT="hoc"/>
                  <SP HEIGHT="39" WIDTH="12" VPOS="1613" HPOS="986"/>
                  <String HEIGHT="39"
                          WIDTH="105"
                          VPOS="1613"
                          HPOS="951"
                          CONTENT="nomen"/>
                  <SP HEIGHT="39" WIDTH="12" VPOS="1613" HPOS="1056"/>
                  <String HEIGHT="39"
                          WIDTH="105"
                          VPOS="1613"
                          HPOS="1021"
                          CONTENT="Deus;"/>
                  <SP HEIGHT="39" WIDTH="12" VPOS="1613" HPOS="1126"/>
                  <String HEIGHT="39" WIDTH="58" VPOS="1613" HPOS="1091" CONTENT="&amp;"/>
                  <SP HEIGHT="39" WIDTH="12" VPOS="1613" HPOS="1149"/>
                  <String HEIGHT="39" WIDTH="23" VPOS="1613" HPOS="1103" CONTENT=""/>
               </TextLine>
               <TextLine ID="r1l120"
                         BASELINE="1689"
                         HEIGHT="44"
                         WIDTH="478"
                         VPOS="1645"
                         HPOS="650">
                  <String HEIGHT="44" WIDTH="86" VPOS="1645" HPOS="638" CONTENT="hoc"/>
                  <SP HEIGHT="44" WIDTH="12" VPOS="1645" HPOS="724"/>
                  <String HEIGHT="44"
                          WIDTH="98"
                          VPOS="1645"
                          HPOS="687"
                          CONTENT="medo"/>
                  <SP HEIGHT="44" WIDTH="12" VPOS="1645" HPOS="785"/>
                  <String HEIGHT="44"
                          WIDTH="147"
                          VPOS="1645"
                          HPOS="748"
                          CONTENT="concedo;"/>
                  <SP HEIGHT="44" WIDTH="12" VPOS="1645" HPOS="895"/>
                  <String HEIGHT="44" WIDTH="86" VPOS="1645" HPOS="858" CONTENT="non"/>
                  <SP HEIGHT="44" WIDTH="12" VPOS="1645" HPOS="944"/>
                  <String HEIGHT="44"
                          WIDTH="196"
                          VPOS="1645"
                          HPOS="907"
                          CONTENT="demonstratur"/>
                  <SP HEIGHT="44" WIDTH="12" VPOS="1645" HPOS="1103"/>
                  <String HEIGHT="44"
                          WIDTH="74"
                          VPOS="1645"
                          HPOS="1054"
                          CONTENT="ergo"/>
               </TextLine>
               <TextLine ID="r1l122"
                         BASELINE="1706"
                         HEIGHT="34"
                         WIDTH="475"
                         VPOS="1672"
                         HPOS="654">
                  <String HEIGHT="34"
                          WIDTH="158"
                          VPOS="1672"
                          HPOS="643"
                          CONTENT="substantia"/>
                  <SP HEIGHT="34" WIDTH="11" VPOS="1672" HPOS="801"/>
                  <String HEIGHT="34"
                          WIDTH="90"
                          VPOS="1672"
                          HPOS="767"
                          CONTENT="Dei,"/>
                  <SP HEIGHT="34" WIDTH="11" VPOS="1672" HPOS="858"/>
                  <String HEIGHT="34"
                          WIDTH="90"
                          VPOS="1672"
                          HPOS="824"
                          CONTENT="quia"/>
                  <SP HEIGHT="34" WIDTH="11" VPOS="1672" HPOS="914"/>
                  <String HEIGHT="34"
                          WIDTH="158"
                          VPOS="1672"
                          HPOS="880"
                          CONTENT="substantia"/>
                  <SP HEIGHT="34" WIDTH="11" VPOS="1672" HPOS="1039"/>
                  <String HEIGHT="34"
                          WIDTH="79"
                          VPOS="1672"
                          HPOS="1005"
                          CONTENT="non"/>
                  <SP HEIGHT="34" WIDTH="11" VPOS="1672" HPOS="1084"/>
                  <String HEIGHT="34"
                          WIDTH="90"
                          VPOS="1672"
                          HPOS="1039"
                          CONTENT="demon"
                          SUBS_TYPE="HypPart1"
                          SUBS_CONTENT="demonstratur,"/>
                  <HYP CONTENT="-"/>
               </TextLine>
               <TextLine ID="r1l125"
                         BASELINE="1746"
                         HEIGHT="41"
                         WIDTH="484"
                         VPOS="1705"
                         HPOS="646">
                  <String HEIGHT="41"
                          WIDTH="132"
                          VPOS="1705"
                          HPOS="635"
                          CONTENT="stratur,"
                          SUBS_TYPE="HypPart2"
                          SUBS_CONTENT="demonstratur,"/>
                  <SP HEIGHT="41" WIDTH="11" VPOS="1705" HPOS="767"/>
                  <String HEIGHT="41" WIDTH="66" VPOS="1705" HPOS="734" CONTENT="vt"/>
                  <SP HEIGHT="41" WIDTH="11" VPOS="1705" HPOS="800"/>
                  <String HEIGHT="41"
                          WIDTH="110"
                          VPOS="1705"
                          HPOS="767"
                          CONTENT="inquit"/>
                  <SP HEIGHT="41" WIDTH="11" VPOS="1705" HPOS="877"/>
                  <String HEIGHT="41"
                          WIDTH="99"
                          VPOS="1705"
                          HPOS="844"
                          CONTENT="Arist"/>
                  <SP HEIGHT="41" WIDTH="11" VPOS="1705" HPOS="943"/>
                  <String HEIGHT="41" WIDTH="77" VPOS="1705" HPOS="910" CONTENT="sed"/>
                  <SP HEIGHT="41" WIDTH="11" VPOS="1705" HPOS="987"/>
                  <String HEIGHT="41"
                          WIDTH="176"
                          VPOS="1705"
                          HPOS="954"
                          CONTENT="demonstratur"/>
                  <SP HEIGHT="41" WIDTH="11" VPOS="1705" HPOS="1130"/>
                  <String HEIGHT="41" WIDTH="44" VPOS="1705" HPOS="1086" CONTENT="ex"/>
               </TextLine>
               <TextLine ID="r1l129"
                         BASELINE="1767"
                         HEIGHT="36"
                         WIDTH="465"
                         VPOS="1731"
                         HPOS="657">
                  <String HEIGHT="36" WIDTH="81" VPOS="1731" HPOS="645" CONTENT="nis"/>
                  <SP HEIGHT="36" WIDTH="12" VPOS="1731" HPOS="727"/>
                  <String HEIGHT="36"
                          WIDTH="198"
                          VPOS="1731"
                          HPOS="692"
                          CONTENT="inferioribus,"/>
                  <SP HEIGHT="36" WIDTH="12" VPOS="1731" HPOS="890"/>
                  <String HEIGHT="36" WIDTH="70" VPOS="1731" HPOS="855" CONTENT="vt"/>
                  <SP HEIGHT="36" WIDTH="12" VPOS="1731" HPOS="924"/>
                  <String HEIGHT="36" WIDTH="70" VPOS="1731" HPOS="890" CONTENT="ex"/>
                  <SP HEIGHT="36" WIDTH="12" VPOS="1731" HPOS="959"/>
                  <String HEIGHT="36"
                          WIDTH="116"
                          VPOS="1731"
                          HPOS="924"
                          CONTENT="ordine"/>
                  <SP HEIGHT="36" WIDTH="12" VPOS="1731" HPOS="1041"/>
                  <String HEIGHT="36"
                          WIDTH="128"
                          VPOS="1731"
                          HPOS="994"
                          CONTENT="mouentium"/>
               </TextLine>
               <TextLine ID="r1l132"
                         BASELINE="1800"
                         HEIGHT="33"
                         WIDTH="474"
                         VPOS="1767"
                         HPOS="656">
                  <String HEIGHT="33"
                          WIDTH="92"
                          VPOS="1767"
                          HPOS="644"
                          CONTENT="quid"/>
                  <SP HEIGHT="33" WIDTH="12" VPOS="1767" HPOS="737"/>
                  <String HEIGHT="33"
                          WIDTH="162"
                          VPOS="1767"
                          HPOS="702"
                          CONTENT="significet"/>
                  <SP HEIGHT="33" WIDTH="12" VPOS="1767" HPOS="864"/>
                  <String HEIGHT="33" WIDTH="81" VPOS="1767" HPOS="829" CONTENT="hoc"/>
                  <SP HEIGHT="33" WIDTH="12" VPOS="1767" HPOS="910"/>
                  <String HEIGHT="33"
                          WIDTH="104"
                          VPOS="1767"
                          HPOS="876"
                          CONTENT="nomen"/>
                  <SP HEIGHT="33" WIDTH="12" VPOS="1767" HPOS="980"/>
                  <String HEIGHT="33"
                          WIDTH="104"
                          VPOS="1767"
                          HPOS="945"
                          CONTENT="Deus,"/>
                  <SP HEIGHT="33" WIDTH="12" VPOS="1767" HPOS="1049"/>
                  <String HEIGHT="33" WIDTH="58" VPOS="1767" HPOS="1014" CONTENT="&amp;"/>
                  <SP HEIGHT="33" WIDTH="12" VPOS="1767" HPOS="1072"/>
                  <String HEIGHT="33"
                          WIDTH="81"
                          VPOS="1767"
                          HPOS="1038"
                          CONTENT="hoc"/>
                  <SP HEIGHT="33" WIDTH="12" VPOS="1767" HPOS="1118"/>
                  <String HEIGHT="33"
                          WIDTH="58"
                          VPOS="1767"
                          HPOS="1072"
                          CONTENT="non"/>
               </TextLine>
               <TextLine ID="r1l135"
                         BASELINE="1835"
                         HEIGHT="41"
                         WIDTH="479"
                         VPOS="1794"
                         HPOS="654">
                  <String HEIGHT="41"
                          WIDTH="131"
                          VPOS="1794"
                          HPOS="643"
                          CONTENT="repugnat"/>
                  <SP HEIGHT="41" WIDTH="11" VPOS="1794" HPOS="774"/>
                  <String HEIGHT="41" WIDTH="76" VPOS="1794" HPOS="741" CONTENT="per"/>
                  <SP HEIGHT="41" WIDTH="11" VPOS="1794" HPOS="817"/>
                  <String HEIGHT="41" WIDTH="65" VPOS="1794" HPOS="785" CONTENT="se"/>
                  <SP HEIGHT="41" WIDTH="11" VPOS="1794" HPOS="850"/>
                  <String HEIGHT="41"
                          WIDTH="98"
                          VPOS="1794"
                          HPOS="817"
                          CONTENT="noto,"/>
                  <SP HEIGHT="41" WIDTH="11" VPOS="1794" HPOS="915"/>
                  <String HEIGHT="41" WIDTH="65" VPOS="1794" HPOS="883" CONTENT="vt"/>
                  <SP HEIGHT="41" WIDTH="11" VPOS="1794" HPOS="948"/>
                  <String HEIGHT="41"
                          WIDTH="98"
                          VPOS="1794"
                          HPOS="915"
                          CONTENT="patet"/>
                  <SP HEIGHT="41" WIDTH="11" VPOS="1794" HPOS="1013"/>
                  <String HEIGHT="41" WIDTH="65" VPOS="1794" HPOS="981" CONTENT="de"/>
                  <SP HEIGHT="41" WIDTH="11" VPOS="1794" HPOS="1046"/>
                  <String HEIGHT="41"
                          WIDTH="76"
                          VPOS="1794"
                          HPOS="1013"
                          CONTENT="per"/>
                  <SP HEIGHT="41" WIDTH="11" VPOS="1794" HPOS="1089"/>
                  <String HEIGHT="41" WIDTH="65" VPOS="1794" HPOS="1057" CONTENT="se"/>
                  <SP HEIGHT="41" WIDTH="11" VPOS="1794" HPOS="1122"/>
                  <String HEIGHT="41"
                          WIDTH="54"
                          VPOS="1794"
                          HPOS="1079"
                          CONTENT="no"
                          SUBS_TYPE="HypPart1"
                          SUBS_CONTENT="notis"/>
                  <HYP CONTENT="-"/>
               </TextLine>
               <TextLine ID="r1l137"
                         BASELINE="1868"
                         HEIGHT="44"
                         WIDTH="473"
                         VPOS="1824"
                         HPOS="658">
                  <String HEIGHT="44"
                          WIDTH="72"
                          VPOS="1824"
                          HPOS="648"
                          CONTENT="tis"
                          SUBS_TYPE="HypPart2"
                          SUBS_CONTENT="notis"/>
                  <SP HEIGHT="44" WIDTH="10" VPOS="1824" HPOS="720"/>
                  <String HEIGHT="44"
                          WIDTH="185"
                          VPOS="1824"
                          HPOS="689"
                          CONTENT="propositonibus"/>
                  <SP HEIGHT="44" WIDTH="10" VPOS="1824" HPOS="874"/>
                  <String HEIGHT="44"
                          WIDTH="134"
                          VPOS="1824"
                          HPOS="843"
                          CONTENT="scientiae"/>
                  <SP HEIGHT="44" WIDTH="10" VPOS="1824" HPOS="977"/>
                  <String HEIGHT="44"
                          WIDTH="165"
                          VPOS="1824"
                          HPOS="946"
                          CONTENT="subalternae,"/>
                  <SP HEIGHT="44" WIDTH="10" VPOS="1824" HPOS="1110"/>
                  <String HEIGHT="44" WIDTH="51" VPOS="1824" HPOS="1080" CONTENT="&amp;"/>
                  <SP HEIGHT="44" WIDTH="10" VPOS="1824" HPOS="1131"/>
                  <String HEIGHT="44" WIDTH="41" VPOS="1824" HPOS="1090" CONTENT="et"/>
               </TextLine>
            </TextBlock>
         </PrintSpace>
      </Page>
   </Layout>
</alto>
