1500 2367
199 161 80 55 in
239 161 93 55 per
292 161 80 55 se
332 161 120 55 notis
412 161 80 55 ex
452 161 146 55 notitia
558 161 200 55 terminorum,
704 161 67 55 nam

199 209 166 38 secundum
324 209 180 38 AEgidium,
462 209 111 38 quod
531 209 97 38 est
586 209 97 38 per
642 209 83 38 se
669 209 97 38 notum

199 245 114 38 solum
275 245 202 38 sapientibus,
439 245 88 38 non
490 245 114 38 habet
566 245 152 38 rationes
667 245 101 38 termi-

199 282 116 42 norum
277 282 116 42 notas
354 282 168 42 cuilibet,
484 282 65 42 &
509 282 103 42 ideo
574 282 91 42 non
626 282 91 42 est
665 282 103 42 contra

192 313 166 41 rationem
317 313 125 41 eius,
400 313 111 41 quod
469 313 194 41 declaretur
622 313 152 41 quantum
719 313 55 41 ad

193 347 90 42 id,
245 347 103 42 quod
309 347 180 42 importatur
450 347 90 42 per
502 347 129 42 nomina
592 347 129 42 posita
682 347 77 42 in
708 347 64 42 il-

193 380 76 52 la
231 380 190 52 propositone
384 380 102 52 haec
434 380 102 52 satis.

244 451 332 52 QVESTIO
455 451 242 52 TERTIA

188 515 139 52 Vtrum
280 515 155 52 primum
388 515 185 52 cognitum
528 515 93 52 ab
559 515 185 52 intellectu

186 551 158 54 nostro
297 551 111 54 sit
360 551 174 54 aliquod
471 551 205 54 vniuersale.

172 758 357 54 ARGVITVR
440 758 179 54 AD
500 758 238 54 PARTEM

271 794 291 50 affirmantem.

189 825 170 58 1QPecies
317 825 99 58 est
373 825 156 58 quoddam
487 825 213 58 vniuersale,
657 825 99 58 sed
700 825 71 58 spe

182 861 139 43 Acies
274 861 108 43 est
336 861 154 43 primum
443 861 185 43 cognitum
582 861 92 43 ab
613 861 154 43 intelle-

191 896 94 45 ctu
244 896 147 45 nostro,
351 896 107 45 ergo
418 896 94 45 &c.
472 896 121 45 Maior
553 896 94 45 est
606 896 121 45 nota:
673 896 94 45 Minor

193 929 167 47 probatur,
322 929 116 47 quia,
399 929 90 47 cum
450 929 193 47 intellectus
605 929 129 47 noster
682 929 90 47 cogno

190 968 103 41 scat
254 968 90 41 per
306 968 218 41 abstractionem
486 968 64 41 a
511 968 218 41 singularibus,
678 968 90 41 illud

193 1003 114 41 erit
264 1003 143 41 primum
364 1003 186 41 cognitum,
507 1003 114 41 quod
579 1003 143 41 primo,
679 1003 72 41 &
693 1003 72 41 im-

192 1039 147 43 mediate
299 1039 67 43 a
325 1039 214 43 singularibus
499 1039 94 43 est
553 1039 201 43 abstractum,
700 1039 67 43 hoc

186 1070 112 53 autem
260 1070 87 53 est
310 1070 149 53 species,
422 1070 99 53 quae
484 1070 162 53 immediate
608 1070 75 53 de
646 1070 112 53 ipsis
708 1070 62 53 sin

190 1106 172 49 gularibus
322 1106 212 49 praedicatur,
495 1106 106 49 ergo
548 1106 66 49 &c.

212 1139 73 41 2
242 1139 132 41 Illud
329 1139 102 41 est
388 1139 146 41 primum
490 1139 175 41 cognitum
622 1139 88 41 ab
651 1139 117 41 intel-

180 1173 137 50 lectu,
276 1173 110 50 quod
345 1173 110 50 sibi
413 1173 96 50 est
468 1173 137 50 maxime
550 1173 219 50 proportionatum

183 1214 185 37 vniuersale
328 1214 93 37 est
381 1214 185 37 huiusmodi,
527 1214 106 37 ergo
593 1214 93 37 &c.
646 1214 119 37 Maior
712 1214 53 37 pa

190 1246 105 37 tet,
255 1246 144 37 minorem
360 1246 131 37 probo,
452 1246 105 37 quia
517 1246 79 37 de
557 1246 144 37 ratione
648 1246 118 37 vniuer-

185 1276 108 42 falis
257 1276 84 42 est
305 1276 96 42 esse
365 1276 168 42 abstractum
496 1276 72 42 ab
532 1276 96 42 hic,
592 1276 60 42 &
616 1276 108 42 nunc,
676 1276 84 42 secu-

183 1313 108 40 dum
244 1313 123 40 quem
321 1313 138 40 modum
413 1313 154 40 maxime
521 1313 108 40 est
567 1313 200 40 proportiona

188 1344 86 45 tum
237 1344 197 45 intellectui,
397 1344 86 45 qui
447 1344 86 45 cum
496 1344 86 45 sit
545 1344 210 45 immaterialis,
705 1344 62 45 est

181 1381 122 50 etiam
249 1381 176 50 abstractus.

222 1413 67 46 3
248 1413 94 46 Ens
302 1413 161 46 rationis
423 1413 94 46 est
477 1413 121 46 prius
557 1413 175 46 cognitum,
678 1413 81 46 quam

191 1450 86 42 ens
240 1450 123 42 reale,
326 1450 86 42 sed
375 1450 172 42 vniuersale
511 1450 86 42 est
560 1450 123 42 primum
646 1450 111 42 inter
708 1450 49 42 en

190 1487 87 43 tia
239 1487 161 43 rationis,
363 1487 99 43 ergo
425 1487 186 43 simpliciter
573 1487 87 43 est
623 1487 124 43 primum
697 1487 62 43 co-

181 1514 138 54 gnitum;
282 1514 113 54 Maior
358 1514 164 54 probatur,
483 1514 101 54 quia
546 1514 201 54 intellectus,
697 1514 63 54 vel

183 1553 126 39 nullo
267 1553 112 39 modo
337 1553 182 39 cognoscit
477 1553 112 39 rem,
547 1553 168 39 secundum
659 1553 98 39 illud

187 1595 111 37 esse
256 1595 111 37 quod
325 1595 124 37 habet
408 1595 124 37 extra
491 1595 152 37 animam,
602 1595 97 37 vel
643 1595 111 37 saltem

181 1618 121 53 prius
261 1618 175 53 cognoscit
396 1618 108 53 eam,
464 1618 162 53 secundum
585 1618 108 53 esse
652 1618 108 53 quod
706 1618 54 53 ha

185 1656 90 44 bet
237 1656 77 44 in
275 1656 129 44 anima,
365 1656 103 44 quia
430 1656 103 44 ipsa
494 1656 90 44 non
546 1656 167 44 existente
662 1656 90 44 extra

178 1700 145 36 animam
280 1700 145 36 potest
382 1700 131 36 adhuc
469 1700 102 36 eam
527 1700 218 36 cognoscere,
687 1700 73 36 pro

185 1732 78 39 ut
224 1732 116 39 solum
301 1732 91 39 est
353 1732 78 39 in
392 1732 116 39 anima
470 1732 129 39 (sicut
560 1732 116 39 patet
638 1732 78 39 in
663 1732 91 39 hyeme

179 1758 72 45 de
215 1758 107 45 rosa)
286 1758 84 45 sed
334 1758 84 45 hoc
382 1758 95 45 esse
442 1758 72 45 in
477 1758 107 45 anima
549 1758 84 45 est
597 1758 84 45 ens
633 1758 119 45 rationis

176 1794 192 42 distinctum
327 1794 82 42 ab
368 1794 109 42 ente
436 1794 137 42 reali.
532 1794 151 42 Minorem
642 1794 137 42 probo,

177 1833 107 40 nam,
244 1833 94 40 cum
297 1833 107 40 sint
364 1833 147 40 quaedam
472 1833 121 40 entia
552 1833 161 40 rationis
659 1833 94 40 incom

180 1862 132 47 plexa,
272 1862 119 47 sicut
352 1862 211 47 vniuersalia,
523 1862 66 47 &
550 1862 145 47 quaedam
642 1862 119 47 comple-

177 1900 86 43 xa,
226 1900 111 43 sicut
300 1900 222 43 enunciationes,
485 1900 62 43 &
509 1900 185 43 svllogismi,
657 1900 86 43 non
694 1900 62 43 est

177 1934 151 39 dubium,
287 1934 110 39 quod
355 1934 219 39 vniuersalia,
534 1934 96 39 cum
589 1934 110 39 sint
643 1934 110 39 incom-

177 1965 122 56 plexa,
262 1965 86 56 int
311 1965 122 56 priora
397 1965 110 56 inter
470 1965 110 56 entia
531 1965 135 56 rationis.

204 1999 325 49 ARGVITVR
421 1999 298 49 NEGATIVE.

215 2039 71 38 I
243 2039 198 38 vniuersale
399 2039 127 38 esset
483 2039 141 38 primum
582 2039 170 38 cognitum
695 2039 57 38 ab

177 2050 220 68 Ointellectu,
356 2050 207 68 sequeretur,
522 2050 110 68 quod
577 2050 179 68 praeueniret

176 2104 117 50 omnem
254 2104 117 50 actum
332 2104 208 50 intellectus,
502 2104 182 50 consequens
645 2104 91 50 est
684 2104 65 50 fal

790 169 108 48 sum,
858 169 108 48 ergo
926 169 95 48 &c.
980 169 217 48 Consequentia
1156 169 95 48 est
1210 169 122 48 nota,
1278 169 81 48 quia

798 214 128 43 primum
888 214 153 43 cognitum
1003 214 77 43 ab
1041 214 128 43 aliqua
1131 214 166 43 potentia,
1259 214 90 43 est
1297 214 64 43 pri

788 246 111 40 mum,
858 246 111 40 quod
927 246 125 40 mouet
1011 246 111 40 eam,
1080 246 70 40 &
1108 246 97 40 sic
1163 246 181 40 praeuenit
1289 246 70 40 om-

791 283 88 38 nem
842 283 113 38 actum
917 283 113 38 eius.
993 283 176 38 Falsitatem
1131 283 126 38 probo,
1220 283 101 38 quia
1270 283 88 38 intel

790 312 122 47 lectus
875 312 110 47 facit
949 312 232 47 vniuersalitatem
1144 312 73 47 in
1181 312 122 47 rebus,
1266 312 73 47 vt
1291 312 61 47 pa-

790 347 93 46 tet
843 347 93 46 per
896 347 106 46 Com.
962 347 80 46 1.
1002 347 80 46 de
1042 347 133 46 Anima,
1135 347 66 46 &
1161 347 80 46 ex
1188 347 172 46 consequenti

787 377 102 52 eius
851 377 114 52 actus
927 377 165 52 praeuenit
1054 377 102 52 esse
1105 377 152 52 vniuersale

817 409 253 57 RESPONDEO:
1016 409 108 57 in
1070 409 145 57 ista
1142 409 217 57 quaestione

782 450 160 56 quatuor
899 450 117 56 sunt
972 450 175 56 videnda,
1103 450 117 56 quae
1176 450 189 56 tanguntur
1307 450 58 56 in

758 489 251 46 argumentis.

820 519 68 42 1
848 519 82 42 An
888 519 136 42 primum
983 519 163 42 cognitum
1106 519 82 42 ab
1147 519 204 42 intellectu,
1296 519 68 42 no-

782 555 108 45 stro,
854 555 84 45 sit
902 555 120 45 aliqua
986 555 132 45 species
1083 555 216 45 specialissima,
1251 555 108 45 immedia

791 588 73 49 te
827 588 159 49 abstracta
950 588 73 49 ab
987 588 122 49 ipsius
1060 588 159 49 indiuiduis.

814 624 68 54 2
841 624 81 54 An
881 624 81 54 de
922 624 149 54 ratione
1030 624 203 54 vniuersalis
1192 624 95 54 sit
1246 624 108 54 esse
1300 624 68 54 ab-

781 657 167 49 stractum
906 657 83 49 ab
948 657 111 49 hic,
1018 657 70 49 &
1032 657 83 49 nunc

818 690 64 51 3
844 690 77 51 An
883 690 180 51 vniuersale
1024 690 90 51 sit
1076 690 90 51 ens
1127 690 167 51 rationis,
1256 690 90 51 vel
1295 690 64 51 ens

765 727 116 42 reale

809 761 70 47 4
837 761 84 47 An
879 761 141 47 primum
978 761 169 47 cognitum
1105 761 84 47 ab
1147 761 197 47 intellectu
1288 761 70 47 non

786 793 103 49 stro
850 793 90 49 sit
902 793 141 49 aliquod
1004 793 192 49 vninersale,
1158 793 115 49 sicut
1222 793 141 49 quaeritur

773 830 197 50 principaliter.

815 906 389 44 ARTICVLVS
1085 906 269 44 PRIMVS.

779 964 127 56 Vtrum
864 964 141 56 primum
962 964 169 56 cognitum
1089 964 99 56 sit
1146 964 141 56 aliqua
1230 964 127 56 species

709 1009 643 30 specialissima.

857 1171 72 49 D
885 1171 100 49 hoc
943 1171 201 49 respondent
1101 1171 144 49 quidam
1187 1171 172 49 affirmati-

779 1197 113 53 ue,
843 1197 210 53 dicentes,
1005 1197 129 53 quod
1086 1197 161 53 primus
1182 1197 178 53 conceptus

779 1245 75 45 ad
817 1245 100 45 quem
880 1245 138 45 mouetur
980 1245 175 45 itellectus
1117 1245 88 45 est
1167 1245 163 45 conceptus
1280 1245 75 45 spei

780 1278 242 46 specialissimae,
984 1278 64 46 &
1009 1278 89 46 per
1060 1278 191 46 consequens,
1213 1278 127 46 primum
1289 1278 64 46 con

791 1313 111 47 nitum
865 1313 74 47 ab
901 1313 86 47 eo,
951 1313 86 47 est
1000 1313 123 47 aliqua
1086 1313 135 47 species
1172 1313 185 47 specialissima

779 1348 141 42 scilicet
885 1348 106 42 illa,
956 1348 106 42 cuius
1026 1348 153 42 singulare
1144 1348 129 42 fortius
1238 1348 106 42 mouet
1296 1348 59 42 sen

778 1381 101 46 sum,
842 1381 101 46 quod
905 1381 140 46 probant
1007 1381 152 46 triplici
1108 1381 127 46 ratione.

795 1417 82 42 1.
836 1417 136 42 Quando
931 1417 150 42 causae,
1040 1417 204 42 naturaliter
1190 1417 163 42 concurrunt

769 1446 80 48 ad
809 1446 146 48 aliquem
915 1446 173 48 effectum,
1048 1446 80 48 si
1087 1446 93 48 non
1141 1446 106 48 sunt
1194 1446 159 48 impeditae,

773 1484 127 46 agunt
858 1484 85 46 in
900 1484 156 46 quantum
1013 1484 170 46 possunt,
1141 1484 71 46 &
1169 1484 170 46 inducunt
1282 1484 71 46 per

773 1518 176 45 fectiorem
909 1518 149 45 formam,
1017 1518 108 45 quam
1085 1518 162 45 possunt,
1206 1518 95 45 sed
1247 1518 108 45 plures

777 1559 137 43 causae
873 1559 164 43 mouentes
996 1559 205 43 intellectum
1160 1559 82 43 ad
1201 1559 137 43 primum
1283 1559 68 43 con

777 1590 151 44 ceptum,
887 1590 206 44 naturaliter
1051 1590 192 44 concurrunt
1202 1590 82 44 ad
1243 1590 110 44 hanc
1298 1590 55 44 mo

775 1626 137 40 tionem,
874 1626 100 40 ergo
937 1626 137 40 causant
1036 1626 75 40 in
1074 1626 100 40 ipso
1136 1626 199 40 perfectiorem
1286 1626 62 40 con

778 1658 140 48 ceptum,
880 1658 101 48 quem
943 1658 152 48 possunt,
1057 1658 101 48 iste
1121 1658 89 48 est
1171 1658 165 48 conceptus
1286 1658 63 48 spe

771 1694 94 42 ciei
830 1694 224 42 specialissimae,
1019 1694 94 42 ergo
1078 1694 118 42 &caet.
1160 1694 106 42 Maior
1231 1694 83 42 est
1266 1694 83 42 nota;

771 1727 124 40 Minor
854 1727 180 40 probatur,
992 1727 111 40 quia
1062 1727 138 40 primus
1158 1727 180 40 conceptus
1283 1727 69 40 in-

778 1756 175 46 tellectus
912 1756 175 46 praeuenit
1046 1756 121 46 omnem
1127 1756 121 46 actum
1194 1756 161 46 voluntatis

777 1795 64 46 &
803 1795 90 46 per
854 1795 180 46 consequens
996 1795 90 46 est
1047 1795 103 46 mere
1112 1795 180 46 naturalis,
1240 1795 103 46 causae

768 1832 117 38 ergo
842 1832 235 38 concurrentes
1033 1832 88 38 ad
1077 1832 147 38 dictum
1165 1832 176 38 conceptum,

769 1864 120 46 agent
849 1864 107 46 mere
916 1864 214 46 naturaliter,
1090 1864 67 46 &
1117 1864 174 46 causabunt
1237 1864 107 46 perfe-

767 1899 159 46 ctiorem
882 1899 188 46 effectum,
1027 1899 116 46 quem
1084 1899 145 46 poterunt

778 1930 66 44 2
804 1930 79 44 Si
844 1930 171 44 conceptus
975 1930 158 44 speciei,
1093 1930 92 44 non
1146 1930 118 44 esset
1225 1930 145 44 primus,

767 1970 79 44 ad
806 1970 105 44 quem
872 1970 170 44 moueretur
1003 1970 209 44 intellectus,
1173 1970 196 44 sequeretur,

769 2006 114 39 quod
840 2006 186 39 moueretur
983 2006 129 39 prius
1069 2006 86 39 ad
1112 2006 186 39 conceptus
1241 2006 100 39 commu

767 2042 152 41 niores,
878 2042 69 41 &
905 2042 152 41 quantum
1016 2042 138 41 essent
1112 2042 221 41 communiores,
1278 2042 69 41 tan

767 2070 80 48 to
807 2070 120 48 prius
887 2070 80 48 ad
927 2070 93 48 eos
980 2070 187 48 moueretur,
1127 2070 133 48 sicque
1220 2070 120 48 primo
1287 2070 53 48 mo

765 2106 126 45 uentur
853 2106 75 45 ad
891 2106 163 45 conceptum
1017 2106 126 45 entis,
1104 2106 63 45 &
1130 2106 138 45 aliorum
1217 2106 126 45 transce
