1500 2364
180 160 145 53 Secundo
285 160 92 53 hoc
338 160 106 53 idem
404 160 132 53 patet,
497 160 106 53 quia
563 160 106 53 nisi
616 160 145 53 vniuersa-

180 205 78 39 le
219 205 194 39 praeueniret
374 205 116 39 actum
452 205 194 39 intellectus
607 205 78 39 vt
646 205 91 39 est
684 205 78 39 eius

177 239 210 44 fundamentum
345 239 168 44 remotum,
471 239 210 44 sequeretur,
639 239 112 44 quod
695 239 70 44 non

177 277 193 44 praeueniret
331 277 116 44 ipsum
408 277 128 44 aliquo
498 277 116 44 modo,
575 277 90 44 hoc
627 277 116 44 autem
691 277 64 44 ess

177 309 141 42 falsum.
280 309 205 42 Consequentia
446 309 90 42 est
498 309 115 42 nota,
575 309 64 42 &
600 309 154 42 falsitas
703 309 64 42 pro

178 344 136 52 batur.
273 344 109 52 Quia
341 344 109 52 tunc
409 344 190 52 vniuersale
558 344 136 52 nullum
640 344 122 52 haberet

176 381 208 47 fundamentum
342 381 83 47 in
384 381 97 47 re,
439 381 69 47 &
467 381 97 47 sic
522 381 125 47 esset
592 381 166 47 figmentum.

223 416 146 38 Declaro
329 416 172 38 secundum,
461 416 172 38 scilicet,
594 416 93 38 quo
647 416 106 38 modo
700 416 66 38 vni

184 450 159 40 versale
299 450 159 40 quantum
415 450 87 40 ad
458 450 116 40 suum
531 450 217 40 fundamentum
690 450 72 40 im-

181 482 175 40 mediatum,
315 482 108 40 quod
383 482 94 40 est
437 482 108 40 esse
504 482 189 40 abstractum
652 482 81 40 ab
679 482 81 40 hic&

185 519 112 48 nunc,
259 519 161 48 coexistat
383 519 112 48 actui
457 519 198 48 intellectus,
619 519 99 48 quia
668 519 87 48 illud

177 552 155 43 coexistit
297 552 108 43 actui
368 552 191 43 intellectus,
524 552 96 43 quod
584 552 84 43 non
631 552 108 43 habet
691 552 72 43 suum

181 592 106 35 essc
247 592 173 35 completum
380 592 106 35 nisi
447 592 80 35 ex
487 592 80 35 eo
527 592 106 35 quod
593 592 160 35 terminat
700 592 53 35 a-

187 619 99 40 ctum
249 619 199 40 intellectus,
410 619 87 40 sed
460 619 124 40 natura
547 619 161 40 abstracta
671 619 75 40 ab
696 619 62 40 hic

180 654 68 43 &
208 654 123 43 nunc,
290 654 96 43 non
345 654 123 43 habet
427 654 96 43 hoc
481 654 109 43 esse
550 654 192 43 abstractum
687 654 68 43 com

178 688 116 47 plete
255 688 103 47 nisi
320 688 77 47 ex
358 688 77 47 eo
397 688 103 47 quod
461 688 154 47 terminat
577 688 116 47 actum
641 688 116 47 intelle

190 726 116 38 ctus,
267 726 103 38 ergo
332 726 77 38 &c
370 726 116 38 Maior
447 726 90 38 est
499 726 116 38 nota;
576 726 90 38 nam
627 726 129 38 actus,
717 726 64 38 &

186 757 159 38 terminus
305 757 106 38 sibi
371 757 119 38 mutuo
451 757 199 38 coexistunt;
610 757 119 38 Minor
676 757 80 38 pro-

191 789 120 52 batur,
275 789 96 52 quia
335 789 72 52 si
371 789 120 52 natura
455 789 156 52 abstracta
575 789 84 52 non
611 789 144 52 comexiste-

189 827 86 39 ret
238 827 111 39 actui
312 827 185 39 intellectus
460 827 185 39 sequeretur,
607 827 98 39 quod
657 827 98 39 intel-

185 860 130 39 lectus
276 860 117 39 nihil
354 860 208 39 cooperaretur
522 860 78 39 ad
561 860 169 39 huiusmodi
678 860 78 39 esse

187 894 206 46 abstractum,
352 894 96 46 nec
407 894 82 46 ad
448 894 123 46 ipsam
516 894 247 46 vniuersalitatem,

182 933 103 37 immo
247 933 194 37 vniuersalia
402 933 233 37 praeexisterent
596 933 78 37 in
635 933 116 37 rerum
699 933 52 37 na

186 961 106 43 tura
252 961 106 43 ante
318 961 119 43 omnem
397 961 119 43 actum
477 961 211 43 intellectus,
648 961 93 43 vel
688 961 66 43 sub

179 1001 221 39 sequerentur
356 1001 133 39 omnem
445 1001 118 39 eius
504 1001 118 39 actum.

221 1035 92 38 Nec
274 1035 119 38 valet
353 1035 79 38 si
392 1035 158 38 dicatur,
511 1035 105 38 quod
577 1035 171 38 huiusmodi
695 1035 66 38 ab-

182 1067 169 46 stractio
309 1067 113 46 fiat
379 1067 99 46 per
436 1067 212 46 intellectum
605 1067 169 46 agentem,
718 1067 42 46 &

180 1103 98 46 non
236 1103 98 46 per
292 1103 196 46 possibiem;
446 1103 70 46 &
474 1103 112 46 ideo
543 1103 140 46 potest
627 1103 140 46 preueni-

186 1136 82 41 re
227 1136 123 41 actum
310 1136 151 41 ipsius,
419 1136 110 41 quia
488 1136 151 41 quamuis
584 1136 178 41 intellectus

185 1170 117 45 agens
263 1170 130 45 faciat
353 1170 220 45 abstractionem
535 1170 65 45 a
548 1170 207 45 phatasmaribus;

183 1209 172 40 secundum
312 1209 172 40 rationem
441 1209 201 40 immutandi,
598 1209 115 40 haec
656 1209 100 40 autem

180 1245 190 37 abstractio
330 1245 95 37 non
384 1245 163 37 sufficit
506 1245 81 37 ad
547 1245 204 37 fundamentum
696 1245 68 37 vni

184 1277 226 46 uersalitatis:
370 1277 106 46 Quia
436 1277 199 46 fundamentum
582 1277 186 46 vniuersalita

187 1307 89 48 tis
238 1307 114 48 debet
314 1307 190 48 simpliciter
466 1307 101 48 esse
529 1307 190 48 abstractum,
681 1307 63 48 &
694 1307 63 48 non

184 1344 183 48 concernere
327 1344 144 48 aliquod
432 1344 209 48 particulare,
601 1344 65 48 &
614 1344 144 48 materiale

189 1378 188 41 subiectum:
337 1378 108 41 quod
404 1378 121 41 autem
485 1378 202 41 abstranitur
646 1378 94 41 per
687 1378 67 41 in-

183 1420 184 37 tellectum
324 1420 155 37 agentem
437 1420 141 37 semper
536 1420 184 37 concernit
663 1420 99 37 phan-

190 1447 143 41 tasiam,
294 1447 91 41 non
346 1447 104 41 enim
411 1447 130 41 aliter
503 1447 130 41 posset
594 1447 156 41 immutare
698 1447 65 41 in-

188 1482 169 42 tellectum
318 1482 195 42 possibilem,
474 1482 91 42 cum
525 1482 130 42 debeat
616 1482 104 42 esse
668 1482 91 42 appro

182 1521 181 42 pinquatio
321 1521 153 42 agentis
432 1521 83 42 ad
474 1521 153 42 passum:
585 1521 111 42 quae
641 1521 111 42 quidem

185 1551 207 46 approximatio
353 1551 91 46 non
405 1551 129 46 potest
495 1551 142 46 saluari
599 1551 78 46 in
625 1551 129 46 proposi-

188 1589 88 36 to,
239 1589 101 36 nisi
302 1589 139 36 ponatur
403 1589 126 36 illud,
491 1589 101 36 quod
554 1589 88 36 est
605 1589 177 36 abstractum

179 1623 92 45 per
231 1623 196 45 intellectum
388 1623 157 45 agentem,
506 1623 105 45 esse
572 1623 79 45 in
598 1623 157 45 phantasia,

188 1654 106 48 quae
254 1654 132 48 faciat
347 1654 252 48 approximationem
558 1654 79 48 ad
585 1654 172 48 intellectum

185 1691 201 43 possibilem,
346 1691 201 43 relinquitur
507 1691 121 43 ergo,
587 1691 107 43 quod
641 1691 107 43 abstra

181 1731 102 37 ctio
245 1731 115 37 facta
321 1731 89 37 por
372 1731 191 37 intellectum
525 1731 140 37 agentem
627 1731 76 37 in
652 1731 102 37 ratio-

179 1760 84 37 ne
221 1760 197 37 immutandi,
376 1760 98 37 non
432 1760 183 37 sufficia:
572 1760 84 37 ad
600 1760 155 37 fundamen-

179 1799 89 37 tum
230 1799 254 37 vniuersalitatis,
446 1799 89 37 sed
496 1799 178 37 requiratur
623 1799 127 37 vlterius

185 1836 163 33 abstractio
314 1836 175 33 intellectus
454 1836 163 33 possibilis
582 1836 70 33 in
617 1836 128 33 ratione
699 1836 58 33 ter

189 1859 142 50 minandi:
296 1859 71 50 Et
331 1859 95 50 ista
390 1859 130 50 videtur
485 1859 166 50 sufficere,
615 1859 106 50 quia,
686 1859 95 50 quod

186 1898 188 40 abstrahitur
337 1898 88 40 per
387 1898 188 40 intellectum
538 1898 176 40 possibilem
676 1898 75 40 in
701 1898 50 40 ra

181 1930 118 43 tione
259 1930 196 43 terminandi,
417 1930 92 43 non
469 1930 170 43 concernit
587 1930 170 43 phantasiam,

184 1962 109 49 quae
253 1962 95 49 est
307 1962 150 49 organum
416 1962 191 49 materiale;
566 1962 95 49 cum
621 1962 95 49 non
662 1962 95 49 coope

179 2002 120 38 retur
259 2002 106 38 sibi
325 2002 80 38 in
365 2002 186 38 terminando
511 2002 120 38 actum
578 2002 173 38 intellectus

187 2037 176 42 possibilis,
328 2037 141 42 alioquin
434 2037 164 42 terminatio
563 2037 117 42 actus,
645 2037 82 42 ita
681 2037 70 42 requ

180 2071 117 39 reret
258 2071 247 39 approximationem
466 2071 143 39 obiecti
571 2071 78 39 ad
597 2071 156 39 potentiam,

184 2101 125 51 sicut
267 2101 194 51 immutatio,
420 2101 111 51 quod
489 2101 153 51 videtur
586 2101 153 51 absurdum.

778 148 164 57 Concludo
901 148 123 57 ergo,
983 148 109 57 quod
1052 148 191 57 abstractio
1202 148 137 57 natura
1284 148 68 57 fun

785 204 131 45 dantis
877 204 263 45 vniuersalitatem,
1100 204 92 45 non
1153 204 92 45 est
1192 204 158 45 accipienda

780 234 162 43 secundum
902 234 203 43 intellectum
1065 234 149 43 agentem
1173 234 149 43 tantum,
1281 234 95 43 sed

778 269 158 39 secundum
896 269 197 39 intellectum
1054 269 197 39 possibilem,
1211 269 79 39 ex
1251 269 92 39 quo
1290 269 66 39 ent

788 304 123 60 infero,
877 304 89 60 quod
933 304 168 60 intellectus
1067 304 157 60 possibilis
1190 304 78 60 est
1235 304 101 60 ille,
1291 304 56 60 quo

778 340 113 48 facit
854 340 239 48 vniuersalitatem
1055 340 75 48 in
1080 340 101 48 rebus.

820 364 109 55 Dato
889 364 123 55 tamen
971 364 109 55 quod
1039 364 191 55 abstractio
1175 364 178 55 intellectus

782 410 147 40 agentis
889 410 188 40 sufficeret
1036 410 80 40 ad
1077 410 201 40 fundamentum
1224 410 134 40 vniuersa

787 446 147 41 litatis,
897 446 111 41 adhuc
971 446 111 41 tamen
1045 446 86 41 non
1094 446 147 41 tollitur
1192 446 160 41 propositum,

787 477 101 47 quia
851 477 89 47 cum
901 477 101 47 eius
965 477 177 47 abstractio
1104 477 89 47 sit
1154 477 76 47 in
1192 477 139 47 ratione
1281 477 76 47 immu

781 511 122 44 tandi,
866 511 110 44 nihil
939 511 183 44 abstrahitur
1086 511 85 44 per
1134 511 98 44 eum,
1195 511 98 44 nisi
1256 511 73 44 vt
1281 511 73 44 actu

781 549 145 44 immutet
886 549 198 44 intellectum
1045 549 198 44 possibilem,
1203 549 66 44 &
1229 549 92 44 per
1269 549 79 44 con-

779 577 140 54 sequens
881 577 101 54 eius
944 577 190 54 abstractio,
1096 577 63 54 &
1122 577 114 54 illud
1198 577 101 54 quod
1249 577 101 54 abstra

776 618 128 47 hitur,
866 618 89 47 non
917 618 166 47 coexistit
1044 618 89 47 cum
1096 618 89 47 eo:
1147 618 179 47 quapropter
1274 618 77 47 quc-

778 647 106 44 quid
844 647 145 44 dicatur
950 647 132 44 semper
1042 647 145 44 habetur
1148 647 198 44 propositum,
1293 647 66 44 sci

777 684 120 47 licet
856 684 106 47 quod
923 684 199 47 vniuersale,
1082 684 146 47 quantum
1189 684 80 47 ad
1228 684 106 47 suum
1282 684 66 47 im-

779 718 168 51 mediatum
905 718 224 51 fundamentum,
1087 718 98 51 non
1143 718 210 51 praeexistit
1297 718 56 51 a-

781 756 99 42 ctui
830 756 173 42 intellectus.

813 781 95 49 Nec
868 781 122 49 etiam
949 781 136 49 potest
1044 781 122 49 dici,
1126 781 109 49 quod
1194 781 163 49 sequatur
1303 781 54 49 a-

779 821 102 42 ctum
843 821 204 42 intellectus,
1009 821 102 42 quia
1073 821 102 42 tunc
1136 821 128 42 primus
1226 821 115 42 actus
1289 821 64 42 in-

787 859 168 49 tellectus
916 859 90 49 non
968 859 142 49 haberet
1071 859 142 49 aliquem
1174 859 155 49 terminum
1278 859 77 49 quod

789 893 142 36 probo;
888 893 99 36 nam
945 893 85 36 si
987 893 184 36 huiusmodi
1129 893 212 36 fundamentum
1284 893 71 36 im-

779 929 155 39 mediatum
896 929 246 39 vniuersalitatis
1103 929 155 39 sequitur
1219 929 117 39 actum
1284 929 65 39 in-

782 962 161 48 tellectus
906 962 174 48 possibilis
1042 962 124 48 certum
1129 962 99 48 est,
1192 962 99 48 quod
1254 962 87 48 non
1291 962 62 48 pot

780 998 117 38 ipsum
858 998 169 38 terminare
988 998 91 38 per
1040 998 130 38 illud,
1130 998 104 38 quia
1195 998 156 38 terminus
1299 998 52 38 a-

788 1031 101 47 ctus
851 1031 113 47 debet
927 1031 176 47 coexistere
1065 1031 126 47 actui,
1154 1031 63 47 &
1179 1031 88 47 non
1229 1031 113 47 sequi
1292 1031 63 47 ip-

778 1065 112 40 sum,
848 1065 70 40 &
876 1065 126 40 multo
961 1065 126 40 minus
1045 1065 155 40 poterit
1157 1065 126 40 ipsum
1228 1065 126 40 termina

784 1102 76 48 re
822 1102 88 48 per
873 1102 101 48 suam
936 1102 252 48 vniuersalitatem,
1150 1102 101 48 quia
1213 1102 114 48 etiam
1276 1102 76 48 ipsa

789 1133 212 43 vniuersalitas
963 1133 150 43 sequetur
1076 1133 112 43 actum
1150 1133 200 43 intellectus,
1313 1133 62 43 &

783 1167 85 41 sic
831 1167 146 41 nianebit
941 1167 109 41 actus
1013 1167 97 41 sine
1074 1167 97 41 omni
1135 1167 146 41 termino;
1244 1167 97 41 nisi
1292 1167 61 41 for

781 1206 80 37 te
821 1206 160 37 vellimus
941 1206 147 37 dicere,
1048 1206 107 37 quod
1115 1206 187 37 terminetur
1262 1206 80 37 ad
1288 1206 67 37 fun

783 1240 174 40 damentum
913 1240 159 40 remotum
1029 1240 289 40 vniuersalitatis,
1260 1240 87 40 quod

780 1276 135 37 omnino
875 1276 95 37 est
929 1276 149 37 falsum,
1038 1276 162 37 siquidem
1159 1276 81 37 in
1187 1276 162 37 fundamento

780 1309 130 38 remoto
871 1309 91 38 non
923 1309 143 38 apparet
1027 1309 130 38 aliqua
1118 1309 117 38 actio
1183 1309 169 38 intellectus

778 1340 165 40 agentis;
902 1340 110 40 Vnde
971 1340 192 40 oporteret,
1122 1340 110 40 quod
1176 1340 179 40 intellectus

791 1384 173 33 possibilis
927 1384 74 33 in
964 1384 87 33 suo
1014 1384 111 33 primo
1088 1384 99 33 actu
1150 1384 111 33 esset
1224 1384 99 33 sine
1274 1384 74 33 omni

781 1417 145 43 actione
886 1417 198 43 intellectus
1045 1417 158 43 agentis;
1163 1417 66 43 &
1190 1417 119 43 multo
1256 1417 92 43 magis

779 1447 80 43 in
819 1447 160 43 quolibet
938 1447 106 43 alio
1005 1447 120 43 actu;
1085 1447 67 43 &
1111 1447 93 43 per
1165 1447 186 43 consequens
1298 1447 53 43 in

774 1484 113 44 nullo
850 1484 163 44 indigeret
975 1484 188 44 intellectus
1126 1484 138 44 agentis
1214 1484 125 44 actione.

782 1518 108 43 quod
849 1518 94 43 est
903 1518 175 43 absurdum:
1037 1518 81 43 Si
1077 1518 108 43 ergo
1144 1518 148 43 volumus
1238 1518 108 43 vitare

781 1554 98 45 sta
837 1554 266 45 inconuenientia,
1061 1554 154 45 cogimur
1174 1554 154 45 dicere,
1272 1554 84 45 quod

785 1583 122 40 primus
870 1583 109 40 actus
943 1583 182 40 intellectus
1089 1583 182 40 possibilis,
1222 1583 122 40 termine-

778 1621 99 42 tur
834 1621 85 42 ad
877 1621 127 42 illud
961 1621 113 42 quod
1032 1621 99 42 est
1088 1621 197 42 immediatum
1229 1621 113 42 funda-

773 1657 131 46 mentun
865 1657 263 46 vmiuersalitatis:
1088 1657 66 46 &
1114 1657 92 46 ita
1167 1657 171 46 praefatum
1285 1657 66 46 fun

776 1690 125 35 damer
859 1690 97 35 tum
915 1690 97 35 non
970 1690 125 35 habet
1053 1690 111 35 essc
1122 1690 194 35 completum,
1261 1690 83 35 nisi

778 1725 127 40 quando
867 1725 102 40 actu
931 1725 152 40 terminat
1045 1725 114 40 actum
1121 1725 203 40 intellectus,
1274 1725 76 40 ipsi

773 1759 204 38 coexistendo,
939 1759 128 38 sicque
1029 1759 115 38 patet
1105 1759 153 38 secudum,
1220 1759 102 38 quod
1271 1759 77 38 erat

757 1790 219 40 declarandum.

810 1820 137 46 Declaro
909 1820 150 46 tertium,
1022 1820 162 46 scilicet,
1146 1820 100 46 quod
1196 1820 150 46 vniuersale

770 1861 172 39 quantum
895 1861 94 39 ad
942 1861 125 39 suum
1020 1861 172 39 formale
1129 1861 219 39 complementum

773 1892 153 53 sequatur
888 1892 115 53 actum
965 1892 192 53 intellectus
1118 1892 192 53 possibilis;
1271 1892 102 53 quod

778 1928 90 42 sic
829 1928 128 42 probo;
919 1928 128 42 Illud,
1009 1928 103 42 quod
1073 1928 90 42 non
1124 1928 115 42 habet
1201 1928 115 42 esse,
1265 1928 77 42 nisi

786 1963 142 49 postquam
893 1963 107 49 actus
964 1963 178 49 intellectus
1107 1963 166 49 possibilis
1237 1963 83 49 est
1273 1963 71 49 ter-

774 1999 151 37 minatus,
888 1999 151 37 sequitur
1001 1999 113 37 actum
1076 1999 138 37 ipsius,
1177 1999 138 37 formale
1265 1999 75 37 com-

782 2035 174 49 plementum
916 2035 201 49 vniuersalis
1076 2035 94 49 est
1130 2035 187 49 huiusmodi,
1264 2035 80 49 ergo

770 2065 96 49 &c.
825 2065 124 49 Maior
908 2065 96 49 est
963 2065 124 49 nota:
1045 2065 124 49 Minor
1127 2065 179 49 probatur:
1251 2065 96 49 quia,

774 2105 133 41 quando
867 2105 133 41 aliqua
960 2105 106 41 sibi
1026 2105 120 41 mutuo
1106 2105 199 41 coexistunt,
1252 2105 93 41 quic
