1500 2359
174 156 92 59 sci
226 156 105 59 quod
292 156 132 59 habeat
384 156 105 59 tale
450 156 118 59 esse,
529 156 105 59 nisi
582 156 171 59 cognoscatur

177 205 153 43 quomodo
289 205 140 43 habeat
386 205 167 43 rationem
512 205 153 43 termini
610 205 140 43 respectu

180 239 148 48 praefati
291 239 123 48 actus;
377 239 62 48 &
402 239 99 48 quia
463 239 185 48 intellectus
611 239 86 48 non
648 239 99 48 potest

178 281 199 36 cognoscere
334 281 156 36 quomodo
447 281 170 36 terminet
575 281 113 36 suum
632 281 113 36 actum,

174 313 117 40 nisi
248 313 206 40 comparando
409 313 103 40 eam
468 313 88 40 ad
512 313 176 40 ipsummet
630 313 117 40 actum,

177 341 109 43 quod
246 341 137 43 nequit
342 341 151 43 facere,
451 341 109 43 nisi
519 341 205 43 cognoscendo
670 341 82 43 suum

173 378 117 49 actum
251 378 91 49 per
303 378 208 49 reflexionem,
472 378 104 49 ideo
537 378 78 49 de
576 378 117 49 primo
654 378 78 49 ad
680 378 65 49 vl-

180 413 134 51 timum,
273 413 94 51 non
327 413 174 51 cognoscet
461 413 94 51 rem
514 413 120 51 illam
594 413 134 51 habere
675 413 80 51 esse

171 443 192 46 abstractum,
325 443 102 46 nisi
389 443 102 46 actu
440 443 128 46 reflexo.

220 479 67 53 2
246 479 133 53 Illud,
340 479 107 53 quod
406 479 93 53 non
460 479 200 53 cognoscitur
620 479 107 53 nisi
673 479 80 53 actu

178 509 175 59 complexo,
312 509 94 59 non
366 509 94 59 est
420 509 135 59 primum
514 509 175 59 cognitum,
648 509 94 59 sed
689 509 67 59 hoc

183 546 109 54 esse
251 546 191 54 abstractum
401 546 95 54 non
456 546 204 54 cognoscitur
619 546 109 54 nisi
673 546 82 54 actu

182 581 173 49 complexo,
315 581 106 49 ergo
381 581 93 49 &c.
434 581 120 49 Maior
514 581 133 49 patet,
607 581 106 49 quia
660 581 93 49 actus

178 621 168 39 complexus
307 621 91 39 non
359 621 91 39 est
411 621 129 39 primus
501 621 116 39 actus
566 621 181 39 intellectus.

173 652 123 45 Minor
256 652 164 45 probatur
379 652 110 45 quia
447 652 206 45 intellectus
612 652 96 45 non
653 652 96 45 cogno

180 689 97 44 scit
240 689 85 44 hoc
289 689 97 44 esse
349 689 182 44 abstractum,
495 689 97 44 nisi
555 689 182 44 attribuendo
688 689 61 44 ip-

178 722 90 49 sum
229 722 128 49 alicui
319 722 90 49 rei
370 722 154 49 cognite,
485 722 77 49 vt
524 722 141 49 cognita
626 722 102 49 est,
677 722 77 49 quae

184 764 125 42 quidem
272 764 175 42 attributio
410 764 88 42 non
460 764 125 42 potest
548 764 113 42 fieri
623 764 88 42 per
660 764 88 42 actum

178 789 186 55 simplicem,
324 789 93 55 sed
377 789 120 55 debet
457 789 120 55 fieri
537 789 93 55 per
577 789 160 55 complexum.

213 828 73 49 Ex
249 828 109 49 istis
322 828 121 49 elicio
406 828 133 49 quaedam
503 828 181 49 correlaria,
636 828 109 49 primum,

175 845 122 62 quod
251 845 183 62 obiectum
388 845 183 62 cognitum
525 845 107 62 non
586 845 107 62 est
632 845 122 62 omnino

179 898 111 36 idem
249 898 97 36 cum
304 898 153 36 ratione
415 898 222 36 cognoscendi,
596 898 70 36 &
610 898 139 36 terminan

186 933 72 35 di
222 933 97 35 actu
282 933 97 35 suae
343 933 121 35 ipsius
427 933 193 35 cognitionis;
584 933 145 35 alioquin
681 933 72 35 pos-

187 968 99 43 set
244 968 170 43 cognosci
371 968 185 43 huiusmodi
514 968 128 43 ratio
585 968 170 43 terminandi

177 1004 112 36 actu
247 1004 182 36 simplici,
387 1004 70 36 &
415 1004 126 36 recto
498 1004 210 36 quemadmodum
652 1004 98 36 ipsum

182 1032 169 46 obiectum:
312 1032 104 46 quod
377 1032 117 46 patet
455 1032 104 46 esse
519 1032 143 46 falsum.
610 1032 143 46 Secundum,

182 1070 111 40 quod
252 1070 125 40 vnum,
335 1070 70 40 &
363 1070 111 40 idem
433 1070 167 40 obiectum
558 1070 139 40 potest
642 1070 111 40 habere

179 1106 153 46 diuersas
294 1106 153 46 rationes
409 1106 192 46 terminandi,
562 1106 141 46 ratione
652 1106 102 46 quarum

186 1144 159 42 pertineat
308 1144 74 42 ad
345 1144 147 42 diuersas
456 1144 172 42 potentias,
591 1144 74 42 vt
615 1144 135 42 dicebatur

181 1172 80 46 in
221 1172 120 46 prima
301 1172 227 46 distinctione,
487 1172 160 46 loquendo
607 1172 80 46 de
634 1172 120 46 obiecto

181 1205 196 55 voiuntatis,
338 1205 65 55 &
364 1205 209 55 intellectus:
533 1205 144 55 exemplo
638 1205 78 55 de
664 1205 91 55 colo-

176 1240 90 46 re,
228 1240 90 46 qui
279 1240 128 46 quidem
369 1240 77 46 vt
407 1240 180 46 visibilis,
549 1240 154 46 terminat
664 1240 116 46 actum

186 1275 125 47 visus,
274 1275 75 47 vt
312 1275 175 47 sensibilis
449 1275 125 47 autem,
537 1275 113 47 actum
612 1275 125 47 sensus
687 1275 63 47 com

174 1309 141 50 munis,
272 1309 113 50 quae
343 1309 141 50 quidem
441 1309 169 50 rationes
568 1309 99 50 non
624 1309 113 50 sunt
681 1309 70 50 com

180 1350 118 42 pletae
263 1350 165 42 distinctae
392 1350 71 42 in
427 1350 129 42 colore,
522 1350 94 42 nisi
580 1350 82 42 per
616 1350 141 42 coexisten-

176 1381 112 39 tiam
246 1381 168 39 dictorum
372 1381 154 39 actuum,
485 1381 84 39 vt
527 1381 140 39 ibidem
611 1381 140 39 tangeba-

181 1419 102 43 tur,
245 1419 102 43 quia
309 1419 90 43 nec
360 1419 205 43 intelligitur
527 1419 154 43 complete
642 1419 115 43 earum
706 1419 51 43 di

175 1451 146 42 stinctio,
287 1451 90 42 nisi
343 1451 168 42 mediantibus
478 1451 112 42 dictis
556 1451 135 42 actibus,
657 1451 67 42 ad
680 1451 67 42 quam

175 1486 217 40 distinctionem
354 1486 77 40 ex
392 1486 128 40 natura
481 1486 89 40 rei
532 1486 204 40 necessitatur
685 1486 64 40 Ter

176 1523 127 39 tium,
261 1523 113 39 quod
331 1523 99 39 non
388 1523 99 39 est
444 1523 226 39 inconueniens
614 1523 141 39 obiectum

181 1554 157 40 beatorum
298 1554 78 40 in
338 1554 130 40 patria
429 1554 104 40 esse
494 1554 183 40 infinitum,
625 1554 130 40 rationem

178 1586 124 42 tamen
261 1586 96 42 sub
316 1586 96 42 qua
371 1586 152 42 videtur
481 1586 69 42 &
509 1586 165 42 terminat
633 1586 124 42 actus
702 1586 55 42 vi

178 1622 128 38 sionis
268 1622 128 38 eorum,
358 1622 103 38 esse
422 1622 154 38 finitam,
538 1622 64 38 &
563 1622 90 38 per
602 1622 154 38 consequens

187 1660 225 41 quantumcunque
372 1660 106 41 Deus
438 1660 172 41 infinitus
570 1660 93 41 sit
610 1660 145 41 subiectum

189 1689 177 48 Theologiae
329 1689 152 48 nostrae,
442 1689 114 48 ratio
518 1689 114 48 tamen
594 1689 89 48 sub
645 1689 89 48 qua
683 1689 63 48 ess

177 1725 168 50 obiectum,
306 1725 180 50 necessario
448 1725 90 50 est
499 1725 142 50 finita,
602 1725 77 50 vt
628 1725 129 50 ostensum

178 1761 103 48 fuit
243 1761 77 48 in
281 1761 155 48 prologo,
398 1761 116 48 Patet
475 1761 116 48 ergo,
552 1761 103 48 quod
604 1761 142 48 vniuersa-

180 1790 91 47 le
225 1790 106 47 quo
286 1790 91 47 ad
331 1790 212 47 immediatum
497 1790 227 47 fundamentum
663 1790 91 47 vni-

186 1831 81 42 ue
226 1831 174 42 salitatis
360 1831 94 42 non
414 1831 94 42 est
467 1831 134 42 primum
548 1831 134 42 cognitum

222 1865 78 37 Si
261 1865 117 37 autem
339 1865 169 37 quaeratur
469 1865 78 37 de
508 1865 182 37 vniuersali
638 1865 117 37 quantum

180 1893 82 48 ad
221 1893 109 48 suum
289 1893 149 48 formale
398 1893 231 48 complementum,
588 1893 82 48 an
629 1893 95 48 sit
669 1893 82 48 pri-

184 1936 106 42 mum
244 1936 197 42 cognitum:
396 1936 212 42 Respondeo,
562 1936 121 42 quod
638 1936 106 42 nec
683 1936 76 42 est

180 1969 142 41 primum
279 1969 185 41 cognitum,
422 1969 100 41 nec
479 1969 128 41 prima
564 1969 128 41 ratio
635 1969 114 41 cogno-

185 2000 146 45 cendi;
287 2000 87 45 Et
331 2000 116 45 quod
404 2000 102 45 non
462 2000 102 45 sit
520 2000 146 45 primum
607 2000 146 45 cognitum

183 2033 134 47 facile
277 2033 134 47 patet,
371 2033 108 47 quia
438 2033 108 47 suum
505 2033 148 47 formale
599 2033 148 47 complemen

183 2066 95 47 tum
238 2066 95 47 non
292 2066 136 47 potest
387 2066 163 47 cognosci
509 2066 109 47 nisi
577 2066 163 47 mediante
686 2066 68 47 suo

184 2104 199 54 fundamento
340 2104 199 54 immediato,
497 2104 128 54 quod,
582 2104 100 54 cum
639 2104 100 54 non
682 2104 71 54 pos

766 159 90 57 sit
818 159 103 57 esse
882 159 129 57 primum
973 159 155 57 cognitum
1089 159 77 57 vt
1127 159 116 57 visum
1205 159 103 57 est,
1257 159 77 57 mul-

764 206 82 43 to
805 206 124 43 minus
888 206 151 43 poterit
998 206 110 43 esse
1066 206 96 43 hoc
1121 206 151 43 formale
1217 206 124 43 comple-

771 238 131 55 mentum
863 238 210 55 vniuersalis.

811 275 100 44 Quod
874 275 113 44 etiam
950 275 88 44 non
1000 275 126 44 possit
1088 275 100 44 esse
1151 275 113 44 prima
1226 275 113 44 ratio
1289 275 50 44 co

767 319 169 38 gnoscendi
897 319 169 38 deducitur
1027 319 78 38 ex
1066 319 91 38 iam
1118 319 143 38 dictis;
1209 319 130 38 ostensum

766 341 110 42 enim
835 341 124 42 fuit,
917 341 110 42 quod
986 341 192 42 vniuersale
1137 341 151 42 quantum
1247 341 82 42 ad
1274 341 55 42 su

763 379 155 51 formale
876 379 226 51 complementum
1059 379 169 51 sequitur
1186 379 127 51 actum
1256 379 71 51 in-

772 413 172 42 tellectus,
907 413 61 42 &
931 413 86 42 est
980 413 159 42 posterius
1103 413 86 42 eo,
1152 413 98 42 quod
1213 413 110 42 autem
1275 413 61 42 est

767 444 170 51 posterius
898 444 118 51 actus
976 444 209 51 intellectus,
1147 444 92 51 non
1199 444 92 51 est
1238 444 105 51 primum

769 483 167 39 cognitum
894 483 84 39 ab
936 483 97 39 eo;
992 483 111 39 immo
1062 483 97 39 hoc
1117 483 153 39 formale
1215 483 125 39 comple-

765 522 134 40 mentum
858 522 254 40 vniuersalitatis
1072 522 200 40 cognoscitur
1232 522 94 40 per
1272 522 67 40 se-

770 554 127 41 cundum
859 554 114 41 actum
935 554 203 41 intellectus,
1100 554 89 41 qui
1151 554 89 41 est
1202 554 165 41 reflexus,

766 587 70 47 &
794 587 125 47 quasi
877 587 195 47 complexus.
1031 587 111 47 Hinc
1100 587 111 47 est,
1170 587 111 47 quod
1226 587 125 47 vniuer-

770 620 107 48 alia
837 620 161 48 dicuntur
958 620 175 48 pertinere
1092 620 81 48 ad
1132 620 161 48 secundas
1240 620 107 48 inten-

770 652 125 52 tiones
858 652 113 52 quasi
933 652 163 52 secundaro
1046 652 163 52 intellecta.

796 687 84 42 Ad
838 687 125 42 cuius
921 687 195 42 euidentiam
1075 687 97 42 est
1116 687 223 42 intelligendum,

775 724 105 45 quod
840 724 92 45 non
893 724 105 45 ideo
958 724 170 45 pertinent
1089 724 196 45 vniuersalia
1246 724 79 45 ad
1273 724 52 45 se

771 757 122 43 cundas
856 757 196 43 intentiones,
1016 757 110 43 quasi
1089 757 98 43 sint
1150 757 110 43 ipsae
1212 757 122 43 secnndae

774 794 207 45 intentiones,
942 794 90 45 vel
994 794 181 45 constituta
1135 794 90 45 per
1187 794 155 45 secundos
1290 794 52 45 a-

774 822 96 48 ctus
834 822 191 48 intellectus,
989 822 84 48 sed
1037 822 72 48 qa
1073 822 203 48 cognoscuntur,
1240 822 72 48 in
1264 822 72 48 esse

775 865 198 41 constituendo
935 865 99 41 illa
997 865 86 41 per
1046 865 136 41 secudos
1145 865 124 41 actus,
1232 865 111 41 quasi
1294 865 49 41 se

773 898 159 40 cundaria
892 898 199 40 intellecta,
1051 898 93 40 nam
1104 898 172 40 quodlibet
1224 898 119 40 vniuer-

767 930 100 50 sale
829 930 100 50 vere
891 930 200 50 constituitur
1054 930 87 50 per
1104 930 112 50 actum
1166 930 175 50 intellectus;

771 965 118 48 quia
845 965 104 48 cum
904 965 163 48 formale
1023 965 237 48 complementum
1200 965 148 48 vniuersa

767 1000 95 41 lis
822 1000 204 41 necessario,
985 1000 68 41 &
1013 1000 95 41 non
1067 1000 232 41 contingenter,
1244 1000 109 41 sequa-

773 1037 102 39 tur
832 1037 116 39 suum
904 1037 204 39 immediatum
1065 1037 233 39 fundamentum,
1239 1037 102 39 cogi-

770 1075 98 37 mur
826 1075 141 37 omnino
925 1075 155 37 dicere,
1037 1075 126 37 quod,
1121 1075 84 37 si
1163 1075 112 37 suum
1220 1075 126 37 immedia

766 1107 107 42 tum
827 1107 229 42 fundamentum
1010 1107 107 42 non
1072 1107 184 42 expectat
1194 1107 153 42 secundum

763 1137 123 48 actum
846 1137 219 48 intellectus,
1024 1137 96 48 nec
1079 1137 123 48 etiam
1161 1137 123 48 ipsum
1230 1137 123 48 formale

769 1175 219 45 complementum
947 1175 192 45 expectabit
1098 1175 178 45 constitui
1235 1175 96 45 per
1276 1175 68 45 eum

773 1205 96 49 dem
828 1205 164 49 secundum
951 1205 137 49 actum,
1047 1205 96 49 sed
1102 1205 192 49 necessario
1239 1205 110 49 consti

773 1243 138 45 tuetur
870 1243 96 45 per
925 1243 151 45 primum,
1035 1243 96 45 ita
1090 1243 83 45 vt
1131 1243 151 45 nunquam
1241 1243 96 45 sit
1282 1243 69 45 da-

768 1281 83 41 re
810 1281 207 41 fundamentum
975 1281 276 41 vniuersalitatis,
1209 1281 110 41 sine
1264 1281 83 41 ipsa

773 1304 246 50 vniuersalitate:
980 1304 181 50 quapropter
1123 1304 117 50 dico,
1201 1304 104 50 quod
1265 1304 78 50 si
1291 1304 65 50 vni

769 1344 152 43 uersalia
883 1344 152 43 dicantur
997 1344 203 43 intentiones,
1162 1344 101 43 quia
1225 1344 101 43 sint
1276 1344 76 43 for-

775 1385 133 36 maliter
872 1385 73 36 in
908 1385 182 36 intellectu,
1054 1385 182 36 vniuersalia
1199 1385 109 36 etiam
1260 1385 85 36 erunt

765 1414 191 42 formaliter
915 1414 82 42 in
956 1414 204 42 intellectu,
1119 1414 68 42 &
1147 1414 95 42 per
1188 1414 163 42 consequens

774 1451 88 41 non
825 1451 150 41 poterunt
937 1451 175 41 praedicari
1075 1451 75 41 de
1113 1451 113 41 rebus
1188 1451 113 41 extra
1251 1451 100 41 intel-

769 1482 140 48 lectum
853 1482 196 48 existentibus

808 1520 113 35 lmmo
878 1520 169 35 vlterius
1005 1520 211 35 sequeretur,
1160 1520 183 35 intellectum

774 1554 85 40 non
822 1554 121 40 facere
907 1554 230 40 vniuersalitatem
1101 1554 73 40 in
1137 1554 121 40 rebus,
1222 1554 85 40 sed
1270 1554 73 40 in
1295 1554 48 40 se

773 1590 121 45 ipso:
853 1590 81 45 Et
894 1590 108 45 ideo
961 1590 148 45 debemus
1068 1590 202 45 immaginari,
1229 1590 108 45 quod
1283 1590 54 45 si

770 1626 96 41 cut
825 1626 206 41 fundamentum
990 1626 261 41 vniuersalitatis
1209 1626 96 41 non
1251 1626 82 41 exi-

771 1659 91 34 stit
827 1659 68 34 in
861 1659 170 34 intellectu,
997 1659 79 34 sed
1043 1659 68 34 in
1076 1659 102 34 rebus
1144 1659 113 34 ipsis,
1224 1659 79 34 ita
1258 1659 79 34 etiam

768 1693 70 36 &
796 1693 112 36 suum
866 1693 154 36 formale
978 1693 238 36 complementum;
1173 1693 84 36 Et
1215 1693 112 36 ista
1271 1693 70 36 est

773 1728 166 35 intentio
897 1728 138 35 Arist:
994 1728 69 35 &
1022 1728 235 35 Commentatoris
1215 1728 124 35 primo
1284 1728 55 35 Me

764 1766 118 39 taph
838 1766 104 39 vbi
897 1766 163 39 arguunt
1016 1766 148 39 contra
1119 1766 178 39 Platonem
1238 1766 118 39 ponen-

772 1797 93 35 tem
825 1797 199 35 vniuersalia
984 1797 173 35 separata,
1117 1797 80 35 ex
1157 1797 80 35 eo
1197 1797 120 35 quod,
1263 1797 93 35 entia

769 1825 80 44 de
809 1825 133 44 quibus
902 1825 146 44 habemus
1008 1825 186 44 scientiam,
1154 1825 93 44 non
1207 1825 133 44 essent
1287 1825 66 44 vni

775 1865 165 42 uersalia:
902 1865 101 42 Quia
965 1865 114 42 sicut
1041 1865 114 42 nihil
1117 1865 127 42 potest
1206 1865 101 42 esse
1256 1865 89 42 album

782 1901 80 48 er
822 1901 173 48 albedinem
955 1901 187 48 separatam,
1102 1901 93 48 ita
1155 1901 120 48 etiam
1235 1901 120 48 nihil
1302 1901 53 48 po

774 1934 101 38 test
838 1934 101 38 esse
901 1934 177 38 vniuersale
1040 1934 89 38 per
1090 1934 240 38 vniuersalitatem
1280 1934 76 38 sepa

765 1971 139 43 ratam:
862 1971 70 43 &
890 1971 167 43 Comment.
1015 1971 139 43 ibidem
1113 1971 111 43 com.
1182 1971 97 43 43.
1238 1971 139 43 inquit

774 2004 91 37 ista
831 2004 160 37 sensibilia
956 2004 69 37 si
991 2004 69 37 in
1025 2004 80 37 eis
1071 2004 80 37 non
1116 2004 114 37 fuerit
1196 2004 137 37 intentio
1287 2004 69 37 vni:

768 2042 161 34 uersalis
888 2042 161 34 admixta,
1009 2042 94 34 non
1062 2042 121 34 erunt
1143 2042 121 34 entia
1210 2042 147 34 vniuersa-

767 2071 102 48 lia,
831 2071 64 48 &
857 2071 205 48 exemplificat
1023 2071 192 48 dealbedine,
1177 2071 77 48 vt
1215 2071 115 48 patet
1279 2071 77 48 ibi-

770 2107 176 51 Possumus
902 2107 117 51 ergo
975 2107 88 51 ex
1019 2107 102 51 his
1078 2107 146 51 habere
1166 2107 190 51 propositum;
