1500 2300
149 179 119 54 cere,
228 179 105 54 quod
294 179 119 54 Meth.
373 179 184 54 consideret
518 179 79 54 de
557 179 105 54 omni
610 179 92 54 ente-

172 229 174 40 Secundum
302 229 217 40 fundamentum
475 229 130 40 eorum
562 229 116 40 est,
620 229 87 40 quia

141 260 102 40 haec
205 260 141 40 videtur
308 260 102 40 mens
372 260 128 40 Arist.
461 260 77 40 4.
500 260 141 40 Metaph.
602 260 102 40 Tex.
654 260 38 40 1

152 294 90 37 Vbi
204 294 103 37 ante
268 294 180 37 diuisionem
409 294 116 37 entis
486 294 129 37 dicit,
576 294 103 37 quod
628 294 77 37 Meta

148 326 73 44 ph
184 326 171 44 considerat
318 326 122 44 entia,
404 326 73 44 vt
440 326 122 44 habent
513 326 183 44 attributionem

150 362 83 41 ad
192 362 125 41 vnum,
275 362 69 41 &
303 362 194 41 subiungit,
455 362 97 41 non
511 362 153 41 proprie
608 362 97 41 primi

151 394 84 44 est
199 394 156 44 scientia,
319 394 72 44 ex
355 394 84 44 quo
403 394 96 44 alia
464 394 144 44 pendent,
572 394 96 44 ergo
620 394 84 44 appa-

145 425 90 45 ret
197 425 103 45 quod
261 425 90 45 non
313 425 180 45 consideret
454 425 90 45 ens
506 425 77 45 vt
544 425 90 45 ens
583 425 116 45 simpli-

149 456 123 41 citer:
235 456 148 41 Accedit,
345 456 98 41 quod
407 456 74 41 in
444 456 111 41 eodem
518 456 123 41 quarto
604 456 123 41 dicit,

147 494 93 40 quod
206 494 82 40 tot
252 494 93 40 sunt
310 494 117 40 partes
392 494 198 40 philosophiae,
555 494 93 40 quot
602 494 93 40 sciae.

147 530 103 35 quod
212 530 90 35 non
263 530 116 35 esset
340 530 116 35 verum
418 530 103 35 nisi
482 530 180 35 substantia
611 530 90 35 esset

155 559 167 47 iubiectum,
286 559 84 47 nam
334 559 143 47 scientia
441 559 84 47 non
489 559 155 47 diuiditur
609 559 95 47 nisi
656 559 48 47 po

143 594 92 46 nes
195 594 184 46 diuisionem
340 594 171 46 subiecti.
472 594 79 46 Et
511 594 79 46 7.
550 594 131 46 Metaph
629 594 66 46 Tex

144 628 110 41 com.
213 628 82 41 5.
254 628 178 41 priusquam
391 628 206 41 probauerit,
556 628 110 41 quod
611 628 96 41 subie

145 660 102 41 ctum
209 660 165 41 praecedit
336 660 114 41 omnia
412 660 190 41 accidentia:
552 660 152 41 cognitione

150 694 206 38 definitione,
318 694 64 38 &
343 694 155 38 tempore:
459 694 129 38 statim
537 694 167 38 concludendo

147 729 135 40 dicit,
241 729 189 40 quapropter
389 729 121 40 nobis
470 729 148 40 maxime,
578 729 67 40 &
591 729 108 40 primum

154 759 88 34 est
205 759 126 34 dicere
293 759 75 34 de
330 759 88 34 hoc
380 759 100 34 ente
443 759 100 34 ergo
506 759 138 34 videtur
607 759 75 34 de
632 759 75 34 sub-

146 789 146 48 stantia
252 789 146 48 tanquam
357 789 79 48 de
397 789 159 48 subiecto
516 789 119 48 velle
582 789 93 48 agere

177 826 92 36 Sed
229 826 105 36 haec
295 826 131 36 opinio
386 826 105 36 mihi
452 826 144 36 videtur
556 826 78 36 in
582 826 118 36 omnibus

153 861 158 41 deficere,
275 861 110 41 primo
348 861 97 41 quia
409 861 85 41 est
457 861 122 41 contra
543 861 158 41 rationem,
652 861 61 41 se-

147 895 115 41 cundo
224 895 102 41 quia
288 895 89 41 est
339 895 128 41 contra
428 895 128 41 Arist.
517 895 128 41 tertio
607 895 102 41 quia
658 895 51 41 ra

155 925 128 44 tiones
245 925 102 44 quas
309 925 141 44 adducit
411 925 102 44 sunt
475 925 128 44 contra
552 925 77 44 eam-

142 959 157 45 Primo,
252 959 125 45 quod
330 959 110 45 sit
393 959 157 45 contra
502 959 188 45 rationem
628 959 78 45 pa-

156 998 84 33 tet
204 998 72 33 ex
240 998 133 33 tribus,
337 998 72 33 si
373 998 96 33 enim
433 998 193 33 consideraret
578 998 120 33 substan-

149 1026 101 41 tias
213 1026 76 41 vt
251 1026 177 41 subiectum,
390 1026 190 41 sequeretur,
542 1026 101 41 quod
606 1026 89 41 tuc
644 1026 63 41 nul

151 1061 79 38 lo
190 1061 105 38 modo
256 1061 210 38 consideraret
426 1061 196 38 accidentia,
583 1061 105 38 quod
636 1061 65 38 pa-

150 1095 101 38 tet.
214 1095 89 38 Nam
264 1095 114 38 omnia
340 1095 190 38 considerata
492 1095 76 38 in
530 1095 164 38 scientia,
644 1095 63 38 vel

154 1125 95 37 sunt
213 1125 166 37 principia,
344 1125 83 37 vel
391 1125 130 37 partes,
486 1125 83 37 vel
533 1125 154 37 passiones
640 1125 59 37 sub

156 1159 124 37 iecti;
243 1159 174 37 accidentia
379 1159 99 37 Vero
442 1159 87 37 non
491 1159 224 37 considerantur,
665 1159 50 37 vt

151 1195 177 42 principia,
291 1195 89 42 nec
341 1195 76 42 vt
379 1195 127 42 partes
468 1195 190 42 substantie,
620 1195 89 42 nec
658 1195 51 42 vt

157 1225 171 48 passiones,
291 1225 98 48 quia
352 1225 159 48 palliones
475 1225 220 48 considerantur,
646 1225 61 48 pro

173 1261 112 35 uanto
247 1261 186 35 demonstrari
396 1261 137 35 possunt
496 1261 75 35 de
533 1261 162 35 subiecto;
645 1261 62 35 ta-

157 1293 92 45 lis
209 1293 118 45 autem
288 1293 118 45 modus
366 1293 223 45 considerandi,
550 1293 131 45 omnino
628 1293 79 45 alie

151 1331 92 41 nus
204 1331 92 41 est
256 1331 66 41 a
283 1331 132 41 Metaph
375 1331 132 41 restat
467 1331 106 41 ergo
533 1331 92 41 vel
586 1331 106 41 quod
639 1331 66 41 Me-

153 1364 111 41 taph
222 1364 124 41 nullo
305 1364 111 41 modo
374 1364 193 41 consideret
526 1364 124 41 nouem
595 1364 111 41 genera

152 1394 190 42 accidentium,
306 1394 83 42 vel
354 1394 95 42 quod
413 1394 166 42 consideret
544 1394 107 42 illa,
615 1394 71 42 vt
639 1394 71 42 sunt

152 1428 127 44 partes
241 1428 127 44 entis,
330 1428 64 44 &
356 1428 89 44 sic
407 1428 102 44 erit
470 1428 89 44 ens
521 1428 178 44 subiectum;
648 1428 64 44 non

145 1460 170 44 substantia.

153 1497 69 42 2
181 1497 97 42 Tue
236 1497 138 42 Metaph
333 1497 97 42 non
388 1497 221 42 consideraret
554 1497 152 42 passiones

154 1528 116 41 entis,
236 1528 93 41 quia
294 1528 105 41 nusla
363 1528 139 41 scientia
468 1528 163 41 considerat
584 1528 128 41 passiones

155 1561 242 44 transcendentes
356 1561 121 44 genus
437 1561 94 44 sui
477 1561 148 44 subiecti.

150 1596 78 36 3
182 1596 233 36 Sequeretur,
368 1596 124 36 quod
445 1596 155 36 Metaph
538 1596 171 36 demonstra

147 1630 89 42 ret
198 1630 139 42 aliquam
299 1630 164 42 passionem
426 1630 76 42 de
464 1630 152 42 subiecto
577 1630 76 42 in
603 1630 101 42 conmu-

155 1663 90 43 ni,
207 1663 103 43 quae
271 1663 180 43 conueniret
413 1663 103 43 omni
477 1663 206 43 substantiae,
632 1663 77 43 quod

154 1698 97 43 est
210 1698 153 43 falsum.
321 1698 222 43 Consequentia
501 1698 180 43 probatur,
626 1698 83 43 quia

154 1730 167 42 passiones
283 1730 193 42 demostratae
437 1730 77 42 de
475 1730 154 42 subiecto
591 1730 77 42 in
616 1730 90 42 commu

149 1762 78 43 ni
188 1762 130 43 debent
279 1762 169 43 conuenire
409 1762 104 43 omni
474 1762 156 43 contento
591 1762 91 43 sub
630 1762 78 43 illo

153 1793 166 45 subiecto,
281 1793 141 45 propter
383 1793 102 45 quod
447 1793 217 45 conuenientius
626 1793 90 45 est
665 1793 51 45 di

151 1828 109 37 cere,
224 1828 97 37 quod
284 1828 85 37 sit
333 1828 97 37 ens,
394 1828 97 37 quia
454 1828 158 37 passiones
563 1828 146 37 attributae

157 1862 109 40 enti
226 1862 82 40 in
267 1862 150 40 communi
376 1862 178 40 probantur
513 1862 178 40 conuenire
636 1862 82 40 omni

159 1896 161 44 contento
279 1896 94 44 sub
320 1896 80 44 ente

204 1932 155 37 Secundo
317 1932 99 37 est
373 1932 141 37 contra
472 1932 183 37 Aristot.,
613 1932 71 37 &
627 1932 85 37 Com-

162 1962 86 43 Nam
211 1962 122 43 Arist.
296 1962 73 43 4.
333 1962 110 43 Meth.
406 1962 98 43 Tex.
467 1962 98 43 com.
529 1962 61 43 1
553 1962 135 43 inquit,
639 1962 73 43 quod

156 1997 84 40 est
204 1997 132 40 quaedam
300 1997 156 40 scientia,
420 1997 96 40 quae
479 1997 168 40 speculatur
611 1997 84 40 ens
647 1997 60 40 in-

157 2033 144 41 quantum
262 2033 105 41 ens:
327 2033 92 41 vbi
380 2033 105 41 vult
446 2033 171 41 Auerroes,
577 2033 105 41 quod
629 2033 79 41 tra-

163 2065 115 51 ctatus
243 2065 103 51 illae
312 2065 115 51 quarti
392 2065 103 51 libri
461 2065 138 51 continet
564 2065 92 51 duas
610 2065 103 51 partes:

719 179 71 70 in
755 179 106 70 prima
825 179 130 70 definit
920 179 153 70 subiectum
1038 179 118 70 artis,
1121 179 94 70 quod
1180 179 83 70 non
1215 179 59 70 sit

723 225 187 42 accidentia,
872 225 62 42 &
897 225 137 42 causas,
984 225 50 42 &c

743 261 103 42 Item
807 261 128 42 Arist.
897 261 77 42 in
936 261 128 42 quarto
1025 261 167 42 ostendit,
1154 261 103 42 quud
1205 261 64 42 Me-

714 291 95 44 taph
773 291 190 44 distinguitur
927 291 71 44 ab
963 291 107 44 alijs
1034 291 154 44 scientijs
1153 291 107 44 penes
1212 291 59 44 sub

719 327 122 48 iectum,
807 327 89 48 quia
863 327 144 48 quaelibet
973 327 89 48 alia
1029 327 133 48 scientia
1128 327 122 48 accipit
1206 327 55 48 pas

719 363 83 41 tem
767 363 107 41 entis
838 363 83 41 pro
886 363 143 41 subiecto
993 363 95 41 suae
1053 363 238 41 considerationis,

716 394 141 33 Metaph
815 394 127 33 autem
899 394 141 33 deente
998 394 85 33 in
1040 394 155 33 communi
1139 394 127 33 pertra-

714 423 104 48 ctat
779 423 144 48 tanquam
884 423 157 48 scientia
1001 423 170 48 communis;
1132 423 130 48 ibique
1210 423 52 48 A-

721 460 93 36 uer.
780 460 117 36 dicit.
861 460 163 36 Manifestum
989 460 93 36 est,
1048 460 93 36 esse
1106 460 128 36 aliquam
1187 460 82 36 scien

718 493 97 39 tiam
779 493 97 39 quae
839 493 170 39 considerat
973 493 73 39 de
1010 493 97 39 ente
1070 493 73 39 in
1107 493 73 39 eo
1143 493 97 39 quod
1192 493 73 39 ens,

719 527 59 37 &
743 527 71 37 de
779 527 190 37 accidentibus
933 527 178 37 specialibus
1076 527 119 37 entis;
1159 527 95 37 quae
1207 527 59 37 con

717 559 151 42 sideratio
834 559 81 42 non
880 559 81 42 est
927 559 140 42 alicuius
1031 559 186 42 particularis
1171 559 93 42 scien-

719 593 108 44 tiae,
791 593 96 44 ergo
839 593 60 44 &c.

750 622 106 42 Item
816 622 132 42 Arist.
909 622 146 42 conatur
1015 622 185 42 ostendere,
1147 622 119 42 quomodo

718 658 74 35 de
755 658 98 35 ente
816 658 86 35 sit
865 658 86 35 vna
914 658 160 35 scientia,
1037 658 86 35 cum
1087 658 86 35 ens
1136 658 86 35 sit
1173 658 98 35 multi-

726 695 111 36 plex,
800 695 62 36 &
825 695 87 36 non
874 695 111 36 vnius
948 695 148 36 rationis
1060 695 74 36 ad
1097 695 87 36 ea,
1146 695 74 36 de
1171 695 99 36 quibus

726 726 136 45 dicitur,
828 726 80 45 iam
873 726 91 45 vero
930 726 68 45 si
964 726 159 45 substantia
1089 726 102 45 esset
1157 726 80 45 hoc
1191 726 80 45 subie

723 760 111 33 ctum,
797 760 136 33 frustra
896 760 161 33 laboraret
1020 760 124 33 Arist.
1106 760 87 33 vbi
1143 760 124 33 Comenta-

716 793 84 41 tor
764 793 96 41 com.
824 793 120 41 secudo
908 793 120 41 dicit,
992 793 96 41 quod
1052 793 108 41 licet
1124 793 84 41 ens
1172 793 84 41 sit
1208 793 60 41 mul

725 826 172 39 tipliciter
860 826 135 39 dictum,
958 826 147 39 saluatur
1068 826 110 39 tamen
1141 826 110 39 ratio
1203 826 74 39 vni-

724 860 117 38 tatis
802 860 168 38 analogie,
931 860 142 38 quamuis
1035 860 91 38 non
1074 860 129 38 vniuoce.

726 888 97 44 Item
787 888 122 44 Arist.
872 888 73 44 in
908 888 158 44 principio
1030 888 109 44 sexti
1103 888 109 44 Meth.
1176 888 122 44 dicit,

724 924 102 47 quod
788 924 77 47 in
827 924 90 47 hac
878 924 154 47 scientia
993 924 179 47 quaeruntur
1134 924 141 47 causae,
1237 924 64 47 &

724 957 169 46 principia
854 957 130 46 entium
945 957 78 46 in
984 957 143 46 quantum
1089 957 117 46 entia
1167 957 91 46 vbi
1206 957 65 46 Con

721 1001 152 33 mentator
835 1001 101 33 ait,
898 1001 101 33 quod
961 1001 101 33 haec
1024 1001 152 33 scientia
1125 1001 152 33 considerat

724 1027 118 35 omnes
803 1027 144 35 speties
908 1027 131 35 entis,
999 1027 157 35 secundum
1118 1027 105 35 quod
1170 1027 105 35 entia:

724 1060 75 40 si
762 1060 113 40 autem
837 1060 163 40 subiectum
963 1060 113 40 esset
1038 1060 188 40 substantia,
1189 1060 88 40 tuc
1227 1060 50 40 Me

725 1092 105 37 taph
790 1092 92 37 non
843 1092 210 37 consideraret
1013 1092 79 37 de
1052 1092 223 37 accidentibus,
1236 1092 65 37 &

722 1127 187 45 substantia,
871 1127 112 45 sicut
946 1127 75 45 de
984 1127 162 45 quibusdam
1108 1127 162 45 spetiebus
1221 1127 62 45 en-

720 1157 102 48 tis,
784 1157 102 48 quia
847 1157 165 48 subiectum
974 1157 89 48 non
1025 1157 127 48 potest
1114 1157 152 48 supplere
1216 1157 63 48 mo-

727 1189 85 38 dum
775 1189 146 38 alicuius
885 1189 158 38 alterius;
1007 1189 170 38 substantia
1140 1189 109 38 vero,
1201 1189 73 38 quae

729 1227 133 42 ponitur
825 1227 84 42 ibi
873 1227 96 42 esse
934 1227 169 42 subiectum,
1066 1227 84 42 non
1102 1227 169 42 considerabi-

725 1258 86 45 tur
774 1258 62 45 a
799 1258 123 45 Metaph
885 1258 74 45 vt
922 1258 111 45 pars,
996 1258 86 45 nec
1045 1258 74 45 vt
1082 1258 136 45 speties
1180 1258 123 45 entis,

726 1290 98 47 quia
787 1290 98 47 tunc
848 1290 85 47 ens
897 1290 85 47 ibi
945 1290 207 47 principaliter
1104 1290 171 47 considerare-

732 1324 98 45 tur,
793 1324 85 45 cum
842 1324 110 45 tamen
915 1324 85 45 non
964 1324 110 45 esset
1037 1324 85 45 ibi
1086 1324 171 45 subiectum,
1208 1324 73 45 quod

724 1360 95 42 est
778 1360 176 42 absurdum.
913 1360 122 42 Eodem
994 1360 108 42 modo
1061 1360 135 42 potest
1142 1360 135 42 ostendi,

730 1391 103 51 quod
794 1391 90 51 non
846 1391 180 51 consideret
987 1391 77 51 de
1026 1391 219 51 accidentibus,
1193 1391 90 51 prout

731 1424 95 42 lunt
791 1424 119 42 partes
874 1424 119 42 entis,
957 1424 95 42 quia
1017 1424 107 42 nulla
1088 1424 143 42 scientia
1184 1424 95 42 consi-

729 1461 105 40 derat
799 1461 70 40 de
834 1461 163 40 attributis
962 1461 140 40 subiecto
1067 1461 93 40 suo,
1126 1461 70 40 vt
1160 1461 93 40 sunt
1207 1461 70 40 par-

730 1489 86 44 tes
779 1489 148 44 alicuius
890 1489 86 44 rei
939 1489 148 44 communis
1050 1489 209 44 transcedentis
1210 1489 74 44 sub-

727 1527 125 37 iectum
815 1527 113 37 suum,
890 1527 125 37 aliter
978 1527 163 37 transiret
1104 1527 138 37 limites
1191 1527 88 37 suos.

767 1555 116 43 Tertio
849 1555 128 43 deficit
942 1555 93 43 haec
1000 1555 128 43 opinio,
1093 1555 93 43 quia
1151 1555 151 43 rationes,

730 1590 98 42 quas
791 1590 110 42 habet
865 1590 86 42 pro
914 1590 74 42 se
950 1590 135 42 possunt
1048 1590 123 42 adduci
1134 1590 123 42 contra
1208 1590 74 42 eam.

732 1631 104 35 Nam
791 1631 104 35 cum
851 1631 133 35 primo
939 1631 163 35 dicunt,
1058 1631 118 35 quod
1117 1631 163 35 subiectum

730 1657 147 36 scientiae
843 1657 102 36 debet
911 1657 91 36 esse
968 1657 102 36 unius
1036 1657 136 36 generis,
1138 1657 68 36 si
1172 1657 91 36 haec
1217 1657 68 36 pro-

734 1690 122 39 posito
819 1690 85 39 sit
868 1690 98 39 vera
929 1690 195 39 simpliciter,
1088 1690 61 39 &
1100 1690 183 39 vniuersaliter

732 1726 74 38 vt
769 1726 160 38 assumitur
891 1726 74 38 ab
928 1726 98 38 eis,
989 1726 160 38 sequitur,
1112 1726 98 38 quod
1161 1726 123 38 substan-

725 1758 90 41 tia
777 1758 90 41 non
828 1758 90 41 sit
880 1758 168 41 subiectum
1009 1758 142 41 Metaphy
1112 1758 129 41 contra
1190 1758 90 41 eorum

719 1793 209 34 assertionem,
889 1793 117 34 probo
967 1793 235 34 consequentiam,
1163 1793 104 34 quia
1215 1793 65 34 sub

732 1824 127 40 stantia
825 1824 81 40 non
871 1824 81 40 est
917 1824 104 40 vnius
986 1824 138 40 generis;
1089 1824 81 40 nec
1135 1824 150 40 rationis,
1239 1824 46 40 ad

730 1857 198 39 substantiam
888 1857 132 39 primam
981 1857 106 39 quae
1047 1857 93 39 est
1100 1857 119 39 Deus,
1179 1857 66 39 &
1206 1857 79 39 ad
1232 1857 53 39 a-

731 1893 113 41 lias,
807 1893 63 41 &
832 1893 113 41 tamen
907 1893 125 41 Metaph
994 1893 175 41 determinat
1132 1893 75 41 de
1157 1893 125 41 vtrisque

761 1923 195 48 Confirmatio
917 1923 117 48 etiam
995 1923 91 48 pro
1047 1923 91 48 hac
1099 1923 169 48 praedicta
1216 1923 65 48 ra-

729 1957 110 42 tione
802 1957 85 42 non
851 1957 85 42 est
900 1957 85 42 pro
948 1957 110 42 illa.
1022 1957 85 42 Nam
1071 1957 73 42 si
1107 1957 85 42 ens
1144 1957 134 42 inquantum

733 1996 97 39 ens,
793 1996 85 39 non
842 1996 109 39 esset
914 1996 133 39 aliquid
1011 1996 85 39 per
1059 1996 73 39 se
1084 1996 193 39 intelligibile,

727 2025 101 45 quia
791 2025 114 45 vnico
867 2025 114 45 actum
942 2025 89 45 non
993 2025 215 45 intelligatur,
1170 2025 101 45 pari
1221 2025 63 45 ra-

729 2059 132 47 tione,
821 2059 93 47 nec
874 2059 199 47 substantia,
1033 2059 119 47 prout
1100 2059 185 47 comprehendit
