1500 2368
202 174 104 46 modo
267 174 170 46 vestigium
398 174 196 46 representet
554 174 196 46 Trinitatem,
698 174 78 46 quan

205 218 102 46 tum
263 218 87 46 ad
306 218 160 46 quaedam
408 218 189 46 appropriata

233 248 121 46 lmago
313 248 108 46 vero
381 248 121 46 vltra
462 248 108 46 hoc,
529 248 202 46 representat
678 248 94 46 eande

202 282 204 45 Trinitatem
363 282 160 45 quantum
479 282 87 45 ad
523 282 160 45 quaedam
625 282 146 45 propria,

200 326 101 37 quod
263 326 88 37 sic
314 326 126 37 patet,
402 326 88 37 nam
452 326 126 37 partes
540 326 151 37 imaginis
653 326 88 37 ita
691 326 88 37 deter

202 360 133 34 minate
295 360 213 34 representant
467 360 146 34 diuinas
574 360 159 34 personas
680 360 93 34 quan-

205 387 86 46 tum
254 387 74 46 ad
291 387 111 46 earum
365 387 148 46 propria,
476 387 74 46 vt
514 387 99 46 illa
575 387 99 46 pars
637 387 161 46 imaginis,

203 417 109 46 quae
271 417 204 46 representat
435 417 109 46 vnam
503 417 177 46 personam,
639 417 122 46 nullo
707 417 68 46 mo-

198 459 78 40 do
237 459 195 40 representet
393 459 130 40 aliam,
484 459 65 40 &
511 459 104 40 ideo
576 459 143 40 notitia
667 459 104 40 produ-

197 490 107 46 cta,
264 490 107 46 quae
331 490 94 46 est
385 490 148 46 verbum,
492 490 161 46 secundum
613 490 107 46 quod
680 490 81 46 in
707 490 67 46 no-

198 527 86 44 bis
247 527 86 44 est
296 527 135 44 secunda
395 527 98 44 pars
456 527 160 44 imaginis,
579 527 86 44 ita
616 527 160 44 representat

206 558 140 42 filium,
308 558 76 42 vt
346 558 114 42 nullo
422 558 101 42 modo
485 558 190 42 representet
638 558 127 42 Patre,
714 558 63 42 vel

193 590 163 48 Spiritum
316 590 163 48 Sanctum:
438 590 109 48 quia
506 590 149 48 neutrum
614 590 149 48 illorum
709 590 68 48 est

201 629 143 42 verbum:
305 629 91 42 sic
357 629 117 42 etiam
435 629 104 42 mens
501 629 104 42 ipsa
566 629 169 42 producens
683 629 91 42 talem

196 662 178 39 notitiam,
333 662 164 39 quatenus
457 662 123 39 habet
539 662 164 39 rationem
649 662 123 39 memoris

199 694 101 44 quae
262 694 88 44 est
313 694 113 44 prima
388 694 101 44 pars
451 694 164 44 imaginis;
577 694 88 44 ita
615 694 164 44 representat

198 730 151 42 Patrem,
308 730 110 42 quod
377 730 96 42 nec
432 730 151 42 Filium,
542 730 96 42 nec
597 730 165 42 Spiritum
707 730 69 42 San

203 768 133 40 ctum,
292 768 118 40 quia
366 768 162 40 neutrum
484 768 133 40 eorum
572 768 103 40 est
617 768 162 40 producens

198 800 178 48 notitiam,
335 800 110 48 quae
404 800 96 48 est
459 800 151 48 verbum:
568 800 123 48 eodem
651 800 123 48 modo,
733 800 69 48 &

208 834 99 40 amor
270 834 111 40 ipse,
344 834 87 40 qui
393 834 87 40 est
443 834 74 40 in
480 834 111 40 nobis
554 834 173 40 procedens,
690 834 62 40 &
703 834 74 40 con-

206 874 147 36 nectens
312 874 160 36 notitiam
432 874 147 36 genitam
539 874 107 36 (cum
606 874 107 36 ente
659 874 120 36 gignen-

206 903 80 47 te,
251 903 80 47 qui
297 903 80 47 est
342 903 114 47 tertia
422 903 91 47 pars
479 903 148 47 imaginis,
593 903 80 47 sic
627 903 148 47 representat

200 937 160 52 Spiritum
320 937 160 52 sanctum,
440 937 107 52 quod
506 937 93 52 nec
560 937 147 52 Patrem,
666 937 93 52 nec
706 937 67 52 Fi-

198 969 120 40 lium,
278 969 107 40 quia
345 969 120 40 solus
425 969 161 40 Spiritus
546 969 147 40 Sanctus
639 969 134 40 procedit

202 1004 95 40 hoc
257 1004 122 40 modo,
338 1004 81 40 vt
378 1004 135 40 nexus,
473 1004 81 40 ex
514 1004 135 40 quibus
609 1004 149 40 omnibus
703 1004 68 40 pa-

207 1041 88 44 tet
258 1041 76 44 in
296 1041 88 44 quo
346 1041 151 44 differat
459 1041 214 44 representatio
623 1041 151 44 Trinitatis

197 1076 89 44 per
248 1076 179 44 vestigium,
389 1076 77 44 ab
427 1076 89 44 ea,
478 1076 102 44 quae
542 1076 89 44 est
593 1076 89 44 per
632 1076 141 44 imaginem.

222 1119 355 79 ARTICVLVS
468 1119 273 79 SECVNDVS

239 1184 69 79 An
274 1184 116 79 partes
355 1184 139 79 vestigij
459 1184 92 79 sint
517 1184 162 79 distinctae
644 1184 104 79 inter
702 1184 46 79 se

411 1245 136 50 realiter,

238 1391 80 75 Ro
278 1391 94 75 hoc
332 1391 161 75 articulo
452 1391 94 75 est
506 1391 241 75 intelligendum,
693 1391 80 75 quod

266 1446 156 47 possumus
383 1446 117 47 loqui
461 1446 78 47 de
500 1446 156 47 vestigio
604 1446 169 47 dupliciter;

198 1493 138 39 primo,
295 1493 166 39 secundum
419 1493 111 39 quod
489 1493 180 39 reperitur
627 1493 138 39 tantum
710 1493 55 39 in

199 1522 144 46 entibus
303 1522 248 46 subsistentibus,
512 1522 65 46 &
538 1522 183 46 perfectis;
682 1522 65 46 &
695 1522 78 46 quia

201 1557 154 44 perfectio
319 1557 166 44 cuiuslibet
450 1557 83 44 rei
497 1557 189 44 subsistentis
639 1557 130 44 consistit

195 1600 72 35 in
231 1600 120 35 tribus
315 1600 143 35 realiter
422 1600 179 35 distinctis,
566 1600 60 35 a
590 1600 120 35 quibus
661 1600 108 35 sumitur

200 1627 103 44 ratio
268 1627 149 44 vestigij,
383 1627 69 44 vt
417 1627 115 44 statim
498 1627 138 44 patebit;
601 1627 126 44 idcirco
681 1627 92 44 loquen

198 1658 77 44 do
237 1658 77 44 de
275 1658 153 44 vestigio
390 1658 89 44 hoc
441 1658 115 44 modo,
518 1658 141 44 oportet
620 1658 128 44 dicere
696 1658 77 44 quod

201 1690 117 48 partes
283 1690 117 48 ipsius
365 1690 94 48 sint
423 1690 105 48 intet
494 1690 70 48 se
529 1690 140 48 realiter
622 1690 152 48 distinctae.

237 1728 101 41 Quod
300 1728 113 41 autem
376 1728 164 41 perfectio
502 1728 88 41 rei
552 1728 201 41 subsistentis
703 1728 63 41 con

194 1747 124 51 sistat
281 1747 75 51 in
318 1747 137 51 tribus,
417 1747 137 51 apparet
517 1747 174 51 testimonio
641 1747 124 51 Pythago-

187 1798 104 45 rae,
252 1798 104 45 qui,
317 1798 156 45 secundum
434 1798 104 45 quod
500 1798 208 45 introducitur
669 1798 78 45 ab
695 1798 78 45 Ari.

199 1831 74 40 1.
236 1831 112 40 Celi,
310 1831 149 40 ponebat,
422 1831 211 40 perfectionem,
595 1831 62 40 &
608 1831 161 40 totalitatem

200 1864 193 43 cuiuscunque
354 1864 90 43 rei
406 1864 180 43 consistere
547 1864 77 43 in
586 1864 103 43 hoc,
650 1864 103 43 quod
702 1864 64 43 ha-

194 1899 120 40 beret
274 1899 200 40 principium,
434 1899 147 40 medium,
540 1899 67 40 &
567 1899 133 40 finem,
660 1899 93 40 cui
700 1899 67 40 con

194 1938 141 36 cordat.
297 1938 128 36 Arist.
386 1938 128 36 ibidem
476 1938 141 36 probans
579 1938 90 36 per
630 1938 103 36 hoc,
681 1938 90 36 nume-

195 1970 98 43 rum
251 1970 210 43 dimensionum
419 1970 84 43 in
461 1970 140 43 tribus
559 1970 182 43 compleri.
685 1970 84 43 Haec

197 2000 105 49 autem
267 2000 93 49 tria
325 2000 70 49 si
360 2000 128 49 proprie
453 2000 186 49 accipiantur,
604 2000 140 49 realiter
697 2000 70 49 sunt

192 2040 170 36 distincta,
326 2040 85 36 nam
374 2040 158 36 perfectio
496 2040 85 36 rei
545 2040 195 36 subsistentis
703 2040 85 36 non

190 2071 192 44 dignoscitur
344 2071 89 44 per
395 2071 115 44 solam
471 2071 230 44 subsistentiam,
663 2071 89 44 cui
701 2071 64 44 com

193 2098 115 61 petit
270 2098 115 61 ratio
347 2098 179 61 principij,
488 2098 90 61 nec
539 2098 90 61 per
590 2098 115 61 solam
654 2098 103 61 virtu

795 174 108 49 tem,
862 174 95 49 cui
916 174 162 49 competit
1038 174 122 49 ratio
1119 174 135 49 medij,
1213 174 95 49 nec
1267 174 95 49 per
1308 174 68 49 so-

800 218 90 37 lam
851 218 205 37 operationem,
1018 218 90 37 cui
1069 218 153 37 competit
1184 218 115 37 ratio
1261 218 128 37 finis,

799 249 89 47 sed
850 249 89 47 per
901 249 102 47 haec
965 249 115 47 omnia
1042 249 102 47 tria
1106 249 128 47 simul,
1195 249 64 47 a
1221 249 128 47 quibus
1297 249 64 47 su-

789 288 122 40 mitur
871 288 122 40 ratio
952 288 176 40 vestigij,
1087 288 162 40 secundum
1209 288 108 40 vnam
1263 288 108 40 opinio

796 319 101 45 nem;
859 319 76 45 de
897 319 126 45 quibus
985 319 126 45 tribus
1073 319 126 45 statim
1162 319 176 45 apparebit,
1287 319 76 45 quod

794 354 98 39 sint
855 354 146 39 realiter
965 354 171 39 distincta,
1099 354 61 39 &
1123 354 85 39 sic
1172 354 122 39 partes
1245 354 122 39 vestigij

788 386 91 43 hoc
840 386 104 43 modo
905 386 156 43 accepti,
1022 386 156 43 realiter
1127 386 208 43 distinguuntur.

814 421 82 45 Si
855 421 124 45 autem
938 421 165 45 loquamur
1062 421 82 45 de
1103 421 179 45 vestigio,
1227 421 137 45 secundum

791 462 104 32 quod
856 462 168 32 inuenitur
985 462 78 32 in
1024 462 142 32 omnibus
1128 462 142 32 entibus
1231 462 155 32 creatis,

791 489 92 37 sic
843 489 92 37 est
896 489 118 37 maius
975 489 131 37 dubium
1067 489 79 37 de
1106 489 210 37 distinctione
1264 489 105 37 suarum

788 524 170 43 partium,
916 524 199 43 supponimus
1072 524 128 43 enim,
1157 524 114 43 quod
1228 524 128 43 omnia
1299 524 71 43 en-

789 559 101 39 tia,
853 559 89 39 cum
903 559 101 39 sint
966 559 101 39 aDeo
1030 559 164 39 producta,
1156 559 126 39 gerant
1245 559 76 39 in
1282 559 76 39 se
1308 559 63 39 Dei

797 592 258 48 similitudinem,
1012 592 72 48 &
1041 592 101 48 per
1098 592 201 48 consequens
1242 592 129 48 habeant

793 630 76 42 in
831 630 76 42 se
870 630 165 42 vestigium
997 630 191 42 Trinitatis,
1150 630 153 42 alioquin
1264 630 89 42 non
1302 630 64 42 pos

799 661 120 44 semus
879 661 160 44 saluare,
999 661 147 44 quomodo
1105 661 120 44 omnia
1185 661 107 44 sint
1239 661 133 44 constitu

801 702 78 37 ta
840 702 78 37 in
879 702 142 37 numero,
982 702 155 37 pondere,
1098 702 65 37 &
1124 702 155 37 mensura,
1241 702 103 37 per)
1292 702 78 37 quae

791 731 201 37 intelliguntur
957 731 95 37 tres
1016 731 118 37 partes
1099 731 154 37 vestigij,
1217 731 142 37 secundum
1312 731 59 37 P.-

799 766 90 45 Aug
851 766 64 45 4
876 766 116 45 super
954 766 90 45 Sen
1005 766 77 45 ad
1044 766 168 45 litteram,
1173 766 64 45 &
1199 766 77 45 in
1237 766 168 45 quaestio

798 804 128 39 nibus
883 804 85 39 ad
925 804 184 39 Horosvum:
1067 804 199 39 Quapropter
1223 804 170 39 oportet,

802 835 106 42 quod
868 835 106 42 haec
934 835 106 42 tria
1000 835 145 42 ambiant
1105 835 119 42 omnia
1184 835 132 42 entia,
1277 835 66 42 &
1290 835 79 42 quod

798 869 116 39 libet
875 869 90 39 ens
927 869 128 39 habeat
1016 869 90 39 ea,
1068 869 90 39 per
1119 869 103 39 quae
1183 869 90 39 Dei
1222 869 141 39 vestigium

778 902 117 49 gerat.

827 938 77 38 Et
866 938 102 38 hinc
929 938 102 38 est,
993 938 102 38 quod
1057 938 128 38 partes
1146 938 153 38 vestigij
1261 938 89 38 vno
1299 938 64 38 mo-

795 971 77 41 do
834 971 204 41 consueuerunt
999 971 166 41 assignari
1127 971 128 41 primae
1203 971 166 41 intentionis

800 1007 127 48 entis,
889 1007 153 48 scilicet
1004 1007 115 48 vnum,
1081 1007 127 48 verum,
1170 1007 64 48 &
1195 1007 127 48 bonum,
1285 1007 64 48 &
1297 1007 64 48 hoc

790 1048 225 43 rationabiliter,
979 1048 95 43 quia
1039 1048 95 43 ista
1098 1048 95 43 tria
1157 1048 142 43 videntur
1252 1048 106 43 congrue

792 1079 102 41 posse
860 1079 137 41 adaptari
962 1079 102 41 illis
1031 1079 114 41 tribus
1110 1079 148 41 praefatis
1224 1079 137 41 scilicet
1315 1079 46 41 nu

790 1119 115 39 mero,
867 1119 166 39 mensurae,
995 1119 64 39 &
1020 1119 153 39 ponderi;
1135 1119 89 39 nam
1186 1119 166 39 quodlibet
1301 1119 64 39 ens

797 1150 77 36 vt
836 1150 115 36 vnum,
913 1150 128 36 potest
1002 1150 103 36 dici
1066 1150 192 36 constitutum
1220 1150 77 36 in
1246 1150 115 36 numero,

792 1185 106 40 quia
858 1185 133 40 vnitas
951 1185 93 40 est
1004 1185 186 40 principium
1150 1185 146 40 numeri,
1257 1185 66 40 &
1270 1185 93 40 multi

795 1222 164 39 tudinis,
918 1222 68 39 &
945 1222 109 39 ideo
1014 1222 82 39 in
1054 1222 150 39 quantum
1163 1222 109 39 vnum
1232 1222 136 39 alicui
1313 1222 55 39 nu

787 1249 133 40 mero,
876 1249 104 40 vel
935 1249 222 40 multitudini
1113 1249 252 40 connumeratur,
1321 1249 74 40 &

792 1287 172 40 quodlibet
924 1287 93 40 ens
977 1287 79 40 in
1016 1287 145 40 quantum
1122 1287 132 40 verum,
1215 1287 132 40 potest
1294 1287 66 40 di-

790 1323 84 37 ci
832 1323 209 37 constitutum
999 1323 84 37 in
1041 1323 167 37 mensura,
1167 1323 112 37 quia
1223 1323 140 37 secundum

789 1352 145 47 Anselmum
898 1352 72 47 in
934 1352 84 47 lib
982 1352 72 47 de
1018 1352 157 47 Veritate,
1139 1352 109 47 illud
1211 1352 109 47 verum
1284 1352 97 47 est,

785 1387 106 39 quod
851 1387 120 39 habet
931 1387 159 39 quicquid
1050 1387 120 39 debet
1130 1387 146 39 habere,
1236 1387 106 39 tunc
1290 1387 66 39 au-

784 1421 98 42 tem
840 1421 126 42 habet
924 1421 112 42 omne
993 1421 112 42 quod
1063 1421 112 42 sibi
1133 1421 167 42 debetur,
1244 1421 112 42 quando

782 1457 109 39 suae
851 1457 164 39 mensurae
973 1457 218 39 conformatur,
1150 1457 177 39 similiter
1273 1457 82 39 omne

784 1489 105 46 ens,
850 1489 79 46 in
889 1489 145 46 quantum
994 1489 131 46 bonum,
1086 1489 131 46 potest
1178 1489 105 46 dici
1231 1489 131 46 constitu

786 1526 95 45 tum
841 1526 82 45 in
882 1526 163 45 pondere,
1004 1526 95 45 nam
1058 1526 122 45 sicut
1140 1526 136 45 corpus
1235 1526 95 45 per
1275 1526 82 45 suum

789 1565 129 37 pondus
879 1565 142 37 recedit
982 1565 64 37 a
1008 1565 103 37 loco
1073 1565 180 37 contrario,
1214 1565 64 37 &
1240 1565 116 37 vadit
1304 1565 52 37 ad

786 1594 114 40 locum
862 1594 101 40 sibi
925 1594 202 40 conuenientem
1090 1594 76 40 in
1128 1594 88 40 quo
1178 1594 164 40 saluatur,
1292 1594 63 40 sic

788 1626 70 45 &
816 1626 182 45 quodlibet
956 1626 98 45 ens
1012 1626 84 45 in
1054 1626 154 45 quantum
1165 1626 126 45 bonum
1235 1626 126 45 recedit

785 1662 62 43 a
809 1662 185 43 priuatione,
958 1662 62 43 &
982 1662 62 43 a
1007 1662 86 43 non
1056 1662 111 43 esse,
1131 1662 62 43 &
1155 1662 124 43 tendit
1242 1662 74 43 in
1267 1662 86 43 esse,

791 1696 68 44 a
819 1696 95 44 quo
859 1696 150 44 seruatur.

824 1731 146 41 Vlterius
933 1731 97 41 haec
994 1731 97 41 tria
1055 1731 146 41 videntur
1164 1731 158 41 congruere
1274 1731 85 41 illis

784 1771 124 42 tribus
871 1771 149 42 partibus
983 1771 162 42 vestigij,
1107 1771 100 42 quas
1169 1771 112 42 ponit
1244 1771 75 42 P.
1269 1771 87 42 Angu-

790 1806 65 41 4
816 1806 117 41 super
894 1806 91 41 Sen
946 1806 78 41 ad
985 1806 156 41 litteram
1103 1806 156 41 scilicet
1220 1806 130 41 modum,
1298 1806 65 41 spe

788 1839 117 38 ciem,
866 1839 65 38 &
892 1839 156 38 ordinem,
1009 1839 117 38 dicit
1087 1839 104 38 enim
1152 1839 78 38 P.
1191 1839 169 38 Ambrosius
1308 1839 52 38 su

784 1871 95 48 per
839 1871 108 48 Sen.
906 1871 108 48 quod
974 1871 149 48 mensura
1082 1871 108 48 omni
1149 1871 95 48 rei
1203 1871 122 48 modum
1271 1871 81 48 prae

783 1905 130 38 figit,
874 1905 65 38 &
900 1905 144 38 numerus
1005 1905 91 38 rei
1057 1905 144 38 speciem
1161 1905 157 38 praebet,
1279 1905 65 38 &
1292 1905 65 38 pon

779 1943 99 42 dus
835 1943 127 42 omnem
920 1943 99 42 rem
976 1943 85 42 ad
1019 1943 169 42 quierem,
1146 1943 71 42 &
1160 1943 197 42 stabilitatem

777 1974 152 39 trahit,
888 1974 97 39 Per
943 1974 97 39 hoc
998 1974 110 39 ergo
1067 1974 110 39 quod
1136 1974 138 39 dicit,
1219 1974 138 39 mensuram

779 2008 89 40 rei
830 2008 114 40 modum
906 2008 190 40 praefigere,
1058 2008 152 40 denotat,
1171 2008 89 40 ens
1222 2008 76 40 in
1247 2008 114 40 quantum

783 2043 117 44 vnum,
861 2043 91 44 sic
913 2043 104 44 esse
978 2043 208 44 modificatum,
1147 2043 78 44 vt
1186 2043 91 44 per
1225 2043 143 44 confirmi-

773 2079 124 39 tatem
856 2079 83 39 ad
897 2079 110 39 suam
966 2079 165 39 mensuram
1090 2079 124 39 habet
1172 2079 165 39 quicquid
1282 2079 83 39 sibi

774 2113 159 48 debetur,
893 2113 132 48 dicens
985 2113 119 48 vero,
1064 2113 106 48 quod
1130 2113 145 48 numerus
1236 2113 92 48 rei
1276 2113 79 48 spe
