1500 2062
113 151 111 48 Tertio
191 151 166 48 intellectus
324 151 111 48 fertur
401 151 100 48 super
468 151 100 48 rosam
524 151 55 48 sim

82 197 136 38 pliciter,
186 197 136 38 quaeratur
290 197 84 38 ergo
343 197 63 38 de
374 197 84 38 rosa
426 197 157 38 intellecta;
541 197 42 38 an

88 225 74 37 sit
130 225 116 37 ipsamet
214 225 168 37 intellectio,
350 225 74 37 qua
392 225 179 37 intelligitur,
529 225 53 37 vel

88 253 113 33 species
170 253 92 33 rosae
231 253 61 33 in
262 253 154 33 intellectu,
385 253 72 33 vel
425 253 102 33 aliqua
487 253 92 33 particu

86 285 98 32 laris
151 285 87 32 rosa
205 285 98 32 extra
271 285 174 32 intellectum,
411 285 76 32 vel
455 285 98 32 omnes
509 285 76 32 rosae

83 314 60 37 in
113 314 80 37 esse
163 314 100 37 reali,
233 314 50 37 &
253 314 130 37 abstracto
353 314 90 37 extra
413 314 160 37 intellectum,
533 314 50 37 vel

89 348 98 35 omnes
155 348 120 35 positae
242 348 65 35 in
275 348 87 35 esse
329 348 185 35 intentionali,
482 348 55 35 &
493 348 87 35 appare

87 373 74 37 ti,
130 373 95 37 quasi
193 373 74 37 vna
236 373 85 37 rosa
289 373 127 37 totalis;
384 373 116 37 primum,
469 373 53 37 &
479 373 106 37 secundum

88 407 73 37 non
129 407 115 37 possunt
213 407 94 37 dici,
276 407 84 37 quia
328 407 84 37 tunc
380 407 84 37 rosa
433 407 63 37 in
454 407 125 37 intellectu

89 437 75 29 non
132 437 182 29 praedicaretur
282 437 64 29 de
314 437 96 29 rosis
378 437 171 29 existentibus
507 437 75 29 extra

83 466 182 29 intellectum,
230 466 125 29 tertium
321 466 80 29 non
367 466 102 29 habet
435 466 102 29 locum
503 466 68 29 in
526 466 57 29 pro

90 499 116 32 posito,
175 499 85 32 quia
228 499 95 32 nulla
291 499 85 32 rosa
344 499 169 32 patticularis
481 499 95 32 extra
534 499 53 32 in-

87 524 148 34 tellectum
201 524 80 34 est
246 524 91 34 rosa
304 524 126 34 totalis
395 524 137 34 communis
486 524 103 34 omnibus

91 558 109 32 rosis:
167 558 120 32 quartum
254 558 120 32 membrum
342 558 76 32 est
385 558 174 32 impossibile,
516 558 65 32 quia

90 583 121 38 rediret
178 583 110 38 opinio
255 583 143 38 Platonis,
364 583 132 38 sequitur
463 583 99 38 ergo,
518 583 66 38 quod

84 615 87 35 rosa
138 615 76 35 sic
182 615 152 35 intellecta
301 615 76 35 nil
345 615 98 35 aliud
410 615 87 35 sit,
464 615 87 35 quam
508 615 76 35 omnes

91 644 92 37 rosae
152 644 113 37 positae
234 644 62 37 in
265 644 82 37 esse
316 644 174 37 intentionali,
460 644 51 37 &
470 644 113 37 apparenti

118 677 118 36 Quarto
201 677 71 36 in
236 677 94 36 omni
295 677 177 36 apparitione
437 677 130 36 aliquid
519 677 71 36 appa

84 709 83 32 ret,
136 709 52 32 &
157 709 94 32 capit
219 709 83 32 esse
271 709 125 32 appares;
365 709 156 32 intellectio
490 709 73 32 est
521 709 63 32 quae

88 733 83 39 dam
136 733 143 39 formalis
243 733 167 39 apparitio;
374 733 95 39 ergo
434 733 83 39 &c.
482 733 83 39 Sed
517 733 72 39 quod

83 758 121 46 recipit
171 758 88 46 esse
226 758 132 46 apparens
325 758 77 46 per
369 758 209 46 intellectionem,
534 758 55 46 non

97 793 68 38 est
136 793 87 38 nisi:
194 793 68 38 res
233 793 146 38 intellecta,
350 793 78 38 quae
399 793 146 38 intellectio
506 793 87 38 apparet

93 824 93 37 ergo
151 824 81 37 per
198 824 209 37 intellectionem
372 824 81 37 res
418 824 116 37 ponunt
499 824 70 37 in
522 824 70 37 quo-

91 857 83 37 dam
138 857 94 37 esse
197 857 165 37 apparenti;
327 857 106 37 Maior
398 857 83 37 est
445 857 106 37 nota.
504 857 83 37 Minor

93 879 145 42 probatur,
204 879 89 42 quia
260 879 100 42 sicut
327 879 111 42 albedo
405 879 67 42 se
438 879 100 42 habet
505 879 67 42 ad
527 879 67 42 esse

100 908 103 41 album;
172 908 72 41 ita
213 908 135 41 apparitio
317 908 62 41 ad
348 908 83 41 esse
400 908 135 41 apparens,
503 908 72 41 sed
534 908 52 41 al-

95 939 107 39 bedine
170 939 75 39 res
213 939 118 39 accipit
299 939 86 39 esse
353 939 107 39 album;
428 939 86 39 ergo
471 939 118 39 apparitio

88 977 66 32 ne
121 977 77 32 res
165 977 121 32 accipit
252 977 88 32 esse
307 977 142 32 apparens,
417 977 55 32 &
439 977 175 32 confirmatur,

92 1004 87 37 quia
146 1004 65 37 si
179 1004 76 37 res
222 1004 152 37 intellecta
342 1004 76 37 non
385 1004 119 37 caperet
472 1004 87 37 esse
515 1004 76 37 appa-

91 1033 107 34 rens,
162 1033 83 34 non
210 1033 225 34 intelligeretur,
399 1033 95 34 nisi
459 1033 119 34 quadam
530 1033 59 34 ex-

92 1061 153 37 trinseca
207 1061 230 37 denominatione,
399 1061 192 37 quemadmodum
540 1061 51 37 Ce

91 1091 75 37 sar
134 1091 107 37 pictus
209 1091 64 37 in
240 1091 117 37 Pariete
326 1091 75 37 non
368 1091 117 37 dicitur
454 1091 117 37 pictus,
528 1091 64 37 nisi

90 1119 123 39 quadam
176 1119 172 39 extrinseca
310 1119 221 39 denominatione,
494 1119 74 39 eo
519 1119 74 39 quod

95 1155 117 37 pictura
180 1155 74 37 non
223 1155 128 37 accipiat
319 1155 85 37 nisi
372 1155 85 37 esse
425 1155 138 37 apparens,
531 1155 53 37 &
542 1155 53 37 sic

95 1179 143 42 probant
199 1179 130 42 primam
277 1179 195 42 propoiitionem

131 1208 121 42 Probant
219 1208 121 42 insuper
307 1208 121 42 alteram
394 1208 198 42 propositionem.
548 1208 44 42 si

87 1238 102 44 quod
151 1238 115 44 amans
228 1238 90 44 per
279 1238 128 44 amorem
369 1238 141 44 ponatur
471 1238 115 44 extra
535 1238 51 44 si

99 1273 107 33 circa
171 1273 83 33 rem
218 1273 131 33 amatam:
313 1273 119 33 Primo,
397 1273 95 33 quia
456 1273 83 33 per
504 1273 119 33 amorem

99 1296 114 42 fertur
178 1296 68 42 in
212 1296 80 42 rem
258 1296 125 42 amatam,
349 1296 91 42 quae
405 1296 80 42 est
451 1296 102 42 extra
508 1296 80 42 aman-

96 1326 90 34 tem
147 1326 153 34 secundum
262 1326 77 34 P.
301 1326 141 34 August.
403 1326 166 34 dicentem:
518 1326 77 34 Amor

98 1359 94 40 meus
157 1359 117 40 pondus
239 1359 106 40 meum,
309 1359 82 40 &c.
356 1359 129 40 Secundo
450 1359 94 40 quia
509 1359 82 40 (vt
544 1359 47 40 di

102 1387 119 37 cunt).
185 1387 143 37 quilibet
292 1387 107 37 amans
363 1387 131 37 alterum
458 1387 107 37 amore
518 1387 71 37 amic

98 1424 85 34 tiae
151 1424 138 34 experitur
258 1424 64 34 in
290 1424 64 34 se
321 1424 85 34 ipso
375 1424 117 34 quandam
449 1424 138 34 inclinatio.

99 1450 104 37 nem,
164 1450 65 37 &
190 1450 143 37 quandam
294 1450 91 37 vim
346 1450 169 37 vnitiuam,
462 1450 130 37 secundum

93 1484 92 34 quam
150 1484 160 34 inclinatur
276 1484 69 34 in
310 1484 80 34 rem
356 1484 126 34 amatam,
447 1484 69 34 vt
482 1484 92 34 illi
527 1484 69 34 vnia

93 1506 85 42 tur,
147 1506 53 42 &
168 1506 139 42 inhaereat
275 1506 117 42 propter
360 1506 64 42 se
392 1506 107 42 ipsam,
467 1506 53 42 &
488 1506 85 42 ideo
531 1506 64 42 quod

96 1543 128 35 recipit
189 1543 93 35 esse
248 1543 116 35 vnitam
329 1543 82 35 per
376 1543 116 35 amorem
457 1543 82 35 non
504 1543 82 35 est
539 1543 58 35 res

103 1566 117 40 amata,
185 1566 82 40 sed
232 1566 93 40 ipse
290 1566 117 40 amans:
372 1566 129 40 Constat
465 1566 105 40 autem
524 1566 70 40 quod

97 1596 75 41 non
140 1596 117 41 recipit
225 1596 139 41 huiusmodi
332 1596 85 41 esse
386 1596 139 41 realiter,
492 1596 75 41 sed
524 1596 75 41 spiri

102 1628 146 42 tualiter,
214 1628 56 42 &
236 1628 224 42 intentionaliter;
427 1628 90 42 ergo
483 1628 90 42 idem
528 1628 67 42 quod

78 1659 95 45 prius

131 1664 75 64 His
174 1664 129 64 probatis
271 1664 161 64 distinguunt
400 1664 64 64 de
421 1664 172 64 intelligentia,

102 1705 56 47 &
124 1705 102 47 amore
192 1705 147 47 dicentes,
305 1705 90 47 quod
361 1705 192 47 intelligentia
508 1705 90 47 potest

104 1742 109 43 accipi
180 1742 163 43 dupliciter;
311 1742 76 43 vno
355 1742 87 43 modo
409 1742 76 43 pro
452 1742 87 43 actu
496 1742 98 43 intelle

103 1771 123 42 ctionis,
195 1771 72 42 quo
236 1771 72 42 res
277 1771 144 42 intellecta
390 1771 113 42 ponitur
472 1771 62 42 in
503 1771 82 42 esse
544 1771 51 42 con

105 1803 110 46 picuo,
182 1803 55 46 &
204 1803 154 46 apparenti,
325 1803 88 46 alio
380 1803 88 46 modo
435 1803 77 46 pro
479 1803 66 46 re
501 1803 88 46 intel-

112 1835 93 47 ecta,
173 1835 123 47 quatenus
266 1835 103 47 posita
338 1835 72 47 est
379 1835 62 47 in
410 1835 82 47 tali
461 1835 82 47 esse
502 1835 93 47 appare

590 157 84 47 ti,
638 157 60 47 &
662 157 203 47 intentionali,
829 157 60 47 &
853 157 84 47 hoc
901 157 96 47 modo
961 157 120 47 verbum
1032 157 60 47 men

596 195 80 43 tale
646 195 70 43 nil
686 195 90 43 aliud
745 195 70 43 est
785 195 120 43 (dicunt)
875 195 80 43 nisi
925 195 70 43 res
965 195 110 43 formata
1034 195 50 43 por

601 226 168 34 intellectum,
738 226 53 34 &
759 226 63 34 in
791 226 84 34 tali
843 226 84 34 esse
896 226 116 34 posita,
980 226 53 34 &
1001 226 84 34 hinc
1043 226 53 34 est

596 255 99 38 quod
658 255 74 38 P.
695 255 99 38 Aug.
757 255 124 38 vbique
843 255 111 38 vocat
918 255 124 38 verbum
992 255 99 38 forma-

596 291 79 35 tam
641 291 181 35 cognitionem,
788 291 79 35 non
833 291 90 35 quod
890 291 79 35 sit
935 291 90 35 ipsa
980 291 113 35 cognitio

595 315 132 32 formalis,
696 315 71 32 sed
737 315 81 32 quia
787 315 71 32 est
828 315 71 32 res
868 315 111 32 cognita
949 315 61 32 in
980 315 81 32 tali
1030 315 81 32 esse

596 345 136 37 formato,
697 345 56 37 &
720 345 147 37 apparenti
833 345 124 37 posita,
923 345 169 37 Distinguunt
1048 345 56 37 si-

602 376 123 34 militer
691 376 67 34 de
725 376 100 34 amore
792 376 145 34 dicentes,
903 376 89 34 quod
959 376 112 34 potest
1026 376 78 34 acci-

597 404 66 38 pi
630 404 77 38 pro
674 404 99 38 amore
740 404 132 38 formali,
839 404 77 38 vel
884 404 77 38 pro
928 404 99 38 esse,
994 404 77 38 quo
1027 404 77 38 amas:

596 439 95 33 per
651 439 122 33 actum
732 439 135 33 amoris
827 439 135 33 fertur
921 439 81 33 in
962 439 149 33 amatum.

606 471 74 30 Ad
643 471 173 30 propositum
779 471 124 30 dicunt
865 471 99 30 quod
915 471 185 30 intelligentia

605 497 63 38 vt
637 497 74 38 est
679 497 85 38 pars
732 497 137 38 imaginis,
838 497 74 38 non
880 497 95 38 debet
944 497 106 38 accipi
1017 497 74 38 pro
1049 497 53 38 ip-

604 524 61 30 sa
634 524 172 30 intellectione
776 524 122 30 formali;
868 524 81 30 quia
918 524 71 30 sic
959 524 91 30 esset
1020 524 61 30 in
1040 524 61 30 ani-

595 553 91 38 ma,
647 553 195 38 quemadmodum
803 553 117 38 color
880 553 78 38 in
919 553 156 38 corpore,
1023 553 78 38 quod

603 584 74 34 est
646 584 106 34 contra
720 584 64 34 P.
752 584 85 34 Aug.
805 584 128 34 superius
901 584 149 34 allegatum,
1018 584 74 34 sed
1050 584 53 34 de-

600 614 74 35 bet
643 614 105 35 accipi
716 614 74 35 pro
758 614 63 35 re
790 614 158 35 intellecta,
916 614 63 35 vt
947 614 74 35 est
989 614 105 35 posita
1052 614 53 35 an-

600 645 66 31 te
633 645 110 31 animam
710 645 66 31 in
743 645 88 31 esse
798 645 154 31 conspicuo,
919 645 55 31 &
941 645 154 31 apparenti;
1062 645 55 31 &

598 673 82 37 sic
645 673 105 37 habet
715 673 140 37 rationem
820 673 117 37 verbi,
902 673 94 37 quod
961 673 82 37 est
996 673 105 37 secunda

606 706 97 34 pars
667 706 158 34 imaginis;
788 706 109 34 eodem
861 706 97 34 modo
921 706 121 34 dicunt
1006 706 73 34 de
1030 706 73 34 amo-

605 732 77 35 re,
649 732 66 35 vt
682 732 77 35 est
727 732 89 35 pars
782 732 144 35 imaginis,
893 732 89 35 quod
948 732 77 35 non
981 732 122 35 accipitur

609 762 76 40 pro
653 762 87 40 actu
707 762 119 40 formali
793 762 119 40 amoris,
880 762 76 40 sed
924 762 76 40 pro
967 762 119 40 ipsamet
1043 762 54 40 sub

609 790 118 42 stantia
695 790 107 42 animae
770 790 128 42 amantis,
866 790 75 42 quo
909 790 86 42 mono
962 790 118 42 recipit
1037 790 64 42 quod

612 823 80 35 dam
657 823 91 35 esse
714 823 193 35 intentionale,
873 823 57 35 &
896 823 80 35 sic
941 823 136 35 saluant,
1032 823 68 35 quod

607 851 95 36 nulla
671 851 85 36 pars
724 851 127 36 lmaginis
819 851 74 36 est
862 851 148 36 inhaerens,
978 851 74 36 sed
1010 851 95 36 quaeli-

603 883 74 31 bet
646 883 74 31 est
688 883 158 31 subsistens,
815 883 53 31 &
836 883 137 31 quaelibet
942 883 74 31 est
984 883 85 31 tota
1026 883 74 31 anima

606 912 95 35 sicut
670 912 116 35 videtur
754 912 105 35 dicere
827 912 63 35 P.
859 912 116 35 August.
943 912 63 35 vt
975 912 95 35 patet
1038 912 63 35 ex
1059 912 42 35 di

606 942 93 36 ctis;
667 942 82 36 ideo
719 942 144 36 substantia
832 942 103 36 animae
904 942 93 36 prout
966 942 134 36 subsistit
1059 942 41 36 in

605 976 88 36 esse
660 976 132 36 realiter
759 976 77 36 est
803 976 99 36 prima
868 976 88 36 pars
923 976 143 36 imaginis,
1022 976 77 36 prout

613 1001 118 40 ponitur
699 1001 86 40 ante
753 1001 64 40 se
785 1001 204 40 intentionaliter
957 1001 64 40 in
989 1001 86 40 esse
1032 1001 64 40 con-

605 1031 121 39 spicuo,
693 1031 55 39 &
715 1031 142 39 apparenti
824 1031 77 39 est
868 1031 121 39 secunda
956 1031 99 39 pars,
1021 1031 55 39 &
1032 1031 66 39 pro-

607 1060 65 33 ut
640 1060 119 33 ponitur
726 1060 97 33 extra
791 1060 65 33 si
824 1060 206 33 intentionaliter
997 1060 65 33 in
1018 1060 76 33 amato

611 1091 73 38 est
652 1091 105 38 tertia
726 1091 94 38 pars,
789 1091 52 38 &
810 1091 126 38 secundum
904 1091 94 38 istos
967 1091 84 38 tres
1019 1091 105 38 modos,

611 1123 59 28 &
635 1123 153 28 quemlibet
753 1123 106 28 eorum
824 1123 189 28 intelligitur
977 1123 94 28 tota
1024 1123 83 28 anima

608 1149 168 38 subsistens:
742 1149 90 38 Vnde
798 1149 67 38 si
832 1149 135 38 vellemus
933 1149 157 38 respondere
1045 1149 56 38 iux

608 1180 69 35 ta
642 1180 103 35 eorum
711 1180 149 35 opinionem
826 1180 149 35 praesenti
941 1180 138 35 articulo
1033 1180 80 35 opor.

609 1213 103 34 teret
677 1213 126 34 dicere,
769 1213 92 34 quod
826 1213 115 34 partes
907 1213 138 34 imaginis
1010 1213 69 34 in
1033 1213 80 34 anima

609 1240 73 33 non
650 1240 83 33 sint
702 1240 125 33 realiter
796 1240 157 33 distinctae,
922 1240 83 33 quia
974 1240 73 33 non
1016 1240 83 33 sunt
1057 1240 42 33 in

610 1269 95 38 anima
674 1269 95 38 sicut
737 1269 63 38 in
769 1269 137 38 subiecto,
874 1269 74 38 sed
917 1269 84 38 sunt
969 1269 116 38 ipsamet
1043 1269 53 38 aia

641 1299 92 42 Haec
699 1299 104 42 tamen
768 1299 115 42 opinio
849 1299 138 42 continet
953 1299 104 42 plura
1011 1299 92 42 dubia,

613 1331 55 37 &
635 1331 121 37 videtur
723 1331 132 37 deficere
822 1331 66 37 in
855 1331 77 37 se,
898 1331 55 37 &
920 1331 66 37 in
953 1331 88 37 suis
997 1331 110 37 fundamen

608 1357 102 40 tis;
672 1357 89 40 nam
723 1357 127 40 primum
812 1357 191 40 fundamentum
964 1357 127 40 eorum,
1040 1357 64 40 cum

607 1386 112 42 dicunt
685 1386 78 42 rem
730 1386 135 42 cognitam
831 1386 135 42 accipere
932 1386 90 42 esse
977 1386 123 42 intentio-

613 1417 100 42 nale,
680 1417 56 42 &
702 1417 134 42 apparens
803 1417 78 42 per
847 1417 100 42 actum
914 1417 179 42 cognitionis,
1048 1417 56 42 vi-

611 1445 116 41 detur
689 1445 220 41 multipliciter
870 1445 142 41 falsum.

642 1473 109 45 Primo;
719 1473 87 45 quia
773 1473 66 45 si
806 1473 76 45 res
850 1473 120 45 cognita
937 1473 142 45 acciperet
1035 1473 66 45 tale

608 1509 86 35 esse
662 1509 140 35 apparens,
770 1509 76 35 vel
813 1509 76 35 hoc
857 1509 97 35 esset
921 1509 97 35 prout
986 1509 119 35 existit
1062 1509 43 35 in

611 1544 114 33 anima,
690 1544 80 33 vel
736 1544 102 33 prout
804 1544 125 33 existit
895 1544 102 33 extra
963 1544 125 33 animam;
1042 1544 57 33 non

612 1567 129 43 primum,
706 1567 94 43 quia
764 1567 82 43 hoc
811 1567 94 43 modo
870 1567 82 43 res
917 1567 129 43 cognita
1010 1567 82 43 non
1045 1567 59 43 est

611 1600 111 36 aliud,
689 1600 89 36 quam
744 1600 144 36 cognitio;
855 1600 78 36 nec
899 1600 144 36 secundum,
1010 1600 89 36 quia
1055 1600 44 36 co

604 1623 104 42 gnitio
676 1623 83 42 ipsa
728 1623 73 42 non
769 1623 73 42 est
811 1623 93 42 forma
873 1623 73 42 rei
914 1623 135 42 cognitae,
1018 1623 73 42 sed
1049 1623 52 42 po-

607 1655 122 34 tentiae
695 1655 188 34 cognoscentis;
850 1655 166 34 Quapropter,
983 1655 77 34 cum
1016 1655 89 34 dicunt

608 1689 186 42 cognitionem
756 1689 99 42 esse
818 1689 124 42 quadam
905 1689 149 42 formalem
1004 1689 99 42 appari

614 1712 114 38 tionem,
696 1712 72 38 qua
738 1712 114 38 aliquid
821 1712 114 38 recipit
903 1712 83 38 esse
955 1712 135 38 apparens,
1048 1712 52 38 se-

611 1748 111 34 quitur
689 1748 156 34 necessario
811 1748 67 34 ex
845 1748 111 34 dictis
923 1748 111 34 eorum,
1001 1748 89 34 quod
1045 1748 56 34 hoc

609 1775 78 47 non
653 1775 78 47 sit
698 1775 89 47 esse
753 1775 89 47 nisi
809 1775 133 47 potentia
908 1775 166 47 cognoscens,
1041 1775 55 47 &
1053 1775 55 47 non

607 1807 76 37 res
640 1807 109 37 cognita-

634 1811 129 64 Secundo,
731 1811 65 64 si
763 1811 140 64 quaeratur
871 1811 65 64 ab
903 1811 86 64 eis,
957 1811 86 64 quid
1011 1811 86 64 ipsi
1054 1811 54 64 in
