1500 2385
174 173 73 47 &
204 173 161 47 amorem,
321 173 132 47 prout
409 173 88 47 de
453 173 161 47 ratione
570 173 176 47 memoriae
687 173 73 47 est

168 215 141 44 gignere
270 215 115 44 ipsam
347 215 166 44 notitiam,
475 215 64 44 &
500 215 89 44 sic
552 215 153 44 realiter
654 215 102 44 distin

170 253 124 42 guitur
257 253 62 42 a
281 253 149 42 notitia,
393 253 99 42 quia
456 253 149 42 gignens,
567 253 62 42 &
592 253 137 42 genitum
679 253 75 42 rea-

175 287 119 42 liter
254 287 225 42 distinguuntur
439 287 79 42 in
479 287 172 42 quacunque
611 287 145 42 natura,
716 287 66 42 &

176 323 85 41 per
224 323 182 41 consequens,
370 323 73 41 si
407 323 85 41 est
455 323 146 41 realiter
565 323 158 41 distincta
674 323 85 41 noti-

170 357 104 41 tia,
235 357 104 41 quam
300 357 143 41 gignit,
404 357 117 41 multo
482 357 117 41 magis
560 357 104 41 erit
625 357 78 41 ab
651 357 104 41 amore;

176 389 103 44 quia
240 389 142 44 notitia
343 389 90 44 est
395 389 180 44 principium
536 389 142 44 amoris,
639 389 64 44 &
665 389 90 44 sic
704 389 51 44 ha

169 424 113 53 bemus
245 424 100 53 tres
307 424 125 53 partes
395 424 151 53 imaginis
508 424 151 53 realiter
608 424 151 53 distinctas

167 459 135 47 inter
242 459 60 47 se

205 487 105 51 Est
265 487 135 51 tamen
355 487 195 51 notandum,
506 487 120 51 quod
581 487 165 51 memoria
686 487 75 51 sic

165 530 148 47 accepta,
276 530 136 47 quamuis
374 530 86 47 sit
424 530 160 47 distincta
547 530 62 47 a
572 530 148 47 notitia,
683 530 74 47 ex
708 530 49 47 a-

163 565 115 44 more,
240 565 89 44 non
291 565 89 44 est
342 565 115 44 tamen
418 565 166 44 distincta
546 565 77 44 ab
584 565 153 44 essentia
686 565 64 44 ani

167 603 100 39 mae,
230 603 113 39 quia,
305 603 88 39 cum
356 603 113 39 anima
431 603 75 39 se
468 603 176 39 cognoscit,
606 603 138 39 ipsamet
694 603 63 39 no-

169 636 125 44 titiam
256 636 87 44 sui
306 636 137 44 gignit,
406 636 112 44 sicut
480 636 112 44 patet
555 636 87 44 per
605 636 75 44 P.
643 636 112 44 Augu.
705 636 50 44 in

168 670 146 46 pluribus
277 670 121 46 locis,

204 703 115 44 Alio
276 703 115 44 modo
348 703 188 44 accipitur
492 703 159 44 memoria
608 703 130 44 prout
680 703 72 44 di-

166 738 187 49 stinguitur
312 738 67 49 a
339 738 133 49 duabus
433 738 160 49 partibus
553 738 174 49 imaginis,
673 738 80 49 quae

164 774 112 45 sunt
234 774 225 45 intellectus,
417 774 70 45 &
445 774 183 45 voluntas,
585 774 84 45 vt
614 774 140 45 nominant

164 810 184 43 potentias,
308 810 66 43 &
335 810 105 43 tunc
400 810 92 43 non
453 810 92 43 est
505 810 158 43 realiter
611 810 145 43 distincta

163 847 75 37 ab
201 847 226 37 intelligentia;
389 847 100 37 quia
452 847 75 37 de
490 847 138 37 ratione
590 847 151 37 memoriae
690 847 63 37 sic

167 883 155 41 acceptae
283 883 91 41 est
335 883 168 41 continere
465 883 78 41 in
503 883 181 41 abscondito
646 883 129 41 illud,

168 918 105 37 quod
233 918 131 37 postea
325 918 223 37 intelligentia
508 918 92 37 fit
561 918 196 37 manifestum,
705 918 52 37 vt

167 950 105 46 dicit
237 950 70 46 P.
273 950 129 46 August.
366 950 82 46 14.
413 950 70 46 de
448 950 105 46 Trin.
518 950 82 46 cap
565 950 70 46 8.
600 950 82 46 vbi
647 950 94 46 ait,
694 950 58 46 tot

173 978 123 52 gitur
255 978 109 52 sunt
323 978 177 52 huiusmodi
460 978 150 52 generis
569 978 205 52 Trinitates,

173 1027 109 39 quot
241 1027 245 39 recordationes,
446 1027 109 39 quia
514 1027 122 39 nulla
595 1027 122 39 earum
663 1027 82 39 est,

172 1051 86 48 vbi
221 1051 86 48 non
270 1051 98 48 sint
331 1051 98 48 haec
392 1051 110 48 tria,
465 1051 147 48 scilicet
575 1051 110 48 illud
648 1051 98 48 quod
697 1051 49 48 in

166 1091 146 36 memoria
272 1091 186 36 reconditum
418 1091 93 36 est
472 1091 160 36 antequam
591 1091 186 36 cogitetur,

167 1127 61 39 &
191 1127 110 39 illud
265 1127 98 39 quod
326 1127 86 39 fit
375 1127 74 39 in
412 1127 196 39 cogitatione,
571 1127 86 39 dum
620 1127 159 39 cernitur,

167 1160 69 44 &
195 1160 166 44 uoluntas
319 1160 166 44 vtrumque
443 1160 207 44 coniungens:
609 1160 110 44 Vult
664 1160 83 44 ergo

169 1192 80 44 P.
209 1192 106 44 Aug.
275 1192 159 44 memoriam
394 1192 80 44 in
434 1192 120 44 parte
514 1192 212 44 intellectiua
673 1192 80 44 con-

158 1230 124 38 tinere
245 1230 149 38 occulte,
357 1230 100 38 quod
419 1230 212 38 intelligentia
593 1230 87 38 fit
631 1230 124 38 apertum,

166 1262 69 41 &
194 1262 152 41 quoniam
304 1262 124 41 eadem
387 1262 166 41 potentia
512 1262 83 41 in
553 1262 124 41 parte
623 1262 124 41 intelle

161 1300 113 44 ctiua
237 1300 126 44 potest
325 1300 101 44 esse
388 1300 113 44 illa,
463 1300 101 44 quae
526 1300 138 44 occulte
615 1300 138 44 contineat

160 1335 92 44 ea,
212 1335 105 44 quae
278 1335 105 44 post
344 1335 118 44 modum
423 1335 118 44 fiunt
501 1335 79 44 in
541 1335 145 44 aperto;
633 1335 118 44 Idcirco

166 1370 91 48 non
218 1370 104 48 sunt
283 1370 155 48 dicendae
399 1370 104 48 duae
464 1370 181 48 distinctae
594 1370 155 48 potentiae,

157 1402 152 49 frustra
268 1402 111 49 enim
337 1402 97 49 fit
393 1402 97 49 per
448 1402 139 49 plura,
545 1402 97 49 &c.
601 1402 111 49 Quod
656 1402 97 49 autem

171 1435 104 48 vna,
236 1435 65 48 &
262 1435 117 48 eadem
340 1435 156 48 potentia
457 1435 104 48 ista
522 1435 91 48 duo
574 1435 130 48 possit
652 1435 91 48 face-

160 1466 82 50 re,
207 1466 117 50 patet,
289 1466 94 50 quia
347 1466 94 50 illa
406 1466 94 50 sola
464 1466 140 50 potentia
570 1466 70 50 in
605 1466 105 50 parte
663 1466 82 50 intel

161 1507 149 45 lectiua
270 1507 136 45 potest
365 1507 190 45 quodcunque
514 1507 231 45 intellectiuum
691 1507 54 45 in

164 1546 184 42 abscondito
308 1546 184 42 continere,
453 1546 105 42 quae
519 1546 105 42 sola
584 1546 131 42 potest
663 1546 92 42 omnia

154 1572 153 55 recipere,
272 1572 94 55 haec
331 1572 106 55 autem
402 1572 82 55 est
449 1572 177 55 intellectus
590 1572 177 55 possibilis.

161 1616 90 42 qui
213 1616 116 42 solus
290 1616 90 42 est
341 1616 116 42 omnia
418 1616 129 42 fieri:
509 1616 180 42 Quapropter
650 1616 103 42 ipse
702 1616 51 42 so

157 1650 94 41 lus
210 1650 188 41 continebit
358 1650 81 41 in
398 1650 188 41 abscondito
546 1650 161 41 aliquid,
653 1650 94 41 ante-

162 1682 108 42 quam
229 1682 188 42 cogitetur,
377 1682 67 42 &
404 1682 94 42 per
457 1682 188 42 consequens
605 1682 108 42 ipse
659 1682 94 42 solus

158 1719 153 49 habebit
269 1719 167 49 rationem
381 1719 153 49 memoriae.

203 1746 162 43 Vlterius,
327 1746 100 43 sibi
389 1746 100 43 soli
451 1746 87 43 fit
501 1746 149 43 apparens
613 1746 112 43 illud
675 1746 75 43 quod

157 1788 128 45 postea
247 1788 180 45 cogitatur,
388 1788 64 45 &
414 1788 167 45 cernitur,
542 1788 103 45 quia
607 1788 116 45 actus
671 1788 77 45 cogi

159 1819 133 49 tandi,
252 1819 67 49 &
279 1819 200 49 discernendi
439 1819 93 49 est
492 1819 133 49 solius
572 1819 174 49 intellectus

173 1853 189 45 possibilis,
325 1853 76 45 vt
363 1853 76 45 de
400 1853 76 45 se
438 1853 126 45 patet,
527 1853 63 45 &
552 1853 88 45 per
590 1853 151 45 consequens

164 1890 99 47 ipse
225 1890 136 47 habebit
324 1890 148 47 rationem
435 1890 235 47 intelligentiae,
633 1890 99 47 quae
682 1890 62 47 est

161 1931 132 43 altera
253 1931 106 43 pars
319 1931 172 43 imaginis.
451 1931 106 43 Hinc
517 1931 92 43 est
570 1931 106 43 quod
623 1931 119 43 consue-

160 1956 101 52 uit
217 1956 216 52 communniter
390 1956 115 52 dici
462 1956 187 52 memoriam,
605 1956 72 52 &
620 1956 129 52 intelli

161 1992 146 47 gentiam
267 1992 93 47 non
320 1992 106 47 esse
386 1992 106 47 duas
452 1992 186 47 distinctas
585 1992 159 47 potentias;

158 2032 88 46 sed
209 2032 126 46 tantum
297 2032 101 46 duas
359 2032 176 46 distinctas
498 2032 126 46 vires,
586 2032 88 46 hoc
636 2032 113 46 autem
699 2032 50 46 si

160 2066 119 37 habet
239 2066 185 37 veritatem,
384 2066 105 37 puto
450 2066 92 37 sic
503 2066 105 37 esse
555 2066 198 37 intelligendum

153 2099 170 43 scilicet,
284 2099 105 43 quod
349 2099 144 43 quamuis
454 2099 157 43 memoria,
572 2099 65 43 &
585 2099 157 43 intelligen

159 2132 86 57 tia
208 2132 98 57 sint
269 2132 86 57 vna
319 2132 98 57 sola
380 2132 160 57 potentia,
503 2132 98 57 ista
565 2132 111 57 tamen
626 2132 123 57 potentia

778 171 121 58 habet
858 171 94 58 vim
912 171 147 58 plurium
1019 171 214 58 potentiarum,
1193 171 107 58 quia
1247 171 107 58 tantum

776 213 137 48 potest,
875 213 137 48 quantum
975 213 75 48 si
1012 213 124 48 essent
1099 213 99 48 duae
1161 213 162 48 potentiae
1273 213 87 48 reali

775 255 85 40 ter
823 255 181 40 distinctae:
968 255 60 40 &
992 255 97 40 ideo
1053 255 109 40 sicut
1125 255 157 40 dicebatur
1246 255 109 40 super
1307 255 48 40 i-

778 283 75 40 de
815 283 149 40 partibus
927 283 162 40 vestigij,
1051 283 99 40 quod
1113 283 149 40 poterant
1225 283 124 40 diuidi
1300 283 62 40 di-

772 317 135 50 uisione
870 317 208 50 aequipollente
1041 317 159 50 diuisioni
1163 317 122 50 reali;
1249 317 86 50 ita
1286 317 73 50 dico

771 353 79 51 in
810 353 171 51 proposito
942 353 171 51 praefatas
1074 353 105 51 duas
1140 353 132 51 partes
1219 353 132 51 imaginis

779 389 116 44 posse
857 389 129 44 diuidi
947 389 168 44 abinuicem
1076 389 168 44 diuisione
1192 389 168 44 aequipollem

775 424 72 40 te
811 424 155 40 diuisione
931 424 120 40 reali,
1014 424 84 40 seu
1062 424 84 40 per
1110 424 108 40 actum
1182 424 155 40 rationis,
1289 424 72 40 siue

778 460 90 47 per
830 460 181 47 extrinseca
972 460 181 47 connotata.
1114 460 77 47 Et
1152 460 103 47 dico
1217 460 90 47 per
1256 460 103 47 extrin

771 494 103 39 seca
836 494 181 39 connotata,
978 494 103 39 quia
1043 494 116 39 aliud
1120 494 155 39 connotat
1224 494 129 39 intelle-

773 532 102 41 ctus
837 532 191 41 possibilis,
990 532 77 41 in
1028 532 140 41 quantum
1130 532 115 41 habet
1207 532 153 41 rationem
1309 532 51 41 me

770 563 139 49 moriae,
872 563 63 49 &
897 563 126 49 aliud,
985 563 76 49 vt
1023 563 114 49 habet
1099 563 152 49 rationem
1200 563 152 49 intelligen

772 599 114 39 tiae,
848 599 101 39 quia
911 599 114 39 primo
987 599 101 39 modo
1050 599 151 39 connotat
1164 599 139 39 speciem
1252 599 101 39 intel-

771 633 170 46 ligibilem,
904 633 146 46 realiter
1013 633 170 46 distinctam
1147 633 73 46 ab
1183 633 97 46 actu
1232 633 121 46 intelli-

771 667 132 42 gendi,
863 667 79 42 vt
903 667 92 42 pro
955 667 105 42 nunc
1021 667 198 42 supponitur,
1180 667 145 42 habebit
1272 667 79 42 enim

773 701 115 42 locum
850 701 77 42 in
888 701 77 42 2.
926 701 102 42 lib.
990 701 102 42 Alio
1054 701 102 42 modo
1118 701 115 42 actum
1182 701 166 42 intelligen-

776 736 72 42 di
812 736 143 42 realiter
920 736 167 42 distinctum
1051 736 60 42 a
1075 736 132 42 specie.
1171 736 72 42 Ad
1207 736 96 42 haec
1254 736 96 42 igitur

767 774 90 45 duo
819 774 90 45 ita
870 774 219 45 correspondent
1051 774 142 45 diuerso
1154 774 116 45 modo,
1232 774 77 45 ac
1271 774 90 45 si,
1309 774 52 45 es

769 808 103 39 sent
834 808 103 39 duae
898 808 155 39 diuersae
1014 808 181 39 potentiae:
1156 808 116 39 Quare
1234 808 116 39 bene,
1311 808 65 39 &

774 841 212 38 sufficienter
946 841 159 38 possumus
1065 841 119 38 ipsum
1145 841 172 38 diuidere,
1277 841 66 38 &
1291 841 66 38 di-

768 879 159 41 stinguere
890 879 74 41 in
927 879 147 41 diuersas
1037 879 123 41 vites,
1123 879 86 41 vel
1172 879 147 41 species;
1282 879 61 41 &
1295 879 61 41 sic

770 913 123 52 patet
852 913 109 52 quid
921 913 164 52 dicendum
1044 913 96 52 sit
1098 913 82 52 ad
1139 913 123 52 istum
1208 913 150 52 articulum

797 948 83 43 Ad
839 948 138 43 motiua
936 948 166 43 alterius
1060 948 180 43 opinionis
1185 948 166 43 respondeo,

771 984 71 50 &
799 984 85 50 ad
842 984 141 50 primum
940 984 113 50 nego
1011 984 170 50 minorem,
1138 984 113 50 quia
1209 984 127 50 actus
1279 984 71 50 sen

770 1018 92 44 sus
823 1018 132 44 nequit
915 1018 132 44 ponere
1008 1018 92 44 res
1060 1018 79 44 in
1100 1018 106 44 esse
1166 1018 185 44 conspicuo,
1311 1018 66 44 &

772 1055 179 40 apparenti,
913 1055 115 40 sicut
989 1055 102 40 ipsi
1053 1055 166 40 assumunt,
1181 1055 77 40 ad
1207 1055 141 40 probatio-

764 1086 97 50 nem
820 1086 306 50 deludificationibus
1084 1086 125 50 dico,
1168 1086 111 50 quod
1224 1086 125 50 huiusmo

767 1122 80 38 di
807 1122 214 38 apparitiones
981 1122 147 38 possunt
1088 1122 147 38 puenire
1195 1122 80 38 ex
1221 1122 134 38 diuersis

767 1159 138 36 causis;
868 1159 113 36 sicut
943 1159 125 36 patuit
1031 1159 151 36 superius
1144 1159 75 36 in
1181 1159 151 36 prologo,
1282 1159 75 36 quan

764 1194 83 40 do
806 1194 165 40 agebatur
930 1194 83 40 de
971 1194 193 40 cognitione
1123 1194 193 40 intuitiua,
1274 1194 69 40 &
1288 1194 69 40 ab-

770 1228 186 46 stractiua;
916 1228 66 46 &
942 1228 106 46 ideo
1008 1228 93 46 non
1061 1228 93 46 est
1114 1228 172 46 dicendum,
1247 1228 93 46 per
1287 1228 66 46 hoc

771 1262 91 40 rem
823 1262 155 40 cognitam
939 1262 168 40 constitui
1069 1262 78 40 in
1108 1262 104 40 esse
1173 1262 168 40 apparenti
1289 1262 65 40 per

768 1300 212 41 cognitionem,
940 1300 106 41 quia
1006 1300 106 41 tunc
1073 1300 159 41 cognitio
1179 1300 172 41 praecederet

778 1337 101 41 psam
842 1337 88 41 rem
892 1337 164 41 cognitam,
1018 1337 88 41 sed
1069 1337 202 41 constituitur
1233 1337 76 41 in
1259 1337 88 41 tali,

774 1369 59 44 &
798 1369 94 44 tali
856 1369 94 44 esse
915 1369 152 44 apparenti
1032 1369 70 44 ex
1068 1369 117 44 aliqua
1150 1369 94 44 alia
1208 1369 117 44 causa,
1279 1369 70 44 quae

771 1405 108 38 facit
843 1405 167 38 coexistere
974 1405 72 38 re
1010 1405 84 38 sub
1058 1405 96 38 tali
1118 1405 96 38 esse
1178 1405 155 38 apparenti
1285 1405 72 38 ipsi

770 1441 217 41 cognitioni,
943 1441 72 41 &
972 1441 101 41 per
1030 1441 101 41 hoc
1088 1441 188 41 saluamus,
1218 1441 130 41 quomodo

772 1473 91 43 res
824 1473 157 43 cognita,
942 1473 78 43 in
981 1473 144 43 quantum
1086 1473 157 43 cognita,
1203 1473 91 43 non
1242 1473 105 43 sequa-

770 1510 87 44 tur
819 1510 199 44 cognitionem,
981 1510 87 44 sed
1031 1510 162 44 coexistat
1155 1510 112 44 illi,
1230 1510 100 44 quia
1280 1510 62 44 co-

770 1541 126 55 gnitio
858 1541 63 55 &
884 1541 88 55 res
934 1541 138 55 cognita
1035 1541 101 55 sunt
1097 1541 164 55 relatiua;
1223 1541 75 55 io
1248 1541 101 55 debent

773 1579 109 44 sibi
842 1579 123 44 mutuo
924 1579 205 44 coexistere,
1087 1579 96 44 cum
1142 1579 109 44 ergo
1210 1579 109 44 quis
1265 1579 82 44 naui

771 1611 156 45 defertur,
891 1611 96 45 ille
951 1611 120 45 motus,
1035 1611 84 45 qui
1083 1611 96 45 sibi
1143 1611 132 45 apparet
1239 1611 72 45 in
1263 1611 84 45 arbo-

771 1647 126 38 ribus,
859 1647 138 38 quamuis
960 1647 88 38 non
1010 1647 88 38 sit
1060 1647 75 38 in
1098 1647 88 38 eis
1148 1647 113 38 vere,
1223 1647 113 38 habet
1286 1647 63 38 ta-

772 1683 90 42 men
823 1683 90 42 ibi
875 1683 103 42 esse
939 1683 167 42 apparens,
1067 1683 77 42 in
1105 1683 90 42 quo
1157 1683 90 42 non
1195 1683 154 42 constitui-

765 1718 90 43 tur
817 1718 90 43 per
868 1718 116 43 actum
946 1718 168 43 visionis,
1074 1718 90 43 sed
1126 1718 90 43 per
1177 1718 116 43 aliam
1242 1718 103 43 causam

763 1755 234 42 praeuenientem,
958 1755 91 42 non
1010 1755 117 42 solum
1088 1755 117 42 actum
1166 1755 169 42 visionis,
1283 1755 65 42 sed

765 1788 119 45 etiam
844 1788 119 45 illud
924 1788 106 45 esse
990 1788 172 45 apparens;
1123 1788 106 45 haec
1189 1788 119 45 autem
1255 1788 93 45 causa

766 1828 89 38 vel
817 1828 89 38 est
868 1828 114 38 motus
944 1828 114 38 nauis
1020 1828 177 38 velocitas,
1159 1828 89 38 vel
1210 1828 114 38 motus
1273 1828 76 38 ocun

759 1854 91 47 li,
811 1854 91 47 qui
863 1854 78 47 in
903 1854 105 47 naui
968 1854 170 47 portatur,
1099 1854 144 47 mouetur
1203 1854 105 47 enim
1269 1854 78 47 ad
1295 1854 52 47 mo

763 1892 107 45 tum
809 1892 122 45 nauis.

801 1932 87 41 Ad
844 1932 173 41 secundum
974 1932 115 41 dico
1046 1932 101 41 non
1104 1932 115 41 esse
1161 1932 188 41 intentionem

774 1961 78 42 P.
813 1961 104 42 Aug.
878 1961 104 42 quod
943 1961 169 42 cogitatio
1072 1961 117 42 ponat
1150 1961 91 42 rem
1202 1961 78 42 in
1228 1961 117 42 conspe-

767 1996 85 41 ctu
815 1996 182 41 cogitantis,
961 1996 133 41 tanquam
1057 1996 121 41 causa,
1142 1996 73 41 vt
1179 1996 97 41 isti
1227 1996 121 41 arbitram

770 2035 111 35 tur,
840 2035 97 35 sed
895 2035 111 35 quod
964 2035 125 35 ponat
1048 2035 97 35 eam
1103 2035 97 35 per
1159 2035 125 35 modum
1228 2035 125 35 conexi-

764 2064 149 47 stentis,
875 2064 99 47 quia
938 2064 174 47 cogitatio,
1074 2064 62 47 &
1099 2064 87 47 res
1149 2064 149 47 cogitata
1261 2064 87 47 ita
1298 2064 50 47 se

761 2101 151 52 habent,
871 2101 82 52 vt
912 2101 110 52 vnum
981 2101 124 52 eorum
1064 2101 96 52 non
1118 2101 137 52 possit
1215 2101 110 52 esse
1270 2101 82 52 sine

767 2142 139 51 altero,
868 2142 88 51 pro
919 2142 126 51 aliquo
1007 2142 164 51 instanti,
1133 2142 63 51 &
1158 2142 101 51 ideo
1221 2142 88 51 vbi
1259 2142 88 51 cogi
