1500 2368
174 181 124 53 natur
257 181 235 53 intentionale,
450 181 69 53 &
478 181 124 53 eodem
561 181 110 53 modo
616 181 138 53 spiritus

175 222 155 51 amoris:
288 222 113 51 Ideo
359 222 240 51 rationabilius
556 222 184 51 loquuntur
683 222 71 51 Ca

170 257 123 51 tholici,

207 289 126 43 Hunc
286 289 141 43 modum
380 289 173 43 ponendi
506 289 110 43 non
569 289 188 43 approbo;
694 289 63 43 Tu

189 326 103 47 quia
253 326 193 47 fundamenta,
408 326 129 47 quibus
498 326 180 47 innititur,
639 326 90 47 non
678 326 77 47 sunt

185 368 120 36 vera,
264 368 80 36 vt
304 368 120 36 supra
384 368 93 36 est
437 368 173 36 ostensum,
570 368 93 36 Tum
623 368 106 36 quia
690 368 93 36 non

184 395 149 44 videtur
293 395 122 44 verum
375 395 204 44 philosophos
538 395 190 44 cognouisse
673 395 82 44 ali-

174 429 112 44 quo
238 429 128 44 modo
318 429 224 44 Trinitatem
493 429 96 44 in
541 429 128 44 Deo;
621 429 112 44 nam
669 429 80 44 cum

181 462 186 49 posuerint
324 462 114 49 Deum
395 462 129 49 summe
481 462 200 49 perfectum,
623 462 129 49 debuis-

181 502 103 37 sent
245 502 128 37 ponere
335 502 179 37 Trinitatem
476 502 141 37 realem,
579 502 103 37 quia
643 502 115 37 nihil
707 502 51 37 di

176 533 157 41 minutum,
293 533 117 41 neque
372 533 196 41 imperfectum
528 533 78 41 in
567 533 91 41 Deo
620 533 104 41 esse
672 533 78 41 ceom

180 569 168 39 suerunt;
306 569 140 39 verbum
404 569 126 39 autem
489 569 224 39 intentionale
657 569 98 39 dicit

182 604 249 38 imperfectionem
390 604 166 38 respectu
515 604 152 38 realis:
625 604 97 38 Tum
667 604 83 38 quia

180 637 102 44 ista
244 637 90 44 non
295 637 102 44 fuit
359 637 154 44 intentio
475 637 102 44 Com.
538 637 90 44 nam
590 637 77 44 in
628 637 102 44 loco
679 637 77 44 illo

175 676 143 39 citato,
279 676 91 39 non
331 676 117 39 ponit
409 676 143 39 aliquam
512 676 221 39 distinctionem
681 676 65 39 ra-

174 714 119 39 tionis
258 714 72 39 in
293 714 95 39 Deo,
353 714 95 39 nisi
412 714 143 39 respectu
520 714 179 39 intellectus
651 714 107 39 nostri:

171 743 102 44 Tum
230 743 117 44 quia
303 743 175 44 trinitas
434 743 205 44 personarum
595 743 102 44 non
639 743 117 44 potest

183 778 192 37 demonstrari
337 778 77 37 ex
375 778 179 37 creaturis,
516 778 77 37 vt
554 778 128 37 dictum
644 778 90 37 est
682 778 64 37 in2

180 811 121 36 dist.
260 811 108 36 tunc
328 811 108 36 enim
395 811 121 36 multo
476 811 121 36 magis
556 811 148 36 possent
650 811 108 36 demon-

182 843 120 50 strari
266 843 157 50 quecunque
387 843 96 50 alia
447 843 181 50 credibilia,
591 843 84 50 cum
640 843 108 50 inter
700 843 60 50 oia

174 883 91 39 hoc
226 883 91 39 sit
278 883 117 39 magis
356 883 143 39 arduum,
460 883 65 39 &
473 883 156 39 difficile-

207 914 208 51 Quapropter
371 914 193 51 concludo,
519 914 119 51 quod
594 914 104 51 per
638 914 119 51 imagi-

178 948 99 45 nem,
240 948 99 45 quae
302 948 87 45 est
351 948 74 45 in
388 948 112 45 anima
463 948 136 45 nostra,
562 948 87 45 non
612 948 124 45 possit
686 948 62 45 de-

184 989 179 37 monstrari
322 989 138 37 aliquo
419 989 110 37 modo
488 989 166 37 Trinitas
598 989 152 37 diuinarum

179 1019 197 45 personarum,
337 1019 145 45 quamuis
442 1019 131 45 possit
534 1019 171 45 indirecte
652 1019 105 45 signi-

170 1053 152 51 ficari,
281 1053 69 51 &
308 1053 138 51 aliquo
405 1053 111 51 modo
474 1053 194 51 declarari;
613 1053 138 51 imperfe-

170 1090 111 46 cte
218 1090 127 46 tamen.

195 1122 239 50 AD
275 1122 438 50 ARGVMENTA

369 1154 181 49 principalite.

258 1191 75 43 D
288 1191 164 43 primum,
407 1191 75 43 &
437 1191 194 43 secundum,
587 1191 134 43 patet
661 1191 90 43 quid

168 1202 108 70 sit
229 1202 185 70 dicendum
368 1202 108 70 per
430 1202 108 70 iam
492 1202 139 70 dicta
584 1202 93 70 in
631 1202 154 70 primo,

174 1266 74 40 &
204 1266 164 40 secundo
323 1266 178 40 articulo
457 1266 89 40 de
501 1266 193 40 vestigio,
650 1266 74 40 &
665 1266 89 40 eius

154 1298 161 53 partibus.

206 1327 81 45 Ad
247 1327 149 45 tertium
355 1327 176 45 dicendum,
490 1327 108 45 quod
558 1327 81 45 si
585 1327 162 45 intellecti

176 1363 115 47 agens
253 1363 140 47 ponatur
355 1363 89 47 vna
406 1363 102 47 pars
470 1363 166 47 imaginis,
597 1363 115 47 sicut
661 1363 89 47 ponis

181 1400 91 43 vna
233 1400 142 43 opinio,
336 1400 104 43 tunc
401 1400 117 43 omnes
479 1400 104 43 tres
544 1400 130 43 partes
634 1400 104 43 erut
686 1400 65 43 rea

176 1434 110 45 liter
249 1434 183 45 distinctae:
396 1434 73 45 Si
432 1434 98 45 vero
493 1434 86 45 non
542 1434 134 45 ponatur
640 1434 98 45 pars
689 1434 61 45 ima

176 1473 122 46 ginis,
261 1473 98 46 tunc
322 1473 183 46 intellectus
469 1473 171 46 possibilis
603 1473 134 46 habebit
689 1473 61 46 vim

173 1500 197 44 diuersarum
328 1500 226 44 potentiarum:
511 1500 127 44 sicut
596 1500 141 44 dictum
681 1500 71 44 est

171 1534 70 50 in
206 1534 93 50 fine
265 1534 117 50 tertij
346 1534 152 50 articuli,
463 1534 58 50 &
487 1534 82 50 hoc
522 1534 128 50 sufficit.

213 1573 86 43 Ad
256 1573 157 43 quartum
370 1573 114 43 dico
441 1573 100 43 non
498 1573 143 43 valere
584 1573 171 43 consequen-

174 1606 126 39 tiam,
258 1606 98 39 nam
314 1606 154 39 quamuis
426 1606 126 39 imago
510 1606 154 39 dicatur
608 1606 140 39 relatiue

168 1648 77 37 ad
207 1648 128 37 illud,
296 1648 115 37 cuius
373 1648 90 37 est
424 1648 128 37 imago,
514 1648 90 37 non
565 1648 115 37 tamen
642 1648 90 37 est
680 1648 64 37 ne-

172 1673 124 51 cesse,
259 1673 75 51 vt
296 1673 187 51 representet
445 1673 112 51 ipsum
520 1673 87 51 ita
569 1673 162 51 perfecte,
681 1673 75 51 quod

176 1715 137 44 propter
275 1715 87 44 hoc
325 1715 125 44 possit
413 1715 125 44 ducere
500 1715 75 44 in
538 1715 125 44 ipsius
613 1715 137 44 cognitio-

174 1744 97 46 nem
230 1744 208 46 simpliciter
396 1744 194 46 perfectam,
548 1744 69 46 &
576 1744 111 46 haec
645 1744 83 46 de
673 1744 83 46 tota

178 1780 183 46 quaestione,
325 1780 61 46 &
349 1780 196 46 distinctione
508 1780 110 46 dicta
569 1780 159 46 sufficiant.

158 1849 469 43 DISTINCTIONIS
517 1849 221 43 QVARTA

254 1919 338 52 QV.AESTIO
488 1919 182 52 VNICA

221 1985 118 43 Vtrum
299 1985 78 43 in
338 1985 144 43 Diuinis
443 1985 91 43 sit
495 1985 104 43 vera
547 1985 157 43 generatio.

787 166 343 66 ARGVITVR
1044 166 171 66 AD
1102 166 228 66 PARTEM

974 221 166 45 negantem.

768 245 90 66 I&I
820 245 77 66 in
858 245 142 66 diuinis
961 245 116 66 esset
1039 245 103 66 vera
1103 245 180 66 generatio,
1245 245 90 66 ibi
1284 245 64 66 es-

789 291 63 43 a
815 291 88 43 set
865 291 100 43 vera
928 291 113 43 actio
1003 291 75 43 de
1041 291 126 43 genere
1129 291 163 43 actionis;
1242 291 100 43 conse-

770 325 123 37 quens
852 325 95 37 est
907 325 150 37 falsum,
1016 325 109 37 ergo
1084 325 68 37 &
1111 325 205 37 antecedens:
1261 325 82 37 Con-

776 360 170 44 sequentia
907 360 144 44 videtur
1011 360 183 44 manifesta,
1155 360 105 44 quia
1220 360 105 44 vera
1273 360 78 44 gene

769 394 116 40 ratio
847 394 91 40 est
898 394 103 40 vera
963 394 116 40 actio
1041 394 78 40 de
1079 394 129 40 genere
1170 394 168 40 actionis,
1286 394 65 40 cum

772 427 167 45 procedat
898 427 70 45 a
926 427 195 45 generante,
1079 427 153 45 tanquam
1191 427 70 45 a
1218 427 126 45 causa
1288 427 70 45 ve-

774 459 84 48 re
816 459 154 48 agente,
928 459 168 48 alioquin
1054 459 182 48 generans,
1193 459 84 48 in
1221 459 126 48 quantum

773 497 174 44 generans,
906 497 94 44 non
960 497 107 44 vere
1027 497 147 44 ageret;
1134 497 161 44 Probatur
1241 497 107 44 falsi-

775 536 89 32 tas
826 536 204 32 consequentis
992 536 89 32 per
1043 536 141 32 Doctium
1146 536 77 32 in
1184 536 115 32 libro
1261 536 89 32 suo
1299 536 51 32 de

778 565 176 39 Trinitate,
917 565 88 39 vbi
967 565 88 39 non
1018 565 139 39 assumit
1118 565 76 39 in
1156 565 151 39 diuinis,
1270 565 101 39 nisi
1320 565 63 39 duo

776 602 231 43 praedicamenta,
969 602 154 43 scilicet
1084 602 205 43 substantiam,
1251 602 64 43 &
1264 602 90 43 rela-

770 636 155 39 tionem.
883 636 141 39 Falsum
981 636 99 39 est
1037 636 113 39 ergo
1108 636 99 39 ibi
1164 636 141 39 ponere
1248 636 99 39 veram

776 671 164 37 actionem
899 671 82 37 de
940 671 137 37 genere
1036 671 164 37 actionis
1159 671 150 37 secudum
1254 671 96 37 quod-

776 713 130 32 cunque
867 713 247 32 praedicamentum,
1076 713 143 32 praeter
1180 713 104 32 illa
1232 713 78 32 duo.

790 744 70 42 2
818 744 183 42 Vbicunque
959 744 113 42 sunt
1029 744 211 42 conditiones
1184 744 169 42 requisitae

775 777 178 36 necessario
915 777 76 36 ad
953 777 114 36 veram
1029 777 216 36 generationem,
1207 777 89 36 ibi
1257 777 89 36 est
1295 777 51 36 ve

778 808 77 44 ra
817 808 179 44 generatio:
957 808 89 44 sed
1008 808 77 44 in
1046 808 140 44 diuinis
1148 808 89 44 non
1199 808 102 44 sunt
1250 808 102 44 condi-

773 846 137 45 tiones
869 846 205 45 necessariae
1033 846 82 45 ad
1074 846 123 45 veram
1142 846 205 45 generationem,

771 881 101 38 ergo
834 881 88 38 ibi
885 881 88 38 non
935 881 88 38 est
985 881 101 38 vera
1048 881 164 38 generatio
1174 881 113 38 Maior
1249 881 88 38 est
1287 881 63 38 non

768 914 102 34 ta:
827 914 131 34 Probo
914 914 175 34 Minorem,
1045 914 102 34 nam
1103 914 87 34 de
1147 914 160 34 ratione
1249 914 102 34 verae

768 947 218 44 generationis
946 947 109 44 est,
1014 947 109 44 quod
1082 947 136 44 habeat
1178 947 96 44 pro
1219 947 136 44 suppofi-

779 984 73 39 to
815 984 109 39 ipsum
888 984 181 39 vniuersale,
1033 984 97 39 quod
1093 984 85 39 est
1141 984 145 39 materia,
1250 984 73 39 vt
1274 984 85 39 patet

770 1017 126 45 primo
854 1017 84 45 de
896 1017 224 45 generatione;
1078 1017 126 45 verum
1162 1017 84 45 de
1204 1017 154 45 ratione
1302 1017 56 45 ma

775 1054 128 45 teriae
865 1054 102 45 est,
928 1054 102 45 quod
992 1054 153 45 supponat
1107 1054 217 45 corruptionem,
1273 1054 77 45 quia

775 1086 102 44 vera
839 1086 165 44 generatio
966 1086 114 44 vnius
1042 1086 89 44 est
1093 1086 165 44 corruptio
1207 1086 140 44 alterius,

773 1120 80 50 vt
813 1120 120 50 patet
893 1120 80 50 in
933 1120 120 50 eodem
1013 1120 120 50 primo
1094 1120 80 50 de
1134 1120 214 50 generatione;
1294 1120 54 50 po

776 1156 105 36 nere
841 1156 118 36 autem
920 1156 170 36 praefatas
1051 1156 196 36 conditiones
1208 1156 79 36 in
1247 1156 92 36 Deo
1287 1156 65 36 vi-

771 1193 161 45 detur
879 1193 233 45 absurdum,
1058 1193 143 45 ergo
1129 1193 90 45 &c.

824 1228 284 33 ARGVITVR
1014 1228 331 33 AFFIRMATIVE.

826 1257 91 47 Era
878 1257 156 47 filiatio
995 1257 91 47 non
1047 1257 130 47 posset
1139 1257 143 47 saluari
1243 1257 78 47 in
1269 1257 78 47 Deo,

844 1292 96 47 nisi
904 1292 108 47 esset
976 1292 84 47 ibi
1024 1292 96 47 vera
1084 1292 168 47 generatio,
1217 1292 96 47 ergo
1265 1292 84 47 vide-

769 1329 93 48 tur
822 1329 93 48 ibi
875 1329 187 48 necessario
1022 1329 160 48 ponenda,
1142 1329 120 48 Antec
1223 1329 120 48 patet
1289 1329 67 48 per

778 1365 86 37 d,
821 1365 115 37 quod
893 1365 158 37 habetur
1008 1365 144 37 psalmo
1108 1365 173 37 secundo,
1224 1365 129 37 Dominus

776 1398 126 40 dixit
860 1398 84 40 ad
902 1398 84 40 me
945 1398 141 40 filius
1043 1398 112 40 meus
1113 1398 84 40 es
1155 1398 98 40 tu,
1212 1398 98 40 ego
1254 1398 98 40 hodie

761 1431 207 49 genui
876 1431 115 49 te.

793 1460 262 51 RESPONDEO:
999 1460 112 51 In
1055 1460 150 51 ista
1130 1460 224 51 quaestione

772 1501 109 45 tria
841 1501 109 45 sunt
895 1501 123 45 videnda

844 1534 134 50 Vtrum
933 1534 119 50 vera
1008 1534 193 50 generatio
1157 1534 164 50 secudum
1261 1534 89 50 quod

766 1577 159 43 repetitur
888 1577 73 43 in
925 1577 171 43 creaturis,
1059 1577 86 43 sit
1108 1577 98 43 vera
1169 1577 110 43 actio
1243 1577 73 43 de
1267 1577 86 43 gene-

774 1607 78 44 re
800 1607 143 44 actionis,

801 1642 65 36 2
827 1642 105 36 Quae
893 1642 196 36 conditiones
1050 1642 105 36 sint
1115 1642 183 36 necessario
1259 1642 118 36 requi

773 1669 124 47 sitae
856 1669 83 47 ad
897 1669 124 47 veram
980 1669 235 47 generationem,
1174 1669 152 47 secudum
1270 1669 83 47 quod

776 1710 175 37 determinat
914 1710 75 37 de
952 1710 100 37 illa
1014 1710 188 37 philosophus
1165 1710 175 37 naturalis.

835 1743 118 40 Vtrum
914 1743 79 40 in
953 1743 144 40 diuinis
1058 1743 92 40 sit
1111 1743 105 40 vera
1176 1743 171 40 generatio
1294 1743 53 40 de

770 1780 131 44 genere
862 1780 170 44 actionis,
992 1780 92 44 cum
1045 1780 223 44 conditionibus
1215 1780 131 44 requisi-

768 1814 96 47 tis
823 1814 82 47 ad
864 1814 124 47 veram
933 1814 206 47 generationem.

796 1879 358 44 ARTICVLVS
1044 1879 248 44 PRIMVS.

781 1920 75 36 An
819 1920 163 36 generatio
944 1920 75 36 in
982 1920 163 36 creaturis
1107 1920 88 36 sit
1158 1920 100 36 vera
1220 1920 113 36 actio
1283 1920 50 36 de

932 1953 238 45 genere
1075 1953 261 45 actionis.

853 2055 138 40 Vantum
950 2055 83 40 ad
991 2055 138 40 primum
1087 2055 96 40 est
1129 2055 220 40 intelligendum,

790 2064 121 84 quod
865 2064 91 84 si
911 2064 181 84 loquamur
1047 2064 91 84 de
1092 2064 227 84 genetatione
1258 2064 91 84 stri

847 2129 108 49 cte,
914 2129 175 49 diuidendo
1048 2129 94 49 eam
1102 2129 134 49 contra
1196 2129 121 49 motum
1263 2129 81 49 pro
