1500 2059
94 157 88 56 prie
149 157 122 56 dictum,
238 157 77 56 qui
282 157 144 56 inuenitur
392 157 66 56 in
425 157 110 56 tribus
492 157 99 56 praedi-

99 201 157 37 camentis,
219 201 181 37 quemadmodum
364 201 133 37 diuidit
460 201 84 37 eam
497 201 96 37 Arist.

99 231 67 38 S.
132 231 90 38 phys
189 231 90 38 isto
245 231 90 38 modo
301 231 79 38 non
346 231 124 38 inuenit
436 231 146 38 generatio
537 231 45 38 ve

98 262 73 34 ra,
139 262 83 34 nisi
191 262 62 34 in
223 262 104 34 genere
295 262 167 34 substantiae,
431 262 62 34 vt
462 262 94 34 patet
514 262 73 34 primo

88 292 70 39 de
123 292 187 39 generatione,
275 292 70 39 de
310 292 82 39 qua
357 292 105 39 dicit
427 292 140 39 Henricus
520 292 70 39 quo-

100 321 106 41 libeto
175 321 64 41 2.
206 321 117 41 quaest.
291 321 74 41 20.
334 321 85 41 quod
387 321 74 41 ita
429 321 64 41 se
461 321 95 41 habet
514 321 85 41 genera

98 349 84 36 tio
146 349 72 36 ad
182 349 120 36 formam
266 349 216 36 substantialem,
434 349 156 36 quemadmodum

98 378 162 41 alteratio
222 378 75 41 ad
259 378 124 41 formam
346 378 211 41 accidentalem,
520 378 62 41 &
533 378 62 41 per

101 418 149 33 consequens
219 418 96 33 sicut
283 418 139 33 alteratio
389 418 75 33 est
432 418 85 33 vera
485 418 96 33 actio
539 418 53 33 pro

99 443 107 41 cedens
174 443 53 41 a
195 443 96 41 forma
259 443 181 41 substantiali,
409 443 75 41 ita
452 443 139 41 generatio
548 443 53 41 est

104 467 87 44 Vera
159 467 98 44 actio
224 467 109 44 formae
301 467 197 44 substantialis;
465 467 77 44 nam
498 467 98 44 (secun-

103 501 82 36 dum
150 501 106 36 istos
221 501 59 36 )
244 501 106 36 actio
314 501 129 36 ipsorum
408 501 176 36 accidentium
537 501 59 36 non

96 533 117 38 potest
178 533 152 38 attingere
295 533 70 38 ad
330 533 163 38 inducendam
458 533 117 38 formam
528 533 70 38 sub-

98 568 162 35 stantialem
226 568 70 35 in
261 568 139 35 materia,
365 568 70 35 eo
400 568 93 35 quod
458 568 81 35 non
504 568 116 35 agant,

99 595 93 31 nisi
158 595 151 31 inquantum
274 595 93 31 sunt
332 595 175 31 instrumenta
472 595 116 31 formae
542 595 58 31 sub

105 622 143 36 stantialis.

93 647 132 37 Contra
185 647 119 37 istum
264 647 119 37 modum
343 647 132 37 dicedi
436 647 119 37 arguo
502 647 92 37 tripl

103 677 106 41 citer:
178 677 95 41 Primo
241 677 64 41 ex
273 677 95 41 parte
336 677 106 41 formae
410 677 191 41 substantialis,
559 677 42 41 si

104 711 86 34 enim
158 711 140 34 generatio
266 711 97 34 esset
331 711 97 34 actio
396 711 151 34 aegrediens
504 711 97 34 immedia

96 740 65 35 te
129 740 54 35 a
150 740 97 35 forma
215 740 184 35 substantiali,
367 740 162 35 sequeretur,
497 740 87 35 quod
540 740 54 35 for

100 771 63 38 ma
132 771 179 38 substantialis
279 771 84 38 vera
332 771 116 38 actione
416 771 74 38 per
458 771 63 38 se
490 771 95 38 ipsam
542 771 53 38 age

99 799 79 36 ret
144 799 68 36 in
178 799 146 36 materiam,
290 799 158 36 consequens
414 799 79 36 est
459 799 124 36 falsum,
538 799 68 36 ergo

101 830 77 35 &c.
145 830 176 35 Consequentia
288 830 77 35 est
332 830 99 35 nota:
397 830 99 35 Probo
452 830 143 35 falsitatem,

99 861 82 43 nam
146 861 105 43 actio
216 861 141 43 supponit
322 861 117 43 verum,
404 861 59 43 &
427 861 152 43 naturalem
533 861 70 43 con-

97 890 112 40 ractum
175 890 100 40 sicut
242 890 100 40 patet
309 890 67 40 5.
342 890 112 40 Physic
421 890 56 40 &
443 890 67 40 1.
476 890 67 40 de
499 890 89 40 genera

102 923 110 37 tione;
179 923 66 37 at
212 923 99 37 forma
279 923 188 37 substantialis
433 923 122 37 agentis
522 923 77 37 non
555 923 44 37 po

93 952 85 41 test
146 952 117 41 tangere
231 952 127 41 materiam
327 952 106 41 ipsius
401 952 106 41 passi,
475 952 85 41 nisi
517 952 85 41 mediam

101 982 66 40 te
134 982 110 40 aliqua
211 982 154 40 qualitate,
332 982 132 40 loquendo
430 982 66 40 de
463 982 99 40 tactu
518 982 77 40 natu-

96 1010 101 37 rali;
163 1010 90 37 ergo
219 1010 78 37 non
264 1010 112 37 potest
342 1010 101 37 agere
410 1010 67 37 in
443 1010 90 37 eam,
499 1010 90 37 nisi
544 1010 56 37 me-

93 1043 107 41 diante
168 1043 86 41 tali
211 1043 129 41 qualitate,

111 1063 198 52 Confirmatur
269 1063 92 52 per
322 1063 237 52 commentatore3.
506 1063 92 52 Meth.

92 1097 94 39 Com.
151 1097 82 39 31.
198 1097 82 39 vbi
245 1097 117 39 dicit,
327 1097 94 39 quod
386 1097 117 39 illud,
468 1097 94 39 quod
515 1097 82 39 mouet

99 1133 144 38 materiam,
210 1133 122 38 necesse
299 1133 78 38 est
343 1133 89 38 esse
399 1133 111 38 corpus
477 1133 111 38 habens
543 1133 56 38 qua

97 1163 134 41 litatem
195 1163 147 41 actiuam,
304 1163 61 41 &
317 1163 134 41 passiuam.

124 1184 138 45 Secundo
225 1184 138 45 apparet
325 1184 88 45 hoc
375 1184 100 45 idem
438 1184 75 45 ex
476 1184 113 45 parte
538 1184 63 45 su-

99 1221 109 40 biecti
175 1221 185 40 generationis,
327 1221 87 40 quod
382 1221 76 40 est
425 1221 87 40 ipsa
479 1221 87 40 nuda
523 1221 76 40 mate-

95 1251 86 39 ria,
149 1251 64 39 vt
181 1251 96 39 patet
245 1251 96 39 primo
310 1251 64 39 de
342 1251 171 39 generatione;
481 1251 64 39 si
513 1251 86 39 ergo
556 1251 43 39 ge

101 1285 121 39 neratio
189 1285 77 39 per
233 1285 66 39 se
266 1285 110 39 sumpta
343 1285 99 39 esset
409 1285 88 39 vera
464 1285 99 39 actio
519 1285 77 39 agen-

104 1313 73 34 tis
145 1313 147 34 naturalis,
261 1313 147 34 aegrediens
376 1313 52 34 a
397 1313 94 34 forma
449 1313 147 34 substantiali

105 1341 108 41 ipsius
181 1341 76 41 (vt
224 1341 86 41 isti
278 1341 119 41 dicunt)
364 1341 162 41 sequeretur,
494 1341 86 41 quod
537 1341 65 41 nuda

106 1373 117 36 materia
192 1373 149 36 pateretur,
309 1373 53 36 &
330 1373 149 36 susciperet
447 1373 128 36 actionem
532 1373 64 36 age-

102 1406 74 38 tis
145 1406 149 38 naturalis;
262 1406 149 38 consequens
379 1406 74 38 est
421 1406 117 38 falsum,
506 1406 85 38 ergo
549 1406 53 38 &c.

102 1431 182 43 Consequentia
249 1431 80 43 est
295 1431 91 43 nota
352 1431 68 43 ex
386 1431 91 43 ipso
443 1431 136 43 subiecto
534 1431 68 43 gene

106 1462 136 34 rationis;
210 1462 147 34 Falsitatem
326 1462 105 34 probo,
399 1462 84 34 quia
451 1462 84 34 nuda
493 1462 105 34 essentia

99 1492 145 41 materiae,
210 1492 78 41 vel
255 1492 100 41 nullo
322 1492 89 41 modo
378 1492 156 41 attingitur
501 1492 67 41 ab
523 1492 78 41 agen-

100 1517 64 42 te
132 1517 138 42 naturali,
239 1517 74 42 vel
281 1517 106 42 saltem
356 1517 74 42 non
398 1517 128 42 tangitur
494 1517 64 42 ab
526 1517 64 42 eo
547 1517 53 42 ta-

103 1550 74 39 ctu
146 1550 127 39 physico,
241 1550 74 39 qui
283 1550 74 39 est
325 1550 116 39 actioni
399 1550 137 39 necessarius

127 1576 76 39 Nec
171 1576 109 39 valet,
247 1576 65 39 si
280 1576 131 39 dicatur,
378 1576 87 39 quod
432 1576 120 39 materia
520 1576 65 39 in
541 1576 55 39 in-

103 1611 110 43 stanti
180 1611 176 43 generationis
323 1611 77 43 non
367 1611 143 43 separatur
477 1611 55 43 a
488 1611 110 43 quantita

105 1646 73 30 te;
146 1646 52 30 &
167 1646 84 30 ideo
220 1646 125 30 mediante
314 1646 63 30 ea
345 1646 115 30 poterit
429 1646 73 30 ibi
471 1646 84 30 esse
512 1646 84 30 conta-

103 1669 104 43 ctus;
173 1669 81 43 Nam
219 1669 92 43 ille
277 1669 162 43 contactus,
404 1669 81 43 qui
450 1669 81 43 est
485 1669 115 43 mediante

112 1701 165 42 quantitate,
244 1701 77 42 non
288 1701 77 42 est
332 1701 143 42 physicus,
441 1701 77 42 sed
485 1701 99 42 magis
540 1701 55 42 ma-

103 1729 157 43 thematicus,
228 1729 52 43 &
249 1729 94 43 talis
312 1729 73 43 non
354 1729 126 43 sufficit
449 1729 63 43 ad
470 1729 115 43 actionem,

132 1760 112 42 Tertio
210 1760 67 42 ad
244 1760 89 42 idem
299 1760 67 42 ex
333 1760 101 42 parte
400 1760 179 42 accidentium,
534 1760 67 42 quae

107 1792 80 43 sunt
157 1792 130 43 principia
257 1792 160 43 alterationis
386 1792 170 43 praecedentis;
526 1792 60 43 si
546 1792 50 43 eni

110 1825 137 39 generatio
215 1825 95 39 esset
278 1825 95 39 actio
341 1825 105 39 formae
414 1825 179 39 substantialis
551 1825 53 39 im-

103 1849 139 50 mediate,
207 1849 173 50 sequeretur,
346 1849 92 50 quod
404 1849 162 50 accidentia
519 1849 81 50 nullo

615 165 92 39 modo
672 165 115 39 essent
752 165 172 39 instrumenta
889 165 126 39 ipsius,
970 165 137 39 consequens

613 203 75 32 est
656 203 118 32 falsum,
742 203 86 32 ergo
795 203 75 32 &c.
838 203 129 32 Falsitas
935 203 64 32 ab
967 203 75 32 eis
999 203 107 32 concede-

610 232 107 37 retur,
685 232 85 37 quia
738 232 117 37 ponunt,
824 232 149 37 accidentia
941 232 85 37 esse
984 232 117 37 instrumen

611 262 68 33 ta
645 262 113 33 formae
724 262 203 33 substantialis,
893 262 192 33 Consequentiam
1039 262 68 33 pro-

610 293 80 30 bo;
655 293 80 30 nam
701 293 69 30 si
736 293 161 30 accidentia
862 293 92 30 sunt
920 293 172 30 instrumenta
1046 293 69 30 for-

611 324 75 33 mae
654 324 192 33 substantialis,
814 324 117 33 quaero,
900 324 64 33 an
932 324 85 33 sint
974 324 139 33 instrumenta

615 350 66 36 in
648 350 154 36 alterando,
769 350 77 36 vel
813 350 66 36 in
846 350 154 36 generando;
968 350 77 36 non
1012 350 66 36 in
1034 350 77 36 alte-

613 384 112 30 rando,
691 384 89 30 quia
747 384 78 30 dum
792 384 145 30 alterant,
904 384 101 30 aliud
971 384 78 30 non
1004 384 112 30 generant

617 408 99 40 vltra
683 408 131 40 propriam
781 408 131 40 speciem,
880 408 110 40 saltem
957 408 66 40 de
979 408 131 40 necessita-

615 442 75 39 te,
658 442 54 39 &
680 442 75 39 per
723 442 150 39 consequens
841 442 75 39 non
884 442 118 39 cogimur
969 442 118 39 dicere,
1045 442 64 39 quod

615 470 110 34 agant,
692 470 66 34 vt
725 470 177 34 instrumenta;
869 470 77 34 nec
913 470 99 34 etiam
979 470 88 34 sunt
1024 470 88 34 instru

616 502 103 33 menta
684 502 114 33 ipsius
764 502 68 33 in
798 502 160 33 generando,
923 502 91 33 quia
980 502 80 33 hoc
1014 502 103 33 expres-

619 531 70 45 se
654 531 129 45 negant:
748 531 141 45 Sequitur
854 531 106 45 ergo,
924 531 94 45 quod
983 531 106 45 nullo
1042 531 70 45 modo

615 559 98 41 sint
664 559 158 41 instrumenta

653 586 153 41 Quapropter
773 586 120 41 videtur
861 586 87 41 mihi
915 586 109 41 aliter
992 586 87 41 esse
1036 586 76 41 dice-

618 619 82 44 dum
665 619 105 44 circa
735 619 105 44 istum
806 619 164 44 articulum:
934 619 82 44 Cum
981 619 94 44 ergo
1028 619 82 44 quae-

619 652 117 33 ritur,
701 652 105 33 vtrum
771 652 93 33 vera
829 652 163 33 generatio,
958 652 140 33 secundum
1051 652 70 33 quod

615 683 137 34 reperitur
721 683 63 34 in
752 683 147 34 creaturis,
868 683 74 34 sit
910 683 84 34 vera
962 683 95 34 actio
1025 683 63 34 de
1046 683 74 34 gene-

619 706 67 49 re
652 706 145 49 actionis,
764 706 100 49 dico,
831 706 89 49 quod
887 706 67 49 de
920 706 167 49 generatione
1043 706 78 49 possu

616 742 87 33 mus
665 742 112 33 loqui
740 742 186 33 dupliciter;
889 742 87 33 vno
938 742 99 33 modo
988 742 124 33 secundum

622 773 92 38 quod
679 773 138 38 includit
782 773 184 38 alterationem
931 773 161 38 necessario
1046 773 69 38 sibi

631 800 142 37 raeuiam,
738 800 59 37 &
762 800 95 37 isto
821 800 95 37 modo
880 800 142 37 possumus
975 800 142 37 concedere,

621 830 89 42 quod
677 830 145 42 generatio
788 830 78 42 est
833 830 100 42 actio
900 830 123 42 proprie
989 830 112 42 dicta,
1056 830 56 42 non

620 862 108 42 ratione
699 862 78 42 sui,
748 862 69 42 sed
787 862 108 42 ratione
865 862 98 42 ipsius
934 862 167 42 alterationis,
1061 862 49 42 qua

619 893 156 31 necessario
742 893 145 31 supponit,
853 893 67 31 de
887 893 78 31 qua
931 893 167 31 alteratione
1054 893 56 31 non

619 919 78 43 est
663 919 122 43 dubium,
752 919 89 43 quod
808 919 78 43 est
852 919 100 43 actio
919 919 67 43 de
952 919 111 43 genere
1030 919 111 43 actio

616 952 85 36 nis
665 952 134 36 proprie
762 952 122 36 dicta:
847 952 134 36 Secundo
945 952 97 36 modo
993 952 122 36 possumus

616 982 105 31 loqui
686 982 70 31 de
721 982 175 31 generatione
861 982 140 31 secundum
966 982 82 31 se,
1012 982 58 31 &
1036 982 105 31 abso

621 1011 99 33 lute,
687 1011 99 33 prout
753 1011 77 33 est
797 1011 121 33 quaedam
886 1011 132 33 simplex,
985 1011 55 33 &
996 1011 121 33 indiuisi-

619 1042 104 36 bilis
689 1042 139 36 mutatio,
793 1042 58 36 &
816 1042 93 36 isto
874 1042 93 36 modo
932 1042 81 36 non
978 1042 127 36 videtur
1059 1042 58 36 mi-

623 1069 71 47 hi,
664 1069 82 47 quod
715 1069 102 47 possit
786 1069 82 47 dici
837 1069 82 47 vera
888 1069 92 47 actio
949 1069 61 47 de
980 1069 102 47 genere
1041 1069 71 47 actio

613 1104 86 37 nis;
667 1104 75 37 tum
710 1104 86 37 quia
763 1104 86 37 nuda
817 1104 128 37 materia,
913 1104 86 37 quae
966 1104 75 37 est
998 1104 118 37 subiectum

621 1134 187 41 generationis,
775 1134 77 41 non
819 1134 110 41 potest
895 1134 88 41 pati
950 1134 66 41 ab
983 1134 110 41 agente
1049 1134 66 41 natu

620 1161 97 39 rali;
685 1161 75 39 tum
728 1161 97 39 etiam
792 1161 86 39 quia
846 1161 140 39 generatio
954 1161 75 39 non
997 1161 108 39 potest
1061 1161 54 39 im-

624 1189 125 47 mediate
715 1189 148 47 procedere
828 1189 57 47 a
851 1189 102 47 forma
920 1189 182 47 substantiali
1056 1189 57 47 ge-

624 1223 145 36 nerantis,
735 1223 89 36 nisi
791 1223 167 36 mediantibus
924 1223 189 36 accidentibus;
1080 1223 56 36 &

619 1252 95 41 quia
678 1252 166 41 accidentia
809 1252 83 41 non
856 1252 71 41 se
892 1252 154 41 extendunt
1010 1252 71 41 ad
1034 1252 83 41 gene-

618 1279 140 40 rationem
723 1279 117 40 formae
805 1279 210 40 substantialis,
980 1279 70 40 in
1003 1279 105 40 quantum

619 1310 164 37 instrumenta
750 1310 98 37 sunt,
815 1310 87 37 nisi
870 1310 131 37 mediante
957 1310 153 37 alteratione,

625 1342 88 41 quae
680 1342 77 41 eis
724 1342 120 41 debetur
811 1342 131 41 secundum
910 1342 131 41 propriam
997 1342 110 41 specien;

616 1371 84 43 deo
664 1371 133 43 cogimur
761 1371 133 43 dicere,
857 1371 96 43 quod
917 1371 157 43 generatio
1026 1371 84 43 secu-

615 1401 80 49 dum
660 1401 68 49 se
694 1401 125 49 sumpta,
785 1401 80 49 non
831 1401 80 49 est
876 1401 91 49 vera
933 1401 102 49 actio
1001 1401 68 49 de
1024 1401 91 49 geuere

611 1430 110 35 actionis.

646 1448 66 52 Et
679 1448 87 52 ista
733 1448 120 52 videtur
821 1448 87 52 esse
876 1448 131 52 intentio
974 1448 87 52 Com.
1029 1448 55 52 4
1039 1448 66 52 phys

619 1490 93 42 com.
678 1490 93 42 120.
736 1490 140 42 tractatu
840 1490 70 42 de
875 1490 128 42 Tempore
968 1490 81 42 vbi
1003 1490 105 42 loquens

618 1510 63 46 de
650 1510 95 46 istis
714 1510 169 46 mutationibus
851 1510 212 46 indiuisibilibus,
1020 1510 85 46 dicit.

616 1550 105 37 quodt
686 1550 164 37 ansmutatio
815 1550 129 37 dicitur
909 1550 152 37 aequiuoce
1025 1550 70 37 de
1049 1550 70 37 tras

615 1581 159 34 mutatione,
740 1581 91 34 quae
797 1581 80 34 est
842 1581 80 34 per
888 1581 80 34 se,
933 1581 57 34 &
956 1581 68 34 de
979 1581 125 34 transmuta

618 1610 100 42 tione,
688 1610 80 42 quae
738 1610 70 42 non
778 1610 70 42 est
818 1610 70 42 per
858 1610 70 42 se,
898 1610 70 42 sed
938 1610 70 42 est
978 1610 90 42 finis
1028 1610 80 42 traas-

625 1640 166 36 mutationis;
758 1640 100 36 Finis
824 1640 89 36 enim
880 1640 77 36 rei
924 1640 77 36 non
968 1640 77 36 est
1012 1640 66 36 de
1035 1640 77 36 natu-

624 1669 66 34 ra
657 1669 88 34 rei,
712 1669 55 34 &
734 1669 220 34 transmutationes,
921 1669 88 34 quae
976 1669 77 34 non
1020 1669 88 34 sunt
1064 1669 44 34 in

620 1703 139 31 tempore,
725 1703 93 31 sunt
782 1703 104 31 fines
852 1703 231 31 trausmutationis,
1049 1703 58 31 &
1060 1703 58 31 non

621 1728 87 35 sunt
676 1728 218 35 transmutationes,
861 1728 87 35 nisi
916 1728 153 35 aequiuoce,
1036 1728 65 35 ex
1057 1728 55 35 qui

622 1761 80 32 bus
667 1761 114 32 verbis
747 1761 137 32 possumus
850 1761 137 32 accipere
953 1761 91 32 duas
999 1761 114 32 rationes

616 1789 76 41 ad
642 1789 165 41 propositum.

618 1808 112 49 Prima
692 1808 124 49 talis.
779 1808 161 49 Vbicunque
903 1808 87 49 est
952 1808 99 49 vera
1014 1808 112 49 actio
1076 1808 50 49 de

626 1841 111 50 genere
704 1841 144 50 actionis,
814 1841 78 50 ibi
859 1841 78 50 est
903 1841 89 50 vera
959 1841 67 50 mu
992 1841 89 50 atio
1047 1841 67 50 de
1070 1841 55 50 ge
