1500 2327
173 181 150 53 tineatur
286 181 88 53 sub
336 181 150 53 veritate
449 181 226 53 Metaphysicali.

212 221 82 54 3.
253 221 82 54 An
295 221 137 54 eandem
391 221 179 54 veritatem
528 221 151 54 possint
624 221 124 54 conside

184 258 102 39 rare
248 258 153 39 diuersae
363 258 179 39 scientiae,
503 258 140 39 propter
593 258 153 39 Argumentum

184 285 78 61 in
223 285 183 61 oppositum:
367 285 131 61 Quibus
458 285 118 61 visis
537 285 131 61 facile
615 285 131 61 patebit,

184 329 105 53 quod
249 329 183 53 quaeritur.

243 369 315 73 ARTICVLVS
461 369 218 73 PRIMVS.

213 438 74 69 An
250 438 110 69 omnes
323 438 159 69 scientiae
446 438 196 69 speculatiuae
605 438 98 69 vnam
654 438 98 69 inten-

187 496 98 55 dant
236 496 147 55 veritatem.

225 556 69 51 D
253 556 192 51 euidentiam
403 556 123 51 huius
486 556 164 51 Articuli
609 556 110 51 dico
664 556 82 51 tri-

246 588 120 55 plicem
330 588 96 55 esse
391 588 169 55 veritatem,
523 588 108 55 vnam,
595 588 96 55 quae
656 588 72 55 ab
692 588 84 55 ip¬

189 625 88 50 sis
240 625 113 50 rebus
315 625 88 50 per
365 625 188 50 intellectum
515 625 138 50 nostrum
602 625 138 50 abstrahi-

191 657 98 48 tur,
252 657 61 48 a
277 657 86 48 qua
326 657 123 48 nostra
411 657 147 48 cognitio
522 657 196 48 intellectiua
669 657 74 48 cau-

195 691 121 51 satur
275 691 67 51 &
302 691 201 51 mensuratur;
463 691 161 51 AIteram,
583 691 94 51 cui
623 691 121 51 tamquam

194 728 145 52 mensurae
303 728 193 52 inuariabili,
459 728 133 52 veritas
556 728 60 52 a
580 728 109 52 rebus
640 728 109 52 abstra-

194 762 90 47 cta
246 762 219 47 configuratur,
426 762 64 47 &
451 762 244 47 immutabilitatem
644 762 103 47 sorti-

193 790 102 61 tur;
257 790 153 61 Tertiam,
372 790 102 61 quae
436 790 77 61 ex
475 790 128 61 nostro
564 790 102 61 modo
615 790 128 61 intelli-

189 824 111 57 gendi
262 824 160 57 sequitur,
385 824 74 57 ac
422 824 111 57 rebus
496 824 184 57 intellectis
631 824 111 57 tribui-

194 865 103 38 tur.
259 865 129 38 Membra
349 865 116 38 huius
426 865 219 38 distinctionis
606 865 155 38 declaro,
709 865 39 38 &

186 892 140 54 probo,
284 892 140 54 primum
382 892 126 54 autem
466 892 154 54 membrum
579 892 154 54 duplici
677 892 70 54 ra

177 936 123 44 tione.

208 955 123 60 Primo
290 955 109 60 sic.
359 955 123 60 llla,
441 955 82 60 de
482 955 137 60 quibus
577 955 164 60 scientia
687 955 68 60 ha-

192 1005 100 45 beri
255 1005 88 45 non
305 1005 138 45 potest,
406 1005 100 45 nisi
469 1005 88 45 per
519 1005 213 45 abstractionem
682 1005 63 45 in-

189 1032 174 46 tellectus,
325 1032 87 46 non
375 1032 124 46 habent
462 1032 162 46 veritatem
586 1032 162 46 scibilem,
698 1032 50 46 ni

194 1065 72 45 si
230 1065 168 45 abstractam
362 1065 72 45 ab
398 1065 84 45 eis
446 1065 84 45 per
493 1065 192 45 intellectum;
637 1065 108 45 quaedam

192 1103 113 47 entia
268 1103 100 47 sunt
330 1103 175 47 huiusmodi,
468 1103 75 47 vt
506 1103 188 47 sensibilia,
656 1103 100 47 ergo
706 1103 50 47 &c

197 1135 112 50 Maior
271 1135 125 50 patet,
359 1135 87 50 cum
409 1135 100 50 enim
471 1135 150 50 scientia
584 1135 87 50 sit
621 1135 125 50 verorum,

200 1169 101 49 sicut
267 1169 101 49 entia
335 1169 67 49 se
368 1169 112 49 habent
447 1169 67 49 ad
481 1169 90 49 esse
537 1169 135 49 scibile,
638 1169 79 49 ita
683 1169 56 49 &
705 1169 67 49 ad

195 1195 179 48 veritatem.
336 1195 115 48 Minor
413 1195 166 48 probatur,
540 1195 102 48 quia
604 1195 77 48 de
630 1195 115 48 entibus

194 1232 198 46 scibilibus,
352 1232 66 46 &
378 1232 237 46 enunciabilibus
576 1232 92 46 non
628 1232 145 46 habetur

199 1265 153 50 scientia,
317 1265 94 50 nisi
376 1265 82 50 per
423 1265 200 50 abstractionem
575 1265 165 50 intellectus.

198 1286 81 58 qui
245 1286 104 58 facit
314 1286 69 58 in
348 1286 81 58 eis
395 1286 219 58 vniuersalitate:
579 1286 92 58 Haec
637 1286 104 58 ratio
694 1286 58 58 col

192 1339 154 48 ligitur
304 1339 84 48 ex
346 1339 126 48 Auer.
430 1339 70 48 4
458 1339 140 48 Metaph
556 1339 112 48 com.
626 1339 98 48 38.
682 1339 70 48 &
696 1339 56 48 9.

191 1369 147 55 Metaph
294 1369 162 55 vltimo.

230 1399 75 47 At
267 1399 137 47 diceret
367 1399 150 47 aliquis,
479 1399 100 47 quod
542 1399 175 47 abstractio
667 1399 87 47 huius

190 1442 97 41 modi
251 1442 158 41 veritatis
372 1442 61 41 a
396 1442 194 41 sensibilibus
554 1442 85 41 non
602 1442 146 41 prouenit
699 1442 49 41 ex

194 1471 140 42 ratione
296 1471 178 42 veritatis,
436 1471 89 42 sed
486 1471 76 42 ex
524 1471 102 42 modo
575 1471 178 42 intelligendi

199 1501 112 50 nostri
277 1501 179 50 intellectus,
423 1501 78 50 qui
468 1501 78 50 nil
513 1501 168 50 intelligit,
647 1501 90 50 nisi
692 1501 56 50 por

181 1544 226 44 abstractionem.

193 1578 216 40 Respondeo;
362 1578 93 40 id
409 1578 154 40 omnino
517 1578 93 40 ex
563 1578 170 40 ratione
671 1578 77 40 ve-

199 1603 132 44 ritatis
295 1603 168 44 prouenire,
427 1603 72 44 de
463 1603 108 44 cuius
534 1603 132 44 ratione
630 1603 84 44 est
678 1603 96 44 esse

195 1639 168 43 stabile,
321 1639 70 43 &
349 1639 154 43 primum:
461 1639 154 43 dicente
573 1639 126 43 Auic.
657 1639 126 43 primo

196 1677 117 38 suae
270 1677 161 38 Metaph.
387 1677 117 38 quod
460 1677 161 38 veritas
563 1677 191 38 cuiuscunque

199 1711 79 39 rei
244 1711 79 39 est
289 1711 158 39 proprietas
413 1711 79 39 sui
458 1711 102 39 esse,
526 1711 158 39 videlicet,
650 1711 90 39 quod
696 1711 56 39 per

199 1742 154 43 manenter
315 1742 77 43 se
353 1742 141 43 habeat,
456 1742 77 43 in
495 1742 116 43 rebus
572 1742 116 43 autem
636 1742 116 43 sensibi

196 1770 109 45 libus
269 1770 85 45 non
317 1770 85 45 est
365 1770 133 45 aliquid
462 1770 133 45 firmum,
559 1770 61 45 &
583 1770 145 45 stabile,
680 1770 73 45 nisi

199 1804 110 45 forma
272 1804 183 45 vniuersalis
418 1804 159 45 abstracta
541 1804 85 45 por
577 1804 171 45 intellectum,

199 1836 81 47 non
246 1836 231 47 corruptilibilis,
442 1836 93 47 nisi
500 1836 81 47 per
547 1836 150 47 accidens.
662 1836 93 47 Immo
709 1836 46 47 di

203 1870 84 56 co,
251 1870 96 56 quod
311 1870 72 56 si
347 1870 181 56 intellectus
492 1870 84 56 non
540 1870 193 56 abstraheret,
697 1870 84 56 sed

197 1908 164 44 scientiam
324 1908 139 44 haberet
425 1908 152 44 infusam,
539 1908 190 44 nihilominus
678 1908 76 44 eius

198 1940 150 49 cognitio
311 1940 188 49 scientifica
461 1940 200 49 terminaretur
624 1940 75 49 ad
649 1940 100 49 forma:

199 1973 183 45 vniuersales
345 1973 183 45 abstractas,
491 1973 61 45 &
516 1973 85 45 non
564 1973 73 45 ad
601 1973 97 45 ipsa
650 1973 97 45 sensi-

209 2004 101 51 ilia,
276 2004 79 51 pro
321 2004 68 51 ut
355 2004 90 51 sunt
411 2004 68 51 in
445 2004 68 51 se
479 2004 113 51 ipsis,
558 2004 79 51 cum
603 2004 124 51 possint
681 2004 68 51 ali-

201 2043 85 43 ter
249 2043 73 43 se
286 2043 134 43 habere.
383 2043 97 43 Ergo
444 2043 73 43 ex
480 2043 134 43 ratione
577 2043 158 43 veritatis
686 2043 61 43 re-

194 2073 82 56 rum
241 2073 188 56 sensibilium,
394 2073 129 56 veritas
488 2073 82 56 est
535 2073 70 56 ab
570 2073 82 56 eis
605 2073 141 56 abstracta.

782 173 75 54 2.
819 173 75 54 Si
857 173 138 54 veritas
957 173 63 54 a
982 173 200 54 sensibilibus
1144 173 88 54 non
1182 173 138 54 abstrahe-

756 223 116 42 retur,
837 223 127 42 nostram
930 223 139 42 scientia
1034 223 69 42 ab
1068 223 81 42 eis
1115 223 81 42 non
1161 223 173 42 causaretur,

754 256 95 47 nec
809 256 230 47 mensuraretur,
998 256 190 47 Consequens
1147 256 95 47 est
1188 256 122 47 falsum;

755 282 100 46 ergo
817 282 63 46 &
842 282 188 46 antecedens,
992 282 150 46 falsitas
1105 282 200 46 consequentis
1255 282 63 46 pa-

753 318 101 41 tet,
817 318 88 41 tum
867 318 114 41 quia,
943 318 126 41 nostra
1031 318 152 41 cognitio
1145 318 114 41 ortum
1221 318 114 41 habet
1284 318 38 41 a

766 355 111 45 sensu,
843 355 78 45 tum
888 355 89 45 quia
943 355 78 45 per
988 355 100 45 Arist
1054 355 66 45 x.
1087 355 78 45 Met
1132 355 89 45 Tex.
1187 355 66 45 c.
1220 355 66 45 2.
1242 355 78 45 scien

756 395 90 39 tia
808 395 180 39 mensuratur
949 395 64 39 a
974 395 128 39 rebus,
1064 395 77 39 de
1103 395 128 39 quibus
1193 395 103 39 est,
1244 395 77 39 Con-

758 418 173 52 sequentiam
893 418 123 52 probo,
980 418 99 52 quia
1042 418 185 52 sensibilia,
1190 418 74 52 vt
1214 418 99 52 singu-

767 454 118 40 laria,
850 454 82 40 non
897 454 94 40 sunt
955 454 212 40 intelligibilia
1132 454 71 40 in
1167 454 106 40 actu,
1238 454 82 40 sed
1273 454 47 40 in

769 493 149 41 potentia,
883 493 138 41 alioquin
987 493 138 41 frustra,
1090 493 126 41 darctur
1171 493 149 41 intellectus

760 527 138 36 agens;
857 527 111 36 ergo
926 527 166 36 secundum
1051 527 111 36 esse
1120 527 180 36 singulare
1245 527 69 36 ne-

767 558 122 45 queunt
852 558 73 45 in
889 558 171 45 intellectu
1023 558 122 45 nostro
1108 558 134 45 causare
1205 558 134 45 aliquem

765 587 132 43 actum,
857 587 93 43 nec
910 587 146 43 habitum
1016 587 225 43 scientificum.
1202 587 93 43 Nec
1242 587 79 43 pos-

759 620 105 45 sunt
825 620 171 45 mensurare
956 620 171 45 scientiam
1087 620 158 45 nostram,
1206 620 105 45 quae
1258 620 66 45 di-

759 653 109 46 citur
832 653 134 46 habitus
929 653 134 46 certus,
1026 653 61 46 &
1051 653 207 46 inuariabilis,
1221 653 85 46 cum
1257 653 61 46 ip-

769 689 83 47 sa,
817 689 71 47 vt
852 689 166 47 singularia
983 689 107 47 sunt,
1054 689 166 47 mutationi,
1185 689 59 47 &
1197 689 119 47 variatio

769 727 69 42 ni
803 727 92 42 sint
860 727 149 42 subiecta,
975 727 137 42 Sequitur
1078 727 103 42 ergo,
1146 727 80 42 vel
1192 727 92 42 quod
1238 727 80 42 scien

763 758 95 47 tia
817 758 95 47 non
871 758 176 47 causetur,
1006 758 95 47 nec
1060 758 189 47 mensuretur
1208 758 81 47 ab
1235 758 81 47 eis,

770 788 94 56 vel
823 788 107 56 quod
890 788 107 56 opus
957 788 94 56 est
1010 788 107 56 dare
1077 788 174 56 veritatem
1198 788 120 56 aliquam

769 828 189 53 abstractam
918 828 81 53 ab
945 828 68 53 eis

800 855 81 54 3.
841 855 81 54 Et
882 855 190 54 confimatur
1031 855 95 54 per
1085 855 136 54 Arist.
1180 855 122 54 primo
1248 855 68 54 Me-

765 889 100 54 taph.
832 889 56 54 &
854 889 67 54 2.
887 889 100 54 post.
954 889 89 54 Tex.
1009 889 78 54 17.
1054 889 78 54 vbi
1098 889 100 54 vult,
1165 889 89 54 quod
1220 889 67 54 ex
1242 889 78 54 sensu

761 923 96 41 fiat
821 923 144 41 memoria,
929 923 72 41 ex
965 923 132 41 memoria
1060 923 132 41 saepius
1156 923 108 41 facta
1228 923 96 41 fiat
1276 923 48 41 ex

772 953 173 44 perientia,
907 953 74 44 ex
944 953 185 44 experientia
1093 953 111 44 autem
1167 953 160 44 multoties
1278 953 49 44 ha

763 996 103 40 bita,
831 996 172 40 abstrahatur
969 996 172 40 vniuersale,
1106 996 92 40 quod
1164 996 80 40 est
1209 996 80 40 per
1244 996 80 40 inci-

772 1033 92 41 pium
830 1033 173 41 vreritatis,
969 1033 58 41 &
992 1033 162 41 scientiae:
1119 1033 92 41 Vnde
1165 1033 150 41 colligitur,

771 1056 107 52 quod
837 1056 93 52 non
891 1056 134 52 tantum
984 1056 240 52 incomplexorum,
1185 1056 93 52 sed
1225 1056 93 52 etiam

770 1101 188 39 complexorum
921 1101 138 39 ceritas
1022 1101 63 39 a
1047 1101 201 39 sensibilibus
1197 1101 126 39 abstraha

773 1130 95 46 tur,
833 1130 84 46 per
880 1130 95 46 quam
940 1130 84 46 res
988 1130 191 46 scientificae
1143 1130 203 46 cognoscantur,

765 1163 76 43 ab
803 1163 114 43 ipsis
880 1163 114 43 rebus
956 1163 153 43 causata,
1070 1163 64 43 &
1083 1163 140 43 mensurata

784 1196 216 43 SECVNDVM
946 1196 108 43 ME
1000 1196 180 43 MEMRVM
1107 1196 216 43 Distinctio

766 1228 82 44 nis
813 1228 176 44 declaratur,
954 1228 129 44 oportet
1047 1228 94 44 enim
1106 1228 94 44 dare
1164 1228 129 44 aliquam
1246 1228 82 44 veri-

772 1264 130 43 tatem,
863 1264 91 43 cui
915 1264 155 43 praefata
1031 1264 142 43 veritas
1135 1264 142 43 tamquam
1225 1264 104 43 mensu-

766 1294 89 47 rae
817 1294 190 47 inuariabili
969 1294 216 47 configuretur,
1147 1294 63 47 &
1173 1294 102 47 inde
1223 1294 102 47 immuta

773 1330 143 46 bilitatem
883 1330 143 46 sequatur,
993 1330 88 46 haec
1048 1330 99 46 autem
1114 1330 77 46 est
1158 1330 121 46 veritas
1235 1330 88 46 primae

767 1365 138 40 causae,
868 1365 63 40 a
893 1365 88 40 qua
943 1365 113 40 omnia
1018 1365 113 40 entia
1093 1365 100 40 esse
1156 1365 175 40 acquirunt,
1281 1365 38 40 &

772 1395 167 48 Veritatem.
903 1395 95 48 Huic
963 1395 131 48 veritas
1058 1395 60 48 a
1082 1395 191 48 sensibilibus
1225 1395 95 48 abstra

773 1432 82 44 cta
820 1432 187 44 configuratur
972 1432 175 44 dupliciter,
1112 1432 70 44 in
1147 1432 140 44 puritate
1240 1432 82 44 scili

767 1464 97 46 cet,
828 1464 61 46 &
852 1464 73 46 in
889 1464 207 46 immobilitate,
1059 1464 134 46 veritas
1157 1464 122 46 namque
1242 1464 110 46 diui¬

764 1496 71 47 na
800 1496 82 47 est
847 1496 177 47 simpliciter
988 1496 106 47 pura,
1059 1496 82 47 nec
1106 1496 118 47 alicui
1188 1496 141 47 extraneo
1283 1496 35 47 a

765 1535 69 38 se
799 1535 183 38 permiscetur;
948 1535 80 38 ita
993 1535 103 38 etiam
1062 1535 69 38 se
1097 1535 103 38 habet
1165 1535 126 38 veritas
1257 1535 57 38 a
1268 1535 46 38 re

773 1564 91 41 bus
825 1564 183 41 abstracta,
969 1564 91 41 nam
1021 1564 144 41 quamuis
1125 1564 157 41 secundum
1243 1564 104 41 esse

774 1596 185 48 potentiale,
922 1596 99 48 quod
983 1596 111 48 habet
1057 1596 74 48 in
1094 1596 197 48 sensibilibus
1242 1596 74 48 per-

779 1637 160 35 misceatur
902 1637 123 35 multis
988 1637 172 35 extraneis,
1123 1637 160 35 inquantum
1234 1637 86 35 tamen

769 1670 118 45 habet
848 1670 105 45 essc
913 1670 184 45 completum,
1058 1670 66 45 &
1084 1670 145 45 actuale
1190 1670 92 45 per
1229 1670 92 45 intel

773 1697 134 43 lectum
866 1697 214 43 abstrahentem
1041 1697 80 43 ab
1081 1697 107 43 omni
1148 1697 174 43 extraneo,
1268 1697 54 43 de

775 1731 128 43 puratur
868 1731 93 43 ita,
927 1731 70 43 vt
961 1731 116 43 merito
1043 1731 116 43 primae
1124 1731 140 43 veritati
1217 1731 105 43 configu

774 1770 114 39 retur
850 1770 127 39 aliquo
939 1770 101 39 modo
1002 1770 76 39 in
1040 1770 164 39 puritate,
1167 1770 76 39 ex
1204 1770 89 39 quo
1242 1770 89 39 sequi

771 1805 88 37 tur
822 1805 202 37 configuratio
986 1805 114 37 etiam
1062 1805 76 37 in
1100 1805 240 37 immutabilitate;
1289 1805 38 37 p

773 1839 131 35 mistio
865 1839 105 35 enim
930 1839 92 35 cum
982 1839 157 35 extraneo
1100 1839 92 35 est
1153 1839 118 35 causa
1218 1839 105 35 mutabi

775 1871 151 42 litatis,
888 1871 63 42 &
914 1871 88 42 per
964 1871 176 42 oppositum,
1102 1871 163 42 depuratio
1215 1871 113 42 abextra

770 1903 93 41 neo
823 1903 93 41 est
876 1903 119 41 causa
955 1903 225 41 immutationis:
1140 1903 79 41 Si
1180 1903 79 41 er
1206 1903 119 41 veritas

772 1940 59 37 a
796 1940 188 37 sensibilibus
948 1940 153 37 abstracta
1066 1940 176 37 conformatur
1207 1940 117 37 primae
1277 1940 47 37 ve

769 1974 120 35 ritati
853 1974 72 35 in
889 1974 157 35 puritate,
1010 1974 217 35 conformabitur,
1191 1974 60 35 &
1215 1974 72 35 in
1239 1974 84 35 perma

766 2006 137 40 nentia,
865 2006 62 40 &
890 2006 236 40 immutabilitate:
1089 2006 62 40 &
1114 2006 99 40 quia
1176 2006 99 40 ista
1226 2006 99 40 confi-

769 2039 146 42 guratio
875 2039 93 42 nil
928 2039 119 42 aliud
1007 2039 106 42 est,
1073 2039 106 42 quam
1140 2039 146 42 quaedam
1232 2039 93 42 immu-

771 2074 117 50 tatio,
853 2074 128 50 idcirco
946 2074 152 50 sequitur,
1063 2074 93 50 quod
1121 2074 128 50 veritas
1214 2074 58 50 a
1226 2074 105 50 sensibi
