1500 2037
101 149 112 61 exitus
179 149 67 61 de
212 149 134 61 potentia
313 149 67 61 ad
346 149 112 61 actum:
425 149 123 61 Insuper
503 149 89 61 respi-

101 197 78 40 cit
146 197 101 40 ipsum
213 197 146 40 generans,
325 197 56 40 a
347 197 78 40 quo
392 197 112 40 fiuit,
471 197 56 40 &
493 197 90 40 quia
538 197 56 40 ge-

102 221 111 44 nerans
180 221 78 44 dat
224 221 89 44 esse
280 221 111 44 genito
358 221 78 44 per
403 221 189 44 generationem:
547 221 45 44 id

110 251 96 34 circo
174 251 74 34 per
217 251 74 34 hoc
259 251 128 34 sortitur
355 251 128 34 secundam
440 251 149 34 conditionem,

109 280 141 46 scilicet,
218 280 87 46 quod
272 280 76 46 est
315 280 109 46 illud,
392 280 76 46 per
435 280 87 46 quod
478 280 109 46 generan-

103 313 79 38 dat
148 313 101 38 esse;
215 313 67 38 in
249 313 124 38 quantum
339 313 90 38 vero
395 313 135 38 respicit
496 313 101 38 ipsum
552 313 45 38 ge

102 346 116 37 nitum,
184 346 139 37 sortitur
288 346 128 37 tertiam
381 346 186 37 conditionem,
520 346 70 37 quod

107 368 77 45 est
151 368 110 45 illud,
228 368 77 45 per
272 368 88 45 quod
327 368 121 45 genitum
415 368 121 45 accipit
492 368 66 45 esse

140 396 87 43 Sunt
195 396 120 43 insuper
282 396 87 43 tres
337 396 98 43 aliae
402 396 175 43 conditiones,
533 396 66 43 quae

112 426 159 47 necessario
237 426 182 47 generationem
385 426 159 47 sequuntur,
510 426 57 47 &
522 426 68 47 poss

111 459 79 42 eam
156 459 146 42 remanent,
268 459 112 42 quarum
346 459 101 42 prima
414 459 90 42 est,
470 459 112 42 realis
537 459 56 42 di-

115 488 131 40 stinctio
214 488 99 40 inter
279 488 131 40 gignens,
378 488 55 40 &
400 488 131 40 genitum,
498 488 88 40 quia
542 488 55 40 ni-

111 517 75 36 hil
154 517 65 36 se
187 517 97 36 ipsum
251 517 129 36 generat,
348 517 97 36 sicut
412 517 97 36 patet
477 517 75 36 per
509 517 86 36 Aristo

113 547 74 49 2.
150 547 74 49 de
187 547 124 49 Anima,
274 547 62 49 &
299 547 87 49 per
348 547 174 49 Augustinum
484 547 112 49 primo
546 547 50 49 de

110 576 143 42 Trinitate
220 576 88 42 cap.
264 576 44 42 1.

141 600 117 44 Secunda
226 600 127 44 conditio
322 600 85 44 est,
375 600 106 44 realis
449 600 117 44 relatio
523 600 74 44 vnius

115 632 67 51 ad
148 632 134 51 alterum:
249 632 78 51 Nam
294 632 145 51 vbicunque
406 632 90 51 est,
462 632 78 51 vel
506 632 90 51 fuit
551 632 45 51 a-

106 665 93 46 ctio,
168 665 52 46 &
189 665 114 46 passio,
271 665 73 46 ibi
313 665 145 46 necessario
427 665 124 46 sequitur
510 665 93 46 relatio

114 695 141 43 realiter;
223 695 98 43 sicut
288 695 108 43 potest
363 695 108 43 patere
439 695 54 43 o
450 695 65 43 meta

149 724 99 40 Tertia
219 724 129 40 conditio,
318 724 79 40 quae
368 724 70 40 ibi
407 724 139 40 concurrit,
517 724 70 40 est
546 724 50 40 que

110 754 151 46 libetcunque
231 754 151 46 assimilatio
352 754 151 46 possibilis;
473 754 71 46 nam
513 754 91 46 sicut
564 754 40 46 pa

109 784 81 34 tet
156 784 104 34 primo
225 784 69 34 de
259 784 185 34 generatione,
409 784 127 34 quamuis
490 784 104 34 actiuum

112 814 51 31 &
132 814 122 31 passiuum
223 814 81 31 sint
274 814 61 31 in
305 814 132 31 principio
406 814 152 31 dissimilia,
528 814 61 31 in
548 814 51 31 fi-

109 844 68 42 ne
143 844 102 42 tamen
211 844 91 42 sunt
267 844 136 42 similia:
369 844 91 42 ldeo
426 844 102 42 autem
494 844 91 42 dico
539 844 57 42 qua

109 873 157 42 libetcunque
234 873 157 42 assimilatio
360 873 157 42 possibilis,
486 873 84 42 quia
528 873 73 42 agens

116 903 76 32 non
160 903 130 32 intendit
257 903 152 32 assimilare
376 903 119 32 passum,
463 903 87 32 nisi
506 903 98 32 quantum

110 932 72 43 est
151 932 144 43 possibile;
264 932 113 43 propter
347 932 82 43 quod
398 932 72 43 vbi
439 932 72 43 est
480 932 93 43 agens
532 932 72 43 aequi

115 960 108 47 pocum,
191 960 86 47 quia
245 960 76 47 non
288 960 108 47 potest
364 960 76 47 ibi
407 960 86 47 esse
461 960 130 47 perfecta
547 960 54 47 as-

109 991 148 49 similatio,
226 991 137 49 sufficit,
331 991 84 49 quod
384 991 74 49 sit
426 991 74 49 ibi
458 991 137 49 qualiscunqu

100 1022 136 51 possibilis.

140 1046 145 40 Notandum
249 1046 121 40 tamen,
334 1046 97 40 quod
394 1046 85 40 non
443 1046 85 40 sic
479 1046 121 40 intelli-

113 1080 64 39 go
145 1080 96 39 istas
209 1080 85 39 tres
262 1080 160 39 conditiones
390 1080 96 39 sequi
443 1080 149 39 generationem

114 1115 101 35 quasi
181 1115 78 35 non
226 1115 90 35 sint
282 1115 101 35 simul
349 1115 78 35 cum
394 1115 78 35 ea,
439 1115 90 35 quia
495 1115 78 35 cum
540 1115 90 35 hoc,

122 1136 98 43 quod
183 1136 111 43 simul
257 1136 98 43 sunt
318 1136 86 43 cum
368 1136 74 43 ea
404 1136 209 43 relinquuntur,
564 1136 37 43 &

121 1167 135 35 remanent
222 1167 90 35 post
278 1167 90 35 eam,
335 1167 56 35 &
357 1167 90 35 sine
414 1167 68 35 ea
447 1167 79 35 non
492 1167 101 35 sunt;
549 1167 56 35 qua

122 1200 131 40 videmus,
220 1200 87 40 quod
275 1200 87 40 post
330 1200 120 40 instans
417 1200 186 40 generationis,
559 1200 44 40 gi

114 1227 119 40 gnens,
197 1227 59 40 &
221 1227 130 40 genitum
316 1227 213 40 dictinguuntur,
482 1227 119 40 referun-

123 1257 83 42 tur,
174 1257 52 42 &
195 1257 176 42 assimilantur:
340 1257 72 42 Sic
381 1257 83 42 ergo
433 1257 103 42 patet,
505 1257 83 42 quot
546 1257 52 42 con

122 1284 125 34 currant
213 1284 68 34 ad
247 1284 182 34 generationem
394 1284 102 34 veram
462 1284 68 34 in
485 1284 125 34 creaturis

114 1316 158 37 repertam,
235 1316 146 37 secundum
344 1316 97 37 quod
405 1316 73 37 de
441 1316 73 37 ea
466 1316 146 37 determinat

115 1345 162 51 philosophus
245 1345 151 51 naturalis.

145 1401 289 55 ARTICVLVS
345 1401 222 55 TERTIVS.

161 1457 99 55 Vtrum
227 1457 66 55 in
260 1457 121 55 diuinis
348 1457 77 55 sit
392 1457 88 55 vera
436 1457 132 55 generatio.

191 1577 55 38 D
213 1577 77 38 hoc
257 1577 110 38 dicunt
334 1577 110 38 aliqui
411 1577 77 38 non
455 1577 99 38 solum
521 1577 77 38 ibi
554 1577 55 38 es-

131 1591 76 65 se
169 1591 115 65 veram
246 1591 216 65 generationem,
424 1591 89 65 sed
475 1591 115 65 etiam
538 1591 64 65 quo

122 1639 79 34 hoc
167 1639 169 34 demonstrari
302 1639 124 34 potest,
393 1639 113 34 quorum
472 1639 113 34 opinio
539 1639 68 34 fuit

120 1671 138 35 superius
223 1671 149 35 improbata
338 1671 69 35 in
372 1671 126 35 secunda
464 1671 92 35 dist
521 1671 92 35 ideo
567 1671 46 35 de

119 1701 82 41 illa
170 1701 92 41 nihil
231 1701 61 41 ad
261 1701 122 41 praesens
353 1701 92 41 dico:
414 1701 71 41 Sed
455 1701 102 41 aliter
526 1701 61 41 ad
547 1701 61 41 quae

118 1729 102 42 situm
186 1729 147 42 respondeo
299 1729 170 42 affirmatiue
435 1729 68 42 in
469 1729 125 42 diuinis
548 1729 57 42 es-

120 1753 63 48 se
152 1753 95 48 veram
215 1753 179 48 generationem,
363 1753 95 48 sicut
427 1753 74 48 est
469 1753 74 48 ibi
511 1753 84 48 vera
553 1753 53 48 por

117 1786 132 36 sonarum
213 1786 180 36 distinctio;
357 1786 84 36 nam
404 1786 144 36 vtrumque
500 1786 108 36 istorum

114 1818 70 47 in
149 1818 106 47 Sacro
220 1818 117 47 Canone
302 1818 82 47 est
349 1818 164 47 expressum,
478 1818 59 47 &
501 1818 94 47 ista
548 1818 59 47 duo

607 149 69 57 se
642 149 104 57 mutuo
711 149 197 57 consequuntur:
873 149 104 57 vnde,
943 149 104 57 sicut
1012 149 81 57 non
1047 149 46 57 po

606 196 89 39 test
661 196 166 39 demonstrari
794 196 77 39 ibi
838 196 89 39 esse
894 196 111 39 realem
960 196 133 39 personarum

614 222 178 44 distinctionem
760 222 73 44 (vt
802 222 126 44 superius
896 222 115 44 patuit)
980 222 73 44 ita
1022 222 73 44 nec
1053 222 42 44 et

605 251 166 46 demonstrari
738 251 111 46 potest
815 251 77 46 ibi
860 251 89 46 esse
915 251 100 46 veram
970 251 122 46 generatio

603 281 94 51 nem,
662 281 118 51 posita
745 281 106 51 tamen
816 281 165 51 personarum
934 281 165 51 pluralitate,

613 311 152 44 efficaciter
735 311 112 44 probari
806 311 101 44 poterit.

651 335 82 52 Tria
702 335 82 52 ergo
754 335 103 52 faciam
825 335 62 52 in
856 335 134 52 praesenti
959 335 134 52 articulo;
1052 335 51 52 pro

607 366 95 46 babo
667 366 107 46 primo
738 366 72 46 in
774 366 131 46 diuinis
869 366 95 46 esse
917 366 167 46 generationem

607 389 142 54 supposita
716 389 153 54 personarum
837 389 98 54 reali
902 389 186 54 distinctione,
1044 389 55 54 se-

612 430 110 39 cundo
685 430 147 39 ostendam
796 430 86 39 non
845 430 98 39 esse
906 430 86 39 ibi
955 430 110 39 quoad
1016 430 86 39 omnes

609 462 164 41 conditiones
740 462 153 41 necessario
861 462 153 41 requisitas
981 462 66 41 in
1003 462 98 41 creatu-

610 488 93 51 ris;
669 488 117 51 tertio
750 488 117 51 mouebo
832 488 128 51 quasdam
925 488 198 51 dubitationes,

614 518 67 34 &
627 518 120 34 soluam.

647 535 94 57 PirO
706 535 106 57 primo
777 535 82 57 est
824 535 212 57 intelligendum,
1000 535 94 57 quod
1047 535 59 57 sic

615 575 128 40 oportet
708 575 128 40 saluare
801 575 197 40 distinctionem
952 575 151 40 personarum,

619 607 65 42 vt
652 607 76 42 non
695 607 141 42 derogetur
804 607 120 42 diuinae
891 607 185 42 simpiicitati,
1033 607 65 42 pro-

623 635 111 43 pterea
701 635 123 43 cogimur
790 635 123 43 dicere,
879 635 89 43 quod
935 635 123 43 diuinae
1013 635 89 43 perso-

611 670 79 38 nae
656 670 191 38 distinguantur
813 670 79 38 per
858 670 168 38 relationes;
993 670 56 38 &
1015 670 79 38 non
1049 670 56 38 per

612 697 139 32 absoluta,
719 697 86 32 quia
773 697 64 32 si
805 697 75 32 ibi
847 697 96 32 esset
912 697 118 32 aliquod
986 697 118 32 absolutum

613 724 148 43 essentiae
726 724 193 43 superadditum,
885 724 125 43 faceret
965 724 136 43 composito-

614 753 86 35 nem
663 753 86 35 cum
712 753 86 35 ea:
761 753 74 35 de
798 753 160 35 relatione
921 753 111 35 autem
995 753 86 35 non
1032 753 74 35 pos-

617 781 92 45 sumus
678 781 71 45 sic
719 781 102 45 dicere
790 781 102 45 (sicut
862 781 112 45 patebit
944 781 133 45 inferius)
1036 781 71 45 stan-

620 812 64 38 te
652 812 96 38 ergo,
716 812 85 38 quod
769 812 74 38 ibi
812 812 74 38 sit
854 812 149 38 distinctio
971 812 74 38 per
1003 812 106 38 relatio-

613 846 90 46 nes,
669 846 102 46 probo
737 846 169 46 tripliciter
872 846 79 46 ibi
917 846 90 46 esse
974 846 102 46 veram
1030 846 79 46 gene

602 874 133 47 rationem

673 892 141 56 Vbicunque
781 892 87 56 sunt
835 892 151 56 relationes
955 892 141 56 originis,
1052 892 54 56 ibi

615 925 74 45 est
658 925 85 45 vera
711 925 106 45 origo,
784 925 53 45 &
806 925 85 45 vera
858 925 148 45 generatio,
975 925 74 45 sed
1017 925 63 45 in
1038 925 74 45 diui-

615 963 72 38 nis
656 963 83 38 sunt
708 963 93 38 verae
770 963 145 38 relationes
884 963 134 38 originis;
987 963 83 38 ergo
1028 963 83 38 &caet.

619 989 110 43 Maior
692 989 86 43 est
741 989 110 43 nota,
815 989 61 43 &
839 989 135 43 Minorem
937 989 123 43 probo;
1023 989 98 43 quia
1072 989 49 43 ex

624 1022 76 41 quo
668 1022 120 41 diuinae
755 1022 131 41 personae
853 1022 185 41 distinguuntur
1006 1022 76 41 per
1039 1022 76 41 rela-

625 1050 110 44 tiones,
705 1050 120 44 oportet,
794 1050 80 44 quod
844 1050 90 44 illae
904 1050 80 44 sint
954 1050 149 44 essentiales
1063 1050 50 44 ip-

617 1078 74 36 sis
660 1078 137 36 personis,
765 1078 137 36 proprerea
871 1078 63 36 de
902 1078 84 36 illo
955 1078 105 36 genere
1018 1078 95 36 relatio

620 1114 79 36 num
665 1114 91 36 poni
722 1114 125 36 debent,
812 1114 79 36 per
858 1114 91 36 quod
914 1114 91 36 sunt
971 1114 102 36 magis
1028 1114 79 36 essen

619 1140 128 31 tiales:
713 1140 93 31 Nunc
771 1140 105 31 autem
841 1140 163 31 relationes
957 1140 152 31 importantes

623 1166 142 44 originem
729 1166 94 44 sunt
788 1166 165 44 huiusmodi;
918 1166 94 44 quia
977 1166 94 44 sunt
1024 1166 83 44 magis

625 1196 149 44 propinqua
739 1196 160 44 essentiae,
865 1196 57 44 &
888 1196 138 44 naturae,
991 1196 92 44 quam
1037 1196 69 44 alia

622 1232 162 36 relationes;
752 1232 86 36 ergo
805 1232 75 36 &c.
848 1232 97 36 Minor
913 1232 140 36 probatur,
1021 1232 75 36 nam
1053 1232 54 36 per

626 1258 95 41 psam
685 1258 154 41 originem,
804 1258 95 41 quam
863 1258 154 41 huiusmodi
969 1258 142 41 relationes

623 1285 68 36 in
657 1285 79 36 sua
702 1285 124 36 ratione
792 1285 158 36 important,
916 1285 181 36 communicatur
1052 1285 56 36 es-

626 1315 126 49 sentia,
717 1315 57 49 &
740 1315 114 49 natura
820 1315 91 49 Hanc
877 1315 137 49 rationem
980 1315 114 49 tangit
1048 1315 69 49 Aegi

617 1347 85 34 dius
670 1347 106 34 noster
744 1347 63 34 in
776 1347 137 34 praesenti
871 1347 148 34 distinctione

649 1368 55 48 2
671 1368 121 48 Diuinae
759 1368 143 48 personae,
869 1368 77 48 vel
912 1368 187 48 distinguuntur
1055 1368 55 48 per

624 1403 153 45 relationes
745 1403 164 45 importantes
876 1403 142 45 originem,
986 1403 88 45 quae
1029 1403 88 45 perti-

625 1431 96 37 nent
685 1431 72 37 ad
721 1431 144 37 secundum
829 1431 120 37 modum;
913 1431 84 37 vel
961 1431 84 37 per
997 1431 120 37 relatio-

624 1464 82 40 nes
671 1464 94 40 modo
730 1464 129 40 numeri,
823 1464 94 40 quae
882 1464 152 40 pertinent
999 1464 70 40 ad
1022 1464 94 40 primum

625 1493 118 41 modum,
708 1493 83 41 vel
755 1493 83 41 per
802 1493 165 41 relationes
932 1493 94 41 modo
979 1493 130 41 mensurae,

630 1525 92 36 quae
688 1525 150 36 pertinent
804 1525 69 36 ad
838 1525 127 36 tertium
930 1525 115 36 modum,
1011 1525 81 36 non
1046 1525 69 36 enim

623 1553 96 41 ponit
687 1553 106 41 Arist.
762 1553 106 41 plures
836 1553 149 41 relationis
953 1553 96 41 modos
1017 1553 64 41 in
1049 1553 64 41 3.
1070 1553 43 41 Me

625 1582 96 42 taph.
690 1582 150 42 Sidicatur,
807 1582 118 42 primum,
893 1582 118 42 habemus
968 1582 139 42 propositum;

630 1612 66 42 si
663 1612 98 42 autem
728 1612 120 42 dicatur
816 1612 142 42 secundum,
925 1612 77 42 hoc
969 1612 77 42 est
1002 1612 109 42 impossi-

627 1639 98 47 bile:
692 1639 87 47 Quod
747 1639 109 47 probat
823 1639 109 47 aliqui
899 1639 131 47 dicentes
986 1639 131 47 relationes

631 1669 99 45 primi
697 1669 88 45 modi
752 1669 133 45 aduenire
852 1669 155 45 suppositis
973 1669 77 45 iam
1007 1669 110 45 constitu

627 1701 82 42 tis,
678 1701 51 42 &
699 1701 154 42 distinctis;
822 1701 82 42 ergo
873 1701 72 42 non
914 1701 113 42 possunt
996 1701 82 42 esse
1037 1701 82 42 princi

631 1729 94 49 palis
693 1729 94 49 ratio
755 1729 177 49 distinguendi;
901 1729 62 49 vt
932 1729 83 49 puta
974 1729 135 49 similitudo,

624 1758 54 42 &
635 1758 140 42 aequalitas.

662 1785 79 47 Sed
707 1785 91 47 haec
764 1785 136 47 probatio
866 1785 91 47 mihi
922 1785 79 47 non
968 1785 125 47 placet,
1047 1785 68 47 quia

625 1817 77 48 vel
669 1817 143 48 loquuntur
779 1817 66 48 de
812 1817 187 48 relationibus,
967 1817 99 48 prout
1033 1817 88 48 sunt
1077 1817 44 48 in
