1500 2380
201 165 176 55 creaturis;
340 165 88 55 vel
390 165 113 55 prout
465 165 100 55 sunt
528 165 75 55 in
566 165 100 55 Deo;
628 165 75 55 si
666 165 113 55 primo
729 165 50 55 mo

208 206 76 52 do
246 206 201 52 intelligant,
410 206 101 52 tunc
473 206 113 52 eadem
548 206 113 52 ratio
624 206 101 52 erit
687 206 76 52 de
712 206 63 52 om-

208 236 114 58 nibus
284 236 215 58 relationibus;
461 236 88 58 nam
512 236 88 58 cum
562 236 76 58 in
600 236 164 58 creaturis
714 236 63 58 nul

209 274 91 53 lum
261 274 183 53 suppositum
405 274 209 53 constituatur
574 274 91 53 per
613 274 157 53 relationem

201 309 119 55 omnes
280 309 185 55 relationes
426 309 185 55 suppositis
571 309 185 55 aduenirent
717 309 93 55 iam

202 344 202 54 constitutis;
366 344 76 54 si
404 344 114 54 autem
480 344 164 54 loquantur
606 344 76 54 de
644 344 88 54 eis
682 344 88 54 solum

203 384 75 52 vt
241 384 100 52 sunt
304 384 75 52 in
341 384 100 52 Deo,
404 384 100 52 tunc
467 384 138 52 petunt,
567 384 100 52 quod
630 384 88 52 est
680 384 75 52 in
705 384 75 52 prin

210 410 129 47 cipio;
300 410 90 47 nam
352 410 142 47 quamuis
455 410 90 47 ita
506 410 103 47 sit,
571 410 103 47 quod
622 410 155 47 relationes

198 447 154 59 originis
314 447 205 59 constituant,
480 447 64 59 &
506 447 192 59 distinguant
660 447 77 59 in
685 447 90 59 diui-

204 479 105 58 nis,
270 479 105 58 quia
335 479 92 58 per
388 479 131 58 Sacram
480 479 184 58 Scripturam
624 479 145 58 constat
716 479 66 58 ibi

203 515 105 59 esse
268 515 118 59 veram
347 515 223 59 generationem,
530 515 105 59 ipsi
596 515 118 59 tamen
674 515 92 59 per
714 515 65 59 ra-

201 553 135 56 tionem
296 553 95 56 hoc
350 553 95 56 non
405 553 163 56 probant,

247 567 113 72 Quare
323 567 100 72 alij
385 567 150 72 volentes
498 567 150 72 rationem
610 567 150 72 reddere,
710 567 63 72 cut

201 622 132 53 potius
293 622 92 53 per
346 622 185 53 relationes
491 622 132 53 secudi
583 622 119 53 modi,
662 622 105 53 quam
715 622 66 53 per

207 660 174 50 relationes
344 660 112 50 primi
418 660 212 50 distinguantur
593 660 162 50 personae,
705 660 62 50 di-

195 695 105 47 cunt
261 695 92 47 hoc
313 695 184 47 prouenire,
458 695 105 47 quia
523 695 184 47 relationes
655 695 118 47 numeri,

198 723 109 47 quae
267 723 109 47 sunt
335 723 123 47 primi
417 723 109 47 modi
485 723 178 47 fundantur
622 723 123 47 super
690 723 82 47 quan

200 759 157 55 titatem,
318 759 65 55 &
344 759 196 55 qualitatem:
501 759 79 55 in
540 759 144 55 diuinis
645 759 118 55 autem
711 759 65 55 est

198 797 89 50 vna
249 797 166 50 quantitas
377 797 166 50 virtutis,
504 797 64 50 &
530 797 89 50 vna
581 797 153 50 qualitas
683 797 89 50 perfe

201 824 142 57 ctionis,
308 824 95 57 ideo
367 824 83 57 non
414 824 130 57 possunt
509 824 83 57 ibi
556 824 130 57 fundari
651 824 106 57 istae
710 824 59 57 re-

198 862 156 53 lationes
315 862 117 53 primi
393 862 104 53 modi
458 862 130 53 tanqua
550 862 182 53 oppositae,
693 862 65 53 &
706 862 65 53 rea

203 901 84 49 les
251 901 169 49 relationes
384 901 193 49 sufficientes
540 901 132 49 causare
637 901 120 49 realem
709 901 60 49 di-

195 937 222 46 stinctionem,
375 937 180 46 propterea
514 937 139 46 dicunt
597 937 180 46 recurrendum

192 969 102 51 esse
256 969 76 51 ad
294 969 178 51 relationes
434 969 140 51 secundi
523 969 89 51 modi-

231 986 85 65 Sed
280 986 85 65 nec
328 986 98 65 ista
390 986 147 65 probatio
499 986 122 65 valet,
585 986 85 65 nam
634 986 110 65 sicut
695 986 73 65 rela

200 1037 133 54 tiones
293 1037 120 54 primi
373 1037 106 54 modi
439 1037 173 54 fundantur
572 1037 120 54 super
639 1037 133 54 quantita

202 1073 103 43 tem,
267 1073 65 43 &
292 1073 194 43 qualitatem,
447 1073 90 43 ita
499 1073 65 43 &
525 1073 181 43 relationes
654 1073 116 43 secundi

201 1101 107 57 modi
268 1101 174 57 fundantur
402 1101 121 57 super
482 1101 174 57 potentiam
616 1101 148 57 agendi,
724 1101 67 57 &

202 1143 164 49 patiendi;
329 1143 63 49 &
354 1143 114 49 sicut
429 1143 76 49 in
467 1143 88 49 Deo
518 1143 88 49 est
568 1143 114 49 eadem
631 1143 139 49 quantitas

204 1175 149 50 virtutis,
318 1175 57 50 &
341 1175 138 50 qualitas
444 1175 195 50 perfectionis;
605 1175 80 50 ita
650 1175 115 50 etiam,
719 1175 46 50 si

200 1214 155 47 ponatur,
316 1214 103 47 quod
381 1214 155 47 potentia
497 1214 103 47 gene
561 1214 103 47 andi
626 1214 90 47 sit
665 1214 103 47 essen-

203 1244 88 49 tia
253 1244 88 49 (vt
303 1244 113 49 magis
378 1244 175 49 communiter
515 1244 150 49 tenetur)
628 1244 88 49 cum
678 1244 88 49 sit
715 1244 50 49 ea

197 1280 91 52 dem
249 1280 169 52 essentia,
379 1280 104 52 erit
444 1280 117 52 eadem
522 1280 156 52 potentia
626 1280 143 52 generandi

192 1311 138 55 actiue,
293 1311 63 55 &
318 1311 150 55 passiue;
430 1311 63 55 &
455 1311 88 55 sic
505 1311 75 55 ex
543 1311 138 55 vtraque
643 1311 113 55 parte
705 1311 63 55 dif

193 1348 135 54 sicultas
294 1348 79 54 est
339 1348 146 54 aequalis,
451 1348 90 54 nisi
507 1348 101 54 aliud
564 1348 112 54 dicatur.

230 1374 104 63 Dico
295 1374 117 63 ergo,
373 1374 104 63 quod
438 1374 104 63 ideo
504 1374 182 63 relationes
647 1374 117 63 primi
712 1374 52 63 mo

197 1418 81 50 di
238 1418 95 50 non
292 1418 190 50 sufficiunt
441 1418 81 50 ad
482 1418 230 50 distinguendum
658 1418 108 50 perso-

193 1448 88 47 nas
244 1448 163 47 realiter,
369 1448 100 47 quia
432 1448 75 47 in
470 1448 88 47 sua
520 1448 138 47 formali
620 1448 138 47 ratione
708 1448 63 47 non

196 1491 171 47 important
327 1491 131 47 realem
419 1491 223 47 oppositionem,
603 1491 105 47 nisi
655 1491 105 47 suppos

193 1526 76 45 ta
231 1526 114 45 reali
308 1526 203 45 distinctione
473 1526 229 45 fundamentorum,
663 1526 102 45 quod
714 1526 51 45 pa

188 1552 107 56 tet;
255 1552 94 56 nam
308 1552 148 56 videmus
416 1552 175 56 praefatas
550 1552 188 56 relationes
684 1552 81 56 modo

193 1588 108 54 esse
261 1588 149 54 reales,
369 1588 108 54 modo
437 1588 108 54 vero
505 1588 162 54 secundum
613 1588 149 54 rationem,

193 1622 136 47 stante
289 1622 122 47 etiam
370 1622 95 47 sua
425 1622 150 47 ratione
534 1622 150 47 formali
629 1622 136 47 secundum

188 1657 161 53 diuersam
308 1657 228 53 distinctionem
496 1657 241 53 fundamentorum,
684 1657 80 53 quia

189 1695 95 50 vbi
244 1695 135 50 habent
338 1695 135 50 realem
433 1695 230 50 distinctionem
623 1695 81 50 in
650 1695 108 50 funda-

196 1726 132 53 mentis,
292 1726 84 53 ibi
340 1726 96 53 sunt
399 1726 132 53 reales,
495 1726 60 53 &
519 1726 155 53 oppositae
626 1726 132 53 realiter,

194 1761 92 51 vbi
246 1761 105 51 vero
312 1761 131 51 habent
404 1761 105 51 idem
470 1761 210 51 fundamentum,
641 1761 92 51 ibi
680 1761 79 51 sunt

189 1802 164 51 secundum
313 1802 178 51 rationem,
450 1802 123 51 neque
532 1802 96 51 eis
587 1802 164 51 repugnat
696 1802 69 51 in-

197 1833 134 52 ueniri
290 1833 147 52 vtroque
384 1833 94 52 modo.

221 1850 198 68 Relationes
377 1850 127 68 autem
462 1850 85 68 de
504 1850 156 68 secundo
617 1850 113 68 modo
674 1850 85 68 sem-

196 1898 84 53 per
244 1898 96 53 sunt
304 1898 132 53 reales,
400 1898 60 53 &
424 1898 120 53 stante
507 1898 84 53 sua
555 1898 132 53 ratione
639 1898 120 53 formali,

190 1941 144 45 nunquam
295 1941 105 45 sunt
360 1941 157 45 secundum
479 1941 171 45 rationem,
610 1941 105 45 quia
662 1941 92 45 sesnt

190 1968 96 56 per
245 1968 137 56 habent
341 1968 137 56 realem
437 1968 233 56 oppositionem,
629 1968 69 56 &
656 1968 96 56 per
697 1968 69 56 con

185 2004 145 54 sequens
290 2004 131 54 realem
382 2004 145 54 faciunt
487 2004 237 54 distinctionem,
684 2004 66 54 &
697 2004 66 54 ion

182 2038 128 50 dato,
267 2038 113 50 quod
338 2038 156 50 possent
451 2038 142 50 habere
550 2038 113 50 idem
607 2038 156 50 fundamen-

190 2072 89 52 tum
241 2072 77 52 in
280 2072 179 52 creaturis,
420 2072 115 52 sicut
497 2072 128 52 ponunt
586 2072 141 52 aliqui,
676 2072 89 52 adhoc

190 2106 118 62 tamen
269 2106 157 62 retinent
387 2106 131 62 realem
479 2106 223 62 oppositionem,
649 2106 105 62 realem

797 171 89 55 que
848 171 139 55 faciunt
949 171 228 55 distinctionem,
1139 171 114 55 sicut
1215 171 127 55 aliqui
1291 171 89 55 eorum

801 210 199 46 concedunt,
957 210 170 46 ponentes
1085 210 128 46 enim,
1170 210 114 46 quod
1227 210 142 46 voluntas

795 243 134 51 moueat
888 243 80 51 se
928 243 134 51 ipsam,
1022 243 187 51 admittunt,
1169 243 107 51 quod
1235 243 120 51 ratio
1302 243 67 51 mo-

794 282 140 46 nentis,
896 282 64 46 &
922 282 102 46 moti
986 282 77 46 in
1024 282 166 46 voluntate
1151 282 153 46 impontet
1253 282 115 46 relatio

800 311 86 51 nes
849 311 161 51 oppositas
973 311 136 51 reales,
1071 311 62 51 &
1096 311 86 51 per
1146 311 173 51 consequens
1269 311 99 51 faciai

799 343 91 56 ibi
851 343 130 56 realem
942 343 233 56 distinctionem:
1136 343 104 56 quia
1201 343 168 56 vosuntas,
1317 343 52 56 in

797 387 145 44 quantum
902 387 145 44 mouens,
1008 387 145 44 differt
1113 387 132 44 aliquo
1206 387 106 44 modo
1258 387 106 44 reali-

798 413 89 54 ter
849 413 64 54 a
875 413 76 54 se
913 413 102 54 ipsa
976 413 76 54 in
1015 413 140 54 quantum
1116 413 115 54 mota;
1193 413 89 54 nam
1244 413 76 54 vt
1269 413 102 54 mouens

797 455 148 41 continet
908 455 111 41 actum
982 455 173 41 volutionis
1118 455 185 41 virtualiter
1254 455 111 41 tantum,

794 486 83 52 in
836 486 151 52 quantum
946 486 110 52 vero
1014 486 110 52 mota
1083 486 165 52 continet
1207 486 124 52 actum
1276 486 96 52 volum

797 512 128 58 tionis
887 512 192 58 formaliter:
1040 512 153 58 Includit
1155 512 102 58 ergo
1219 512 140 58 aliquam
1308 512 51 58 re

801 554 74 50 vt
838 554 123 50 imota,
923 554 98 50 quam
985 554 86 50 non
1034 554 159 50 includit,
1156 554 74 50 vt
1193 554 135 50 mouens;
1291 554 61 50 &
1304 554 61 50 sic

794 599 82 46 per
841 599 105 46 illam
911 599 82 46 rem
957 599 128 46 differt
1051 599 140 46 realiter
1155 599 58 46 a
1179 599 70 46 se
1214 599 93 46 ipsa
1272 599 82 46 non
1307 599 58 46 in-

795 620 164 49 cludente:
921 620 76 49 ex
959 620 88 49 his
1009 620 101 49 ergo
1072 620 126 49 patet,
1161 620 101 49 quod
1211 620 151 49 relationes

798 658 111 48 primi
872 658 98 48 modi
933 658 86 48 non
982 658 185 48 sufficiunt,
1130 658 62 48 &
1155 658 123 48 quare,
1241 658 74 48 ad
1266 658 98 48 distin

792 689 159 53 ctionem
907 689 144 53 realem
1008 689 202 53 personarum
1152 689 159 53 faciendam

825 727 155 49 Vlterius
941 727 116 49 dico,
1019 727 103 49 quod
1083 727 90 49 nec
1135 727 181 49 relationes
1264 727 90 49 terti

785 763 123 47 modi,
867 763 109 47 quae
936 763 109 47 sunt
1004 763 109 47 modo
1073 763 178 47 mensurae,
1209 763 68 47 &
1223 763 137 47 mensura-

793 796 86 49 ti,
842 796 135 49 possunt
940 796 159 49 sufficere
1062 796 86 49 pro
1112 796 159 49 huiusmodi
1222 796 147 49 distinctio

783 830 116 51 ne,;
856 830 102 51 tum
914 830 116 51 quia
987 830 174 51 mensura,
1118 830 73 51 &
1147 830 204 51 mensuratum
1292 830 73 51 non

786 866 98 51 sunt
847 866 147 51 aequalis
957 866 208 51 perfectionis,
1128 866 135 51 diuinae
1226 866 110 51 autem
1288 866 73 51 per-

791 900 119 47 sonae
870 900 80 47 in
910 900 199 47 perfectione
1069 900 106 47 sunt
1136 900 133 47 omnino
1215 900 146 47 aequales;

787 940 94 46 tum
840 940 107 46 quia
907 940 188 46 relationes
1055 940 175 46 huiusmodi
1189 940 94 46 non
1243 940 107 46 sunt
1297 940 67 46 rea

793 971 89 46 les
844 971 76 46 ex
882 971 114 46 parte
958 971 165 46 vtriusque
1086 971 152 46 exrremi,
1200 971 89 46 sed
1251 971 114 46 solum
1314 971 51 46 ex

791 1006 135 47 parte
881 1006 135 47 vnius
972 1006 135 47 eorum
1062 1006 181 47 secundum
1197 1006 166 47 Comment
1303 1006 60 47 9.

790 1037 118 50 Meth.
869 1037 131 50 Restat
960 1037 118 50 ergo,
1039 1037 105 50 quod
1105 1037 118 50 solum
1183 1037 184 50 relationes
1315 1037 52 50 se

795 1074 119 47 cundi
874 1074 106 47 modi
941 1074 159 47 originem
1060 1074 199 47 importantes
1206 1074 159 47 sufficiant

782 1118 84 39 ad
824 1118 181 39 faciendam
963 1118 237 39 distinctionem
1158 1118 209 39 personarum,
1311 1118 56 39 ex

785 1142 149 50 quious
889 1142 164 50 omnibus
1008 1142 193 50 completum
1157 1142 164 50 habemus
1261 1142 104 50 secun

781 1179 92 47 dam
833 1179 171 47 rationem,
965 1179 157 47 scilicet
1083 1179 105 47 quod
1148 1179 79 47 in
1187 1179 92 47 Deo
1240 1179 105 47 sunt
1292 1179 66 47 re-

790 1208 153 59 lationes
905 1208 165 59 originis,
1032 1208 64 59 &
1058 1208 89 59 per
1108 1208 178 59 consequens
1248 1208 102 59 vera
1299 1208 64 59 ori

791 1255 89 42 go,
842 1255 64 42 &
868 1255 102 42 vera
919 1255 153 42 generatio.

820 1259 129 72 Tertia
910 1259 129 72 ratio:
1000 1259 77 72 In
1039 1259 90 72 Deo
1090 1259 90 72 est
1141 1259 206 72 determinatus
1296 1259 64 72 nu-

786 1322 128 41 merus
871 1322 185 41 diuinarum
1013 1322 213 41 personarum;
1184 1322 114 41 ergo
1255 1322 99 41 ibi
1297 1322 57 41 es

789 1353 103 46 vera
854 1353 181 46 generatio;
996 1353 181 46 Antecedens
1138 1353 181 46 supponitur
1280 1353 78 46 ex
1306 1353 52 46 fi

785 1390 80 39 de
825 1390 227 39 determinatum,
1012 1390 67 39 &
1038 1390 187 39 suppositum
1185 1390 107 39 fuit
1252 1390 80 39 in
1279 1390 80 39 prin

781 1419 122 44 cipio
863 1419 122 44 huius
944 1419 162 44 articuli
1065 1419 95 44 pro
1120 1419 216 44 conclusionis
1282 1419 81 44 pro-

790 1462 162 44 patione;
911 1462 216 44 Consequentia
1086 1462 175 44 probatur,
1221 1462 108 44 quia
1275 1462 81 44 tota

791 1486 106 48 causa
862 1486 106 48 quare
933 1486 83 48 ibi
980 1486 94 48 sint
1039 1486 94 48 tres
1098 1486 141 48 personae
1204 1486 118 48 tantum
1286 1486 94 48 est,

786 1533 105 37 quia
852 1533 105 37 sunt
917 1533 92 37 ibi
970 1533 105 37 duae
1036 1533 184 37 productae,
1181 1533 66 37 &
1207 1533 92 37 vna
1260 1533 92 37 non
1299 1533 66 37 pro

784 1557 132 49 ducta,
876 1557 66 49 &
902 1557 119 49 huius
982 1557 119 49 causa
1061 1557 105 49 est;
1127 1557 105 49 quia
1193 1557 92 49 non
1245 1557 105 49 sunt
1298 1557 66 49 ibi

782 1590 99 41 nisi
844 1590 99 41 duae
906 1590 199 41 productiones
1067 1590 199 41 intrinfecae;
1228 1590 87 41 non
1266 1590 99 41 potest

786 1628 107 48 ergo
852 1628 93 48 ibi
906 1628 147 48 saluari
1012 1628 213 48 determinatus
1186 1628 147 48 numerus
1279 1628 80 48 per-

784 1657 153 57 sonarum,
899 1657 102 57 nisi
963 1657 140 57 ponatur
1065 1657 89 57 ibi
1116 1657 102 57 vera
1180 1657 179 57 productio,
1320 1657 64 57 &

785 1700 107 46 vera
852 1700 187 46 generatio,
999 1700 67 46 &
1026 1700 94 46 sic
1079 1700 120 46 patet
1146 1700 107 46 primum

813 1725 193 51 QVANTVM
953 1725 105 51 ad
1005 1725 210 51 secundum
1163 1725 158 51 dico,
1250 1725 105 51 quod

780 1761 177 52 generatio
917 1761 95 52 non
971 1761 95 52 est
1026 1761 82 52 in
1067 1761 150 52 diuinis
1176 1761 164 52 secundum
1285 1761 68 52 om-

786 1804 83 38 nes
834 1804 191 38 conditiones,
989 1804 95 38 quae
1048 1804 143 38 superius
1155 1804 131 38 positae
1251 1804 95 38 sunt
1298 1804 60 38 con

782 1834 151 49 currere
892 1834 82 49 ad
933 1834 219 49 generationem
1111 1834 192 49 naturalium
1248 1834 110 49 secun-

782 1865 87 53 dum
831 1865 125 53 Arist.
919 1865 175 53 doctrinam:
1056 1865 87 53 non
1106 1865 100 53 enim
1169 1865 100 53 sunt
1231 1865 87 53 ibi
1269 1865 87 53 illem

783 1902 104 52 tres
848 1902 207 52 conditiones,
1016 1902 104 52 quae
1081 1902 207 52 generationem
1236 1902 117 52 praece-

781 1941 118 45 dunt,
860 1941 105 45 quia
925 1941 171 45 concursus
1056 1941 144 45 illarum
1161 1941 157 45 prouenit
1279 1941 79 45 ex
1306 1941 52 45 de

780 1974 110 46 fectu
853 1974 135 46 agentis
951 1974 171 46 naturalis,
1086 1974 86 46 qui
1135 1974 86 46 non
1184 1974 122 46 potest
1257 1974 98 46 agere,

785 2016 104 41 nisi
850 2016 156 41 mediante
967 2016 195 41 alteratione
1124 2016 208 41 praecedente,
1293 2016 91 41 nam

783 2043 107 44 quia
850 2043 107 44 eius
916 2043 134 44 virtus
1010 2043 94 44 non
1064 2043 94 44 est
1117 2043 107 44 idem
1184 2043 94 44 cum
1238 2043 94 44 sua
1278 2043 80 44 sub-

786 2082 141 40 itantia;
892 2082 129 40 idcirco
986 2082 82 40 non
1033 2082 141 40 generat,
1139 2082 82 40 nec
1186 2082 106 40 agit,
1256 2082 94 40 nisi
1303 2082 47 40 me

780 2113 122 56 diante
865 2113 122 56 aliqua
951 2113 159 56 qualitate
1074 2113 135 56 actiua,
1171 2113 61 56 &
1196 2113 184 56 alteratiua,
