1500 2046
104 149 57 42 &
126 149 80 42 per
172 149 159 42 consequens
297 149 80 42 non
342 149 91 42 nisi
399 149 136 42 mediante
490 149 102 42 altera-

99 189 109 36 tione,
175 189 54 36 &
197 189 120 36 actione
284 189 65 36 de
316 189 109 36 genere
393 189 141 36 actionis,
501 189 65 36 ad
534 189 87 36 quam

99 217 128 32 actionem
196 217 150 32 concurrunt
313 217 150 32 necessario
431 217 86 32 tres
484 217 96 32 illae
538 217 53 32 com

100 247 131 33 ditiones
199 247 175 33 praecedentes
341 247 186 33 generationem.
494 247 66 33 In
516 247 77 33 diui-

103 277 72 38 nis
144 277 102 38 autem,
215 277 82 38 quia
267 277 72 38 ibi
307 277 102 38 nullus
379 277 72 38 est
420 277 123 38 defectus
512 277 61 38 ex
533 277 61 38 par-

101 305 67 40 te
134 305 133 40 agentis,
234 305 56 40 &
256 305 89 40 eius
312 305 111 40 virtus
390 305 78 40 est
434 305 100 40 idem,
501 305 89 40 quod
545 305 56 40 sua

104 335 159 39 substantia;
231 335 116 39 idcirco
316 335 74 39 non
358 335 116 39 oportet
443 335 74 39 ibi
485 335 106 39 ponere
549 335 42 39 go

102 366 161 39 nerationem
228 366 80 39 cum
274 366 115 39 aliqua
354 366 184 39 alteratione,
503 366 57 39 &
515 366 80 39 actio

105 398 62 38 ne
136 398 123 38 peaeuia,
228 398 72 38 nec
269 398 103 38 valet,
341 398 62 38 si
371 398 123 38 dicatur,
464 398 82 38 quod
515 398 72 38 hoc
546 398 51 38 pro

111 424 97 40 uenit
176 424 65 40 ex
209 424 97 40 parte
273 424 184 40 generationis,
425 424 87 40 quae
468 424 130 40 praeexigit

99 458 187 35 alterationem,
253 458 55 35 &
275 458 77 35 non
319 458 66 35 ex
352 458 99 35 parte
418 458 165 35 generantis,
539 458 66 35 quia

105 486 78 34 ita
149 486 67 34 se
183 486 100 34 habet
250 486 145 34 generatio
362 486 134 34 secundum
462 486 67 34 se
495 486 67 34 ad
518 486 89 34 altera

103 518 118 34 tionem,
189 518 96 34 sicut
253 518 150 34 substantia
371 518 64 34 ad
403 518 139 34 accidens;
500 518 107 34 substan-

100 546 82 36 tia
147 546 106 36 autem
218 546 82 36 non
265 546 141 36 supponit
370 546 153 36 accidens,
488 546 82 36 sed
523 546 82 36 magis

109 577 53 35 e
131 577 139 35 conuerso;
237 577 75 35 ita
280 577 149 35 generatio,
397 577 117 35 quantum
483 577 75 35 est
525 577 64 35 ex
547 577 53 35 pat

109 604 66 36 te
142 604 87 36 sui,
197 604 77 36 non
240 604 175 36 praesupponit
382 604 186 36 alterationem,
535 604 77 36 sed
568 604 33 36 e

86 638 145 35 contra.

138 663 70 37 Ex
173 663 197 37 conditionibus
335 663 116 37 autem,
417 663 93 37 quae
463 663 139 37 ponebantur

111 691 104 37 simul
181 691 92 37 esse
238 691 81 37 cum
284 691 184 37 generatione,
434 691 92 37 duae
492 691 115 37 tantum
561 691 46 37 in

112 723 112 37 diuinis
193 723 162 37 reperiuntur,
325 723 122 37 scilicet
416 723 81 37 dare
467 723 91 37 esse,
528 723 51 37 &
538 723 71 37 reci-

120 752 86 42 pere
174 752 96 42 esse;
238 752 96 42 patet
302 752 86 42 enim
356 752 86 42 vere
409 752 75 42 dat
452 752 86 42 esse
506 752 96 42 filio
559 752 54 42 per

117 782 178 39 generationem,
263 782 52 39 &
284 782 105 39 filius
358 782 94 39 illud
420 782 126 39 accipit,
504 782 105 39 secundum

119 810 132 42 soannem,
218 810 99 42 sicut
284 810 99 42 pater
350 810 99 42 vitam
416 810 99 42 habet
482 810 66 42 in
504 810 99 42 semetij

121 841 72 33 so;
162 841 72 33 ita
203 841 51 33 &
223 841 92 33 dedit
285 841 92 33 filio
346 841 92 33 vitam
408 841 103 33 habere
480 841 62 33 in
500 841 103 33 semetip-

117 873 78 31 so.
161 873 78 31 Non
206 873 145 31 concurrit
317 873 100 31 tamen
384 873 78 31 ibi
429 873 100 31 prima
496 873 100 31 harum
551 873 56 31 con

115 899 133 38 ditionum,
217 899 123 38 scilicet
309 899 102 38 exitus
381 899 61 38 de
412 899 123 38 potentia
504 899 61 38 ad
524 899 82 38 actum,

121 929 86 48 quia
175 929 86 48 illa
229 929 130 48 conditio
326 929 76 48 non
370 929 130 48 sequitur
456 929 151 48 generationem

118 958 141 36 secundum
224 958 70 36 se
259 958 153 36 acceptam,
376 958 82 36 sed
423 958 141 36 prouenit
529 958 70 36 ex
552 958 59 36 de-

121 991 100 38 fectu
188 991 123 38 naturae
277 991 179 38 communicatae
422 991 78 38 per
456 991 156 38 generationem

120 1019 61 35 in
150 1019 142 35 creaturis;
262 1019 81 35 quae
313 1019 71 35 non
354 1019 71 35 est
394 1019 142 35 necessario
506 1019 92 35 esse:
557 1019 51 35 ld-

120 1050 97 38 circo
185 1050 65 38 de
217 1050 65 38 se
250 1050 76 38 non
293 1050 97 38 habet
358 1050 97 38 esse,
423 1050 76 38 sed
466 1050 108 38 potest
531 1050 86 38 acqui-

123 1078 84 39 tere
176 1078 84 39 esse
229 1078 63 39 in
260 1078 74 39 suo
302 1078 147 39 supposito,
418 1078 53 39 &
439 1078 74 39 sic
481 1078 126 39 procedit
565 1078 53 39 ali

118 1111 83 37 quo
165 1111 95 37 modo
225 1111 71 37 de
260 1111 83 37 non
307 1111 95 37 esse
367 1111 71 37 ad
402 1111 106 37 esse,
473 1111 59 37 &
497 1111 71 37 de
520 1111 95 37 poten-

123 1136 78 37 tia
168 1136 89 37 exit
223 1136 67 37 ad
257 1136 112 37 actum:
335 1136 67 37 in
369 1136 123 37 diuinis
458 1136 101 37 autem
526 1136 78 37 non
559 1136 56 37 est

118 1167 83 34 sic
165 1167 154 34 dicendum,
284 1167 95 34 quia
343 1167 118 34 natura
426 1167 118 34 diuina
509 1167 83 34 ibi
544 1167 71 34 com-

126 1197 134 39 municata
226 1197 78 39 per
271 1197 179 39 generationem
416 1197 78 39 est
461 1197 123 39 necesse
539 1197 78 39 esse;

122 1232 121 35 idcirco
210 1232 77 35 non
254 1232 131 35 expectat
352 1232 142 35 acquirere
462 1232 88 35 esse
516 1232 66 35 in
538 1232 77 35 suppo

123 1256 101 41 sito,
190 1256 56 41 &
213 1256 79 41 per
258 1256 157 41 consequens
381 1256 79 41 non
426 1256 90 41 exit
482 1256 67 41 de
505 1256 112 41 potentia

126 1287 64 38 ad
158 1287 106 38 actum,
232 1287 117 38 persona
317 1287 85 38 ergo
370 1287 64 38 in
402 1287 117 38 diuinis
487 1287 74 38 sic
530 1287 74 38 dat
561 1287 64 38 esse

124 1319 111 33 alteri
202 1319 144 33 personae:
313 1319 56 33 &
335 1319 89 33 illa
391 1319 133 33 recipit,
491 1319 89 33 quod
535 1319 89 33 nullus

123 1349 79 38 ibi
168 1349 79 38 est
213 1349 113 38 exitus
292 1349 68 38 de
326 1349 136 38 potentia
428 1349 68 38 ad
451 1349 79 38 actum

163 1378 177 38 Conditiones
305 1378 118 38 autem,
387 1378 94 38 quae
446 1378 165 38 ponebantur
564 1378 59 38 se-

137 1399 66 47 ui
170 1399 187 47 generationem,
324 1399 99 47 omnes
390 1399 88 47 tres
445 1399 77 47 ibi
478 1399 143 47 concurrunt,

143 1441 88 36 rimo
198 1441 110 36 namque
275 1441 77 36 est
319 1441 77 36 ibi
363 1441 110 36 realis
440 1441 165 36 distinctio,
561 1441 66 36 quia

130 1466 91 38 haec
187 1466 137 38 conditio
290 1466 183 38 generationem
438 1466 137 38 secundum
541 1466 69 38 se
564 1466 57 38 con

131 1496 137 33 mitatur,
234 1496 80 33 est
279 1496 92 33 enim
337 1496 172 33 impossibile
463 1496 160 33 generationem

131 1525 84 36 esse
184 1525 105 36 absque
258 1525 95 36 reali
321 1525 179 36 distinctione,
469 1525 84 36 quia
522 1525 95 36 nulla
574 1525 53 36 om-

129 1556 88 34 nino
184 1556 77 34 res
228 1556 88 34 est,
282 1556 88 34 quae
337 1556 66 34 se
370 1556 99 34 ipsam
436 1556 121 34 gignat,
512 1556 110 34 secundum

128 1584 63 35 P.
159 1584 74 35 Aug
201 1584 63 35 1.
233 1584 63 35 de
264 1584 116 35 Trinit,
348 1584 84 35 cap.
401 1584 63 35 1.
432 1584 74 35 cui
474 1584 137 35 concordat
569 1584 53 35 di-

130 1616 86 36 ctum
184 1616 96 36 Arist
248 1616 64 36 in
280 1616 64 36 2.
312 1616 64 36 de
345 1616 96 36 anima
409 1616 129 36 superius
494 1616 129 36 allegatum;

128 1649 64 27 si
160 1649 85 27 ergo
214 1649 64 27 in
246 1649 75 27 Deo
288 1649 75 27 est
331 1649 85 27 vera
384 1649 149 27 generatio,
501 1649 85 27 erit
554 1649 96 27 etiam

130 1676 71 36 ibi
170 1676 101 36 realis
241 1676 142 36 distinctio
353 1676 91 36 inter
414 1676 122 36 gignens,
505 1676 51 36 &
516 1676 101 36 genitum.

169 1705 137 36 Notandum
271 1705 114 36 tamen,
351 1705 91 36 quod
408 1705 91 36 haec
465 1705 114 36 realis
533 1705 91 36 distin

130 1730 84 34 ctio
182 1730 84 34 alio
234 1730 84 34 modo
287 1730 73 34 est
329 1730 63 34 in
360 1730 157 34 generatione
486 1730 136 34 naturali;
591 1730 52 34 &

133 1763 86 39 alio
187 1763 86 39 modo
241 1763 65 39 in
273 1763 119 39 diuina;
360 1763 75 39 nam
403 1763 65 39 in
435 1763 140 39 naturali,
543 1763 75 39 cum
575 1763 54 39 pro

130 1793 132 33 ducatur
226 1793 120 33 natura
310 1793 108 33 simul
382 1793 84 33 cum
429 1793 156 33 supposito
549 1793 72 33 et
573 1793 60 33 ibi

130 1816 165 52 distinctio
260 1816 130 52 quantum
354 1816 71 52 ad
389 1816 177 52 suppositum,
531 1816 59 52 &
543 1816 82 52 quan

611 147 79 51 tum
656 147 68 51 ad
690 147 135 51 naturam:
791 147 68 51 in
825 147 124 51 diuinis
915 147 113 51 autem,
993 147 90 51 quia
1050 147 79 51 non

624 189 139 47 roducitur
731 189 118 47 natura,
817 189 75 47 nec
860 189 107 47 aliqua
935 189 139 47 perfectio
1032 189 64 47 abse

613 215 93 36 luta,
675 215 72 36 sed
716 215 93 36 solum
778 215 155 36 suppositum;
902 215 72 36 est
943 215 72 36 ibi
974 215 124 36 distinctio

616 248 101 36 quoad
683 248 157 36 supposita,
807 248 79 36 non
852 248 101 36 quoad
919 248 135 36 naturam,
1020 248 67 36 ex
1043 248 56 36 quo

610 277 128 33 apparet,
706 277 85 33 quod
759 277 85 33 illa
813 277 138 33 supposita
919 277 106 33 debent
994 277 85 33 esse
1036 277 64 33 rela

609 307 101 49 tiua,
676 307 78 49 cum
721 307 78 49 non
766 307 191 49 distinguantur
923 307 78 49 per
967 307 123 49 aliquod
1046 307 56 49 ab

597 335 126 38 solutum

638 365 82 38 Est
685 365 105 38 etiam
755 365 70 38 in
790 365 117 38 diuina
872 365 175 38 generatione
1000 365 105 38 secunda

617 395 135 41 conditio,
721 395 135 41 videlicet
824 395 104 41 realis
897 395 125 41 relatio,
991 395 83 41 quod
1032 395 73 41 patet

620 426 61 33 ex
650 426 92 33 supra
712 426 112 33 dictis;
793 426 71 33 nam
834 426 61 33 si
864 426 82 33 illa
915 426 132 33 supposita
1017 426 82 33 sunt
1058 426 51 33 re-

619 454 107 50 latiua
694 454 75 50 (vt
737 454 107 50 dictum
812 454 86 50 est)
865 454 150 50 necessario
983 454 107 50 habent
1047 454 64 50 rea-

614 486 75 34 les
646 486 140 34 relationes.

650 500 84 57 Est
698 500 108 57 tamen
770 500 156 57 notandum,
890 500 96 57 quod
950 500 96 57 haec
998 500 108 57 relatio

618 542 119 37 realis
701 542 95 37 alio
761 542 95 37 modo
820 542 178 37 consequitur
951 542 166 37 generationem

619 574 160 35 naturalem,
744 574 57 35 &
767 574 91 35 alio
824 574 91 35 modo
881 574 137 35 diuinum,
984 574 91 35 quia
1041 574 69 35 in
1064 574 46 35 ge

622 604 139 41 neratione
729 604 128 41 naturali
825 604 117 41 relatio
910 604 75 41 non
953 604 75 41 est
996 604 85 41 ipsa
1038 604 75 41 gene-

615 632 113 39 ratio,
694 632 136 39 cessante
796 632 91 39 enim
853 632 170 39 generatione
988 632 102 39 adhuc
1045 632 68 39 rema

627 664 77 34 net
671 664 121 34 relatio
759 664 110 34 realis
836 664 143 34 gignentis
945 664 66 34 ad
978 664 132 34 genitum,
1077 664 55 34 &
1088 664 33 34 e

622 692 145 42 conuerso,
733 692 89 42 quod
789 692 67 42 ex
822 692 67 42 eo
856 692 145 42 prouenit,
967 692 89 42 quia
1012 692 100 42 natura-

633 723 61 32 is
663 723 132 32 generatio
765 723 81 32 tres
816 723 92 32 illas
877 723 153 32 conditiones
999 723 92 32 simul
1050 723 61 32 exi-

622 752 126 41 stentes
713 752 80 41 cum
759 752 172 41 generatione
896 752 115 41 habet,
977 752 115 41 quarum
1045 752 69 41 pri-

624 779 66 43 ma
657 779 77 43 est
701 779 142 43 absoluta,
810 779 77 43 nam
854 779 88 43 ille
909 779 110 43 exitus
986 779 66 43 de
1007 779 110 43 potentia

630 814 67 32 ad
663 814 112 32 actum,
741 814 78 32 qui
786 814 145 32 ponebatur
898 814 100 32 prima
965 814 145 32 conditio,
1065 814 56 32 di-

625 840 84 41 cit
673 840 132 41 quandam
769 840 180 41 mutationem,
912 840 60 41 &
936 840 84 41 per
972 840 144 41 consequens

628 870 85 39 quid
681 870 149 39 absolutum,
798 870 95 39 aliae
862 870 85 39 vero
915 870 95 39 duae,
978 870 127 39 scilicet
1063 870 64 39 dare

625 900 95 39 esse,
688 900 53 39 &
709 900 126 39 accipere
803 900 95 39 esse,
866 900 105 39 dicunt
940 900 147 39 relationem
1045 900 74 39 inter

631 928 135 44 gignens,
732 928 56 44 &
755 928 135 44 genitum,
856 928 90 44 quia
912 928 90 44 ergo
968 928 146 44 naturalis
1070 928 56 44 ge-

626 957 136 41 neratio
725 957 124 41 primam
811 957 99 41 ilam
873 957 186 41 conditionem
1022 957 124 41 habet,

640 990 78 31 uae
684 990 100 31 dicit
751 990 122 31 aliquid
840 990 155 31 absolutum,
962 990 78 31 non
1006 990 78 31 est
1039 990 89 31 mirum,

630 1022 65 33 si
663 1022 54 33 a
684 1022 162 33 generatione
814 1022 87 33 ipsa
868 1022 184 33 distinguitur.
1009 1022 119 33 Qeneratio

631 1045 87 35 vero
685 1045 65 35 in
718 1045 120 35 diuinis
805 1045 76 35 non
848 1045 109 35 habet,
925 1045 87 35 nisi
979 1045 87 35 duas
1022 1045 109 35 conditio

638 1077 73 36 nes
679 1077 146 36 sequentes,
794 1077 83 36 quae
846 1077 94 36 ambae
909 1077 83 36 sunt
961 1077 146 36 relatiuae;
1065 1077 63 36 ideo

641 1108 137 32 teneratio
747 1108 74 32 ibi
789 1108 74 32 non
831 1108 74 32 est
874 1108 106 32 aliud,
948 1108 84 32 quam
1000 1108 127 32 relatio,
1095 1108 53 32 &

636 1139 57 40 e
658 1139 149 40 conuerso.
773 1139 80 40 Cum
818 1139 91 40 ergo
876 1139 137 40 dicimus,
978 1139 91 40 quod
1024 1139 103 40 relatio

640 1167 55 41 n
662 1167 121 41 diuinis
750 1167 165 41 consequitur
882 1167 187 41 generationem,
1036 1167 77 41 non
1069 1167 55 41 est

631 1194 82 35 hoc
678 1194 187 35 accipiendum,
830 1194 93 35 uisi
888 1194 140 35 secundum
993 1194 128 35 nostrum
1075 1194 58 35 mo-

642 1224 80 43 dum
687 1224 193 43 intelligendi:
846 1224 80 43 nam
892 1224 68 43 ex
926 1224 102 43 parte
994 1224 80 43 rei
1040 1224 80 43 non
1074 1224 57 43 po-

641 1258 82 31 test
692 1258 82 31 esse
744 1258 93 31 talis
805 1258 154 31 consecutio,
929 1258 72 31 cum
970 1258 82 31 sint
1011 1258 72 31 idem,

671 1285 94 42 Vnde
730 1285 141 42 vlterius
836 1285 83 42 est
883 1285 153 42 notandum,
1001 1285 94 42 quod
1048 1285 83 42 rela-

635 1317 75 37 tio
678 1317 108 37 realis
754 1317 97 37 inter
818 1317 129 37 gignens,
915 1317 54 37 &
936 1317 118 37 genitum
1022 1317 65 37 in
1044 1317 86 37 creatu

635 1347 77 36 ris
679 1347 77 36 vno
723 1347 88 36 modo
778 1347 77 36 est
822 1347 132 36 conditio
920 1347 99 36 simul
986 1347 132 36 existens
1074 1347 55 36 cum

643 1375 183 40 generatione,
791 1375 57 40 &
814 1375 92 40 alio
872 1375 92 40 modo
929 1375 80 40 est
975 1375 126 40 sequens
1066 1375 69 40 ad
1089 1375 46 40 ge

642 1403 183 43 nerationem,
788 1403 85 43 nam
837 1403 98 43 quia
898 1403 146 43 gignens,
1008 1403 61 43 &
1020 1403 110 43 genitum

641 1434 68 42 se
675 1434 102 42 mutuo
743 1434 193 42 consequuntur,
902 1434 68 42 in
937 1434 102 42 eodem
993 1434 137 42 instantij,

640 1463 67 34 in
673 1463 78 34 quo
718 1463 78 34 fit
763 1463 112 34 exitus
841 1463 67 34 de
874 1463 134 34 potentia
975 1463 67 34 ad
1008 1463 112 34 actum,
1075 1463 56 34 hu-

640 1490 121 36 iusmodi
728 1490 154 36 relationes
849 1490 110 36 reales
927 1490 88 36 sunt
982 1490 99 36 simul
1048 1490 77 36 cum
1081 1490 55 36 ge-

643 1522 153 38 neratione,
763 1522 87 38 quia
818 1522 87 38 Vero
872 1522 98 38 etiam
938 1522 109 38 manent
1014 1522 87 38 post
1058 1522 76 38 talem

643 1549 127 37 exitum,
736 1549 81 37 hoc
782 1549 104 37 pacto
852 1549 150 37 seouuntur
956 1549 173 37 gencrationem,

642 1585 55 35 &
664 1585 99 35 ratio
730 1585 99 35 huius
796 1585 77 35 est
840 1585 110 35 exitus
917 1585 88 35 ille
972 1585 66 35 de
1005 1585 132 35 potentia
1093 1585 44 35 ad

646 1614 109 30 actum,
723 1614 87 30 vnde
777 1614 66 30 si
810 1614 66 30 in
843 1614 87 30 ista
898 1614 164 30 generatione
1018 1614 120 30 inferiori

647 1639 100 36 nullus
717 1639 90 36 esset
777 1639 90 36 talis
836 1639 110 36 exitus,
916 1639 100 36 reales
986 1639 139 36 relationes
1085 1639 50 36 se-

645 1672 74 40 per
688 1672 106 40 essent
762 1672 96 40 simul
826 1672 74 40 cum
868 1672 170 40 generatione,
1007 1672 85 40 quia
1049 1672 85 40 essent

645 1703 90 31 idem,
705 1703 80 31 quod
755 1703 90 31 ipsa,
816 1703 80 31 puta
866 1703 110 31 relatio
946 1703 100 31 dantis
1017 1703 90 31 esse,
1067 1703 70 31 esset

648 1728 97 45 idem,
713 1728 87 45 quod
767 1728 141 45 generatio
875 1728 119 45 actiua;
962 1728 54 45 &
984 1728 119 45 relatio
1059 1728 76 45 acci-

649 1758 112 43 pientis
730 1758 81 43 esse
781 1758 81 43 idem
832 1758 101 43 esset,
903 1758 81 43 quod
953 1758 132 43 generatio
1045 1758 91 43 passiua

647 1790 57 34 &
669 1790 92 34 hinc
727 1790 80 34 est
773 1790 92 34 quod
830 1790 80 34 cum
876 1790 137 34 supetius
979 1790 149 34 nominaumi
1082 1790 57 34 has

647 1822 157 45 relationes
770 1822 78 45 sub
815 1822 112 45 nomine
893 1822 123 45 dantis,
983 1822 56 45 &
994 1822 146 45 accipientis
