1500 2369
202 170 117 55 esse,
280 170 104 55 dixi
345 170 104 55 quod
410 170 117 55 erant
488 170 117 55 simul
565 170 91 55 cum
617 170 182 55 generatio¬

201 212 95 45 ne,
256 212 95 45 cum
310 212 108 45 vero
377 212 162 45 nominaui
499 212 95 45 eas
553 212 95 45 sub
608 212 135 45 nomine
689 212 81 45 rela

213 242 123 54 tionis
299 242 136 54 tantum,
397 242 74 54 vt
434 242 99 54 modo
496 242 123 54 facio,
582 242 99 54 dixi
644 242 99 54 quod
693 242 74 54 rea-

205 276 86 51 lis
254 276 135 51 relatio
352 276 98 51 erat
413 276 135 51 secunda
511 276 147 51 conditio
622 276 135 51 sequens
708 276 61 51 ge-

204 317 200 45 nerationem:
363 317 80 45 in
403 317 146 45 diuinis
510 317 106 45 ergo
576 317 93 45 vbi
630 317 133 45 nullus
709 317 67 45 est

201 350 122 44 exitus
286 350 73 44 de
323 350 146 44 potentia
432 350 73 44 ad
469 350 110 44 actum
542 350 122 44 realis
627 350 134 44 relatio
712 350 61 44 sem

207 377 88 54 per
258 377 88 54 est
308 377 114 54 simul
384 377 88 54 cum
434 377 202 54 generatione,
598 377 101 54 quia
661 377 88 54 est
699 377 76 54 idem

203 417 110 40 quod
272 417 193 40 generatio:
423 417 96 40 Sic
478 417 110 40 ergo
547 417 165 40 apparet,
657 417 110 40 quomo-

203 450 83 47 do
245 450 96 47 est
300 450 96 47 ibi
355 450 179 47 generatio
493 450 152 47 quantum
603 450 83 47 ad
630 450 138 47 secundam

204 484 198 40 conditionem
362 484 224 40 consequentem,
546 484 119 40 licet
625 484 119 40 talis
691 484 79 40 con-

204 517 143 48 sequutio
312 517 72 48 in
348 517 132 48 diuinis
443 517 84 48 sit
491 517 108 48 solum
563 517 143 48 secundum
658 517 108 48 nostrum

202 552 129 49 modum
273 552 215 49 intelligendi.

240 593 127 33 Tertia
329 593 152 33 conditio
443 593 114 33 etiam
519 593 89 33 ibi
570 593 178 33 reperitur;
710 593 89 33 nam

205 619 73 53 in
241 619 135 53 diuinis
339 619 86 53 non
388 619 110 53 solum
462 619 86 53 est
511 619 196 53 qualiscunque
658 619 110 53 assimi-

203 655 122 44 latio,
288 655 86 44 sed
337 655 98 44 adeo
398 655 159 44 perfecta,
521 655 98 44 quod
582 655 171 44 perfectior
704 655 61 44 es-

206 689 72 49 se
242 689 84 49 non
290 689 132 49 potest,
386 689 84 49 est
434 689 96 49 enim
494 689 180 49 assimilatio
638 689 72 49 in
662 689 108 49 identi-

206 728 102 47 tate
270 728 153 47 naturae,
385 728 77 47 ex
423 728 128 47 quibus
513 728 153 47 apparet,
628 728 140 47 quomodo
717 728 51 47 in

210 757 130 57 diuinis
305 757 83 57 sit
352 757 95 57 vera
412 757 154 57 generatio
530 757 142 57 secundum
637 757 107 57 illas
696 757 71 57 com-

203 798 162 50 ditiones,
327 798 100 50 quae
389 798 149 50 videntur
501 798 100 50 esse
564 798 75 50 de
601 798 149 50 veritate
701 798 62 50 ip-

199 824 119 50 sius,
278 824 145 50 quamuis
383 824 92 50 non
436 824 92 50 sit
489 824 92 50 ibi
541 824 158 50 secundum
660 824 132 50 omnes,

207 873 106 45 quia
273 873 145 45 aliquae
378 873 171 45 defectum,
510 873 66 45 &
537 873 237 45 imperfectionem
721 873 53 45 im

192 898 164 59 portant,
315 898 68 59 &
343 898 109 59 haec
411 898 82 59 de
438 898 137 59 secundo.

229 909 235 69 SVNTtandem
414 909 235 69 remouendae
582 909 185 69 nonnullae

198 958 212 57 dubitationes
370 958 133 57 contra
463 958 186 57 praedicta,
609 958 133 57 quarum
688 958 80 57 pri-

195 1009 80 45 ma
235 1009 106 45 est,
301 1009 106 45 quia
367 1009 93 45 non
421 1009 159 45 videtur,
540 1009 106 45 quod
607 1009 93 45 ibi
646 1009 120 45 possini

201 1032 91 50 esse
257 1032 79 50 hae
303 1032 91 50 duae
359 1032 181 50 conditiones,
506 1032 136 50 scilicet
608 1032 91 50 dare
665 1032 102 50 esse,
733 1032 57 50 &

201 1067 139 49 accipere
306 1067 104 49 esse,
375 1067 93 49 nisi
433 1067 127 49 ponatur
525 1067 81 49 ibi
571 1067 104 49 prima
641 1067 150 49 conditio,

204 1103 147 52 scilicet
314 1103 122 52 exitus
399 1103 73 52 de
436 1103 147 52 potentia
546 1103 73 52 ad
583 1103 122 52 actum,
668 1103 73 52 na
693 1103 73 52 haec

205 1140 88 47 est
256 1140 125 47 prior,
343 1140 75 47 ad
381 1140 100 47 quam
443 1140 163 47 sequuntur
569 1140 113 47 aliae
644 1140 113 47 duae;
706 1140 63 47 non

189 1176 128 48 potest
279 1176 115 48 autem
355 1176 166 48 posterius
483 1176 115 48 poni,
560 1176 102 48 sine
624 1176 89 48 suo
662 1176 102 48 priore

235 1208 216 46 Respondetur,
411 1208 108 46 quod
479 1208 108 46 ille
547 1208 135 46 exitus
641 1208 95 46 non
682 1208 81 46 pro-

198 1240 114 53 uenit
275 1240 76 53 ex
313 1240 114 53 parte
389 1240 203 53 generationis
554 1240 152 53 secundum
668 1240 89 53 se,
706 1240 64 53 nec

202 1276 106 47 etiam
273 1276 106 47 illae
343 1276 94 47 duae
402 1276 176 47 conditiones
543 1276 94 47 sunt
602 1276 188 47 posteriores,

197 1313 147 47 quantum
303 1313 93 47 est
357 1313 80 47 ex
397 1313 120 47 parte
477 1313 213 47 generationis
637 1313 133 47 absolute

202 1345 171 48 acceptae,
334 1345 92 48 nec
386 1345 184 48 includunt,
531 1345 92 48 nec
584 1345 171 48 supponunt
702 1345 66 48 il-

197 1383 90 44 lum
249 1383 129 44 exitum
339 1383 77 44 de
377 1383 155 44 potentia
493 1383 77 44 ad
532 1383 116 44 actum
609 1383 64 44 :
635 1383 90 44 sed
674 1383 90 44 totum

194 1424 167 38 prouenit
320 1424 84 38 ex
361 1424 153 38 defectu
473 1424 153 38 naturae
571 1424 195 38 communicatae

202 1452 97 47 per
244 1452 207 47 generationem.

243 1457 83 74 Vel
291 1457 107 74 dico,
362 1457 95 74 quod
421 1457 95 74 ille
480 1457 118 74 exitus
563 1457 83 74 est
610 1457 107 74 prior
681 1457 71 74 in
705 1457 59 74 or-

204 1516 108 50 dine
271 1516 81 50 ad
311 1516 216 50 alterationem
487 1516 216 50 praecedentem
649 1516 121 50 genera-

195 1551 149 49 tionem,
304 1551 95 49 sed
358 1551 81 49 in
399 1551 135 49 ordine
493 1551 81 49 ad
534 1551 162 49 terminum
642 1551 122 49 sequen-

197 1584 110 46 tem,
266 1584 165 46 secundum
389 1584 110 46 quem
458 1584 178 46 generatio
595 1584 151 46 dicitur
691 1584 69 46 com

200 1620 121 44 pleta;
284 1620 109 44 istae
357 1620 97 44 duae
417 1620 181 44 conditiones
562 1620 97 44 sunt
622 1620 133 44 priores
707 1620 60 44 il-

204 1658 86 43 la,
253 1658 61 43 &
277 1658 86 43 per
326 1658 172 43 consequens
461 1658 135 43 priores
559 1658 196 43 simpliciter,
707 1658 61 43 nam

199 1690 98 48 quod
260 1690 86 48 est
309 1690 111 48 prius
383 1690 74 48 in
420 1690 135 48 ratione
519 1690 160 48 completi,
642 1690 86 48 est
679 1690 86 48 prius

209 1723 204 49 ampliciter,
372 1723 81 49 ad
413 1723 163 49 rationem
535 1723 109 49 ergo
603 1723 95 49 cum
644 1723 122 49 dicitur

209 1760 157 53 posterius
330 1760 85 53 non
378 1760 121 53 potest
463 1760 145 53 separari
572 1760 60 53 a
596 1760 133 53 priori;
680 1760 85 53 verum

205 1789 98 43 est,
266 1789 123 43 quando
352 1789 111 43 illud
426 1789 86 43 est
476 1789 185 43 simpliciter
623 1789 172 43 posterius,

202 1829 64 52 &
228 1829 115 52 aliud
305 1829 90 52 est
356 1829 115 52 prius
432 1829 205 52 simpliciter,
599 1829 102 52 quod
663 1829 90 52 non
701 1829 64 52 est

198 1859 80 51 in
224 1859 161 51 proposito.

232 1871 160 72 Secunda;
352 1871 147 72 videtur
458 1871 107 72 quod
525 1871 133 72 omnino
618 1871 80 72 in
658 1871 107 72 illa
712 1871 53 72 ge

200 1928 170 51 neratione
331 1928 92 51 sit
383 1928 131 51 exitus
475 1928 79 51 de
514 1928 157 51 potentia
632 1928 79 51 ad
658 1928 105 51 actum;

199 1964 100 48 quia
262 1964 88 48 ibi
312 1964 88 48 est
363 1964 151 48 mutatio;
475 1964 100 48 ergo
538 1964 63 48 &
563 1964 125 48 exitus
639 1964 125 48 videntur

199 1997 104 55 enim
264 1997 117 55 sequi
342 1997 78 55 se
382 1997 78 55 ad
421 1997 157 55 inuicem:
538 1997 157 55 Probatur
643 1997 117 55 antece-

199 2027 113 43 dens,
275 2027 100 43 quia
337 2027 163 43 generatio
462 2027 88 43 est
513 2027 138 43 species
600 2027 163 43 mutationis;

203 2069 131 46 pecies
295 2069 118 46 autem
374 2069 92 46 non
426 2069 171 46 inuenitur
558 2069 105 46 sine
623 2069 145 46 genere,
715 2069 53 46 cu

201 2101 154 53 includat
317 2101 115 53 ipsum
394 2101 77 53 in
432 2101 90 53 sua
483 2101 141 53 ratione
573 2101 167 53 definitiua.

823 165 233 56 Respondetur,
1013 165 117 56 quod
1086 165 190 56 generatio
1217 165 146 56 absolute

788 209 141 39 accepta
890 209 89 39 non
942 209 89 39 est
993 209 141 39 species
1095 209 192 39 mutationis,
1248 209 89 39 sed
1286 209 77 39 qua-

790 246 112 39 tenus
864 246 124 39 primam
951 246 112 39 illam
1026 246 199 39 conditionem,
1187 246 149 39 scilicet
1286 246 75 39 exi-

790 280 90 40 tum
841 280 77 40 de
880 280 154 40 potentia
995 280 77 40 ad
1034 280 128 40 actum,
1123 280 167 40 includit;
1251 280 103 40 quia
1303 280 51 40 in

795 314 101 43 hoc
852 314 174 43 conuenit
983 314 101 43 cum
1041 314 159 43 omnibus
1156 314 174 43 motibus,
1287 314 72 43 &
1301 314 58 43 mu

796 350 180 43 tationibus,
940 350 96 43 quae
1000 350 96 43 sunt
1060 350 108 43 actus
1133 350 108 43 entis
1205 350 72 43 in
1229 350 132 43 potentia,

785 384 160 46 secundum
905 384 107 46 quod
971 384 80 46 in
1011 384 173 46 potentia;
1145 384 173 46 propterea
1278 384 80 46 in
1305 384 53 46 il

788 414 86 44 lis
837 414 86 44 fit
886 414 160 44 transitus
1010 414 74 44 de
1047 414 148 44 potentia
1157 414 74 44 ad
1194 414 123 44 actum:
1281 414 86 44 hoc
1318 414 49 44 ta

786 457 95 39 men
840 457 122 39 totum
921 457 162 39 prouenit
1042 457 81 39 ex
1083 457 149 39 defectu
1191 457 95 39 rei
1231 457 135 39 acquisi-

790 493 91 39 tae
842 493 91 39 per
894 493 131 39 motum,
986 493 118 39 quae,
1064 493 91 39 cum
1117 493 91 39 non
1169 493 91 39 sit
1208 493 157 39 necessaria

791 518 112 44 esse,
865 518 74 44 de
902 518 74 44 se
939 518 112 44 habet
1014 518 87 44 non
1063 518 112 44 esse;
1138 518 62 44 &
1163 518 99 44 ideo
1225 518 87 44 non
1262 518 99 44 potest

785 555 154 41 acquiri,
900 555 102 41 nisi
964 555 179 41 producatur
1105 555 77 41 de
1143 555 90 41 non
1195 555 102 41 esse
1259 555 77 41 ad
1284 555 77 41 esse

781 589 97 43 per
836 589 138 43 motum,
933 589 97 43 vel
988 589 207 43 mutationem,
1154 589 83 43 in
1195 589 152 43 diuinis
1292 589 69 43 aut

788 624 87 39 est
837 624 162 39 generatio
962 624 100 39 sine
1024 624 162 39 huiusmodi
1148 624 112 39 exitu
1223 624 75 39 de
1260 624 87 39 non
1298 624 62 39 es-

792 658 73 49 se
828 658 73 49 ad
865 658 109 49 esse;
938 658 61 49 &
962 658 97 49 ideo
1023 658 97 49 illa
1084 658 158 49 generatio
1205 658 85 49 non
1254 658 85 49 est
1290 658 73 49 spes

782 691 213 37 mutationis,
952 691 99 37 sed
1009 691 156 37 simplex
1122 691 241 37 communicatio,
1320 691 71 37 &

786 728 101 42 ideo
849 728 113 42 ratio
925 728 151 42 superius
1038 728 138 42 adducta
1139 728 113 42 petit
1201 728 164 42 principium;

797 761 102 44 quia
861 761 76 44 in
899 761 191 44 generatione
1052 761 102 44 idem
1115 761 89 44 est
1166 761 102 44 esse
1230 761 127 44 exitum
1306 761 51 44 de

798 796 157 41 potentia
915 796 78 41 ad
955 796 130 41 actum,
1046 796 65 41 &
1072 796 117 41 ipsam
1150 796 104 41 esse
1215 796 144 41 speciem
1307 796 52 41 mu

789 835 182 38 tationis:
929 835 70 38 &
957 835 98 38 sic
1013 835 140 38 probat
1112 835 112 38 idem
1182 835 98 38 per
1224 835 98 38 idem.

820 865 133 40 Tertio
913 865 80 40 ad
953 865 120 40 idem:
1033 865 106 40 omne
1099 865 133 40 illud,
1192 865 106 40 quod
1246 865 106 40 genera

788 901 86 42 tur
837 901 160 42 possibile
960 901 98 42 fuit
1021 901 160 42 generari,
1144 901 61 42 &
1169 901 86 42 per
1206 901 147 42 consequens

790 935 88 35 dum
841 935 177 35 generatur,
980 935 139 35 transit
1081 935 76 35 de
1119 935 152 35 potentia
1233 935 76 35 ad
1258 935 101 35 actum;

786 966 76 46 Si
824 966 101 46 ergo
887 966 76 46 in
925 966 139 46 diuinis
1026 966 88 46 est
1076 966 101 46 vera
1139 966 176 46 generatio,
1265 966 88 46 vide-

786 1006 104 41 tur
846 1006 149 41 etiam,
950 1006 119 41 quod
1024 1006 104 41 ibi
1084 1006 104 41 sit
1144 1006 134 41 talis
1218 1006 134 41 exitus.

819 1037 205 43 Respondetur,
986 1037 102 43 quod
1050 1037 166 43 possibile
1178 1037 128 43 potest
1255 1037 102 43 accipi

786 1060 190 48 dupliciter,
939 1060 89 48 vno
989 1060 114 48 modo,
1065 1060 76 48 vt
1103 1060 165 48 diuiditur
1230 1060 127 48 contra
1306 1060 51 48 ne

789 1112 184 40 cessarium,
933 1112 105 40 alio
999 1112 105 40 modo
1064 1112 79 40 vt
1104 1112 92 40 est
1156 1112 105 40 idem
1222 1112 92 40 cum
1261 1112 92 40 neces

786 1140 127 38 sario.
875 1140 101 38 Quod
938 1140 89 38 est
989 1140 164 38 possibile
1115 1140 114 38 primo
1191 1140 114 38 modo,
1267 1140 76 38 si
1292 1140 51 38 ge

784 1177 144 40 neratu,
889 1177 144 40 transit
993 1177 79 40 de
1033 1177 157 40 potentia
1151 1177 79 40 ad
1190 1177 131 40 actum,
1268 1177 79 40 quia

793 1209 72 38 de
829 1209 72 38 se
865 1209 84 38 non
913 1209 108 38 habet
986 1209 108 38 esse,
1058 1209 60 38 &
1082 1209 108 38 illud
1154 1209 145 38 acquirit
1251 1209 96 38 genera

781 1248 131 36 tione,
873 1248 92 36 sed
925 1248 105 36 quod
991 1248 92 36 est
1043 1248 171 36 possibile
1174 1248 144 36 secundo
1266 1248 92 36 modo,

783 1278 93 34 non
836 1278 106 34 exit
902 1278 79 34 de
941 1278 159 34 potentia
1060 1278 79 34 ad
1100 1278 132 34 actum,
1192 1278 106 34 quia
1259 1278 93 34 cum
1298 1278 53 34 de

786 1312 76 41 se
824 1312 89 41 sit
875 1312 140 41 necesse
977 1312 114 41 esse,
1053 1312 89 41 non
1103 1312 152 41 oportet,
1218 1312 101 41 quod
1268 1312 89 41 illud

782 1348 158 35 acquirat
901 1348 92 35 per
953 1348 224 35 generationem.
1138 1348 132 35 Peccat
1230 1348 106 35 ergo
1283 1348 66 35 ra-

789 1381 83 47 tio
837 1381 95 47 per,
896 1381 225 47 aequiuocationem
1074 1381 154 47 possibilis.

813 1416 149 39 Quarto;
922 1416 162 39 Videtur,
1043 1416 108 39 quod
1111 1416 108 39 ista
1179 1416 95 39 duo
1233 1416 95 39 non
1273 1416 95 39 stent

784 1450 126 45 simul,
873 1450 151 45 scilicet
986 1450 139 45 aliquid
1087 1450 101 45 esse
1150 1450 202 45 necessarium,
1314 1450 63 45 &

787 1486 110 37 tamen
860 1486 170 37 generari,;
994 1486 97 37 quod
1055 1486 97 37 enim
1116 1486 134 37 necesse
1213 1486 85 37 est
1262 1486 110 37 esse,

787 1516 71 42 de
823 1516 71 42 se
858 1516 106 42 habet
929 1516 106 42 esse,
999 1516 59 42 &
1023 1516 106 42 illud
1094 1516 83 42 non
1141 1516 130 42 accipit
1235 1516 71 42 ab
1270 1516 106 42 alio:

782 1551 103 44 quod
846 1551 116 44 autem
923 1551 180 44 generatur,
1065 1551 103 44 esse
1129 1551 141 44 recipit
1231 1551 77 44 ab
1257 1551 90 44 alio;

789 1586 109 45 ergo
844 1586 68 45 &c.

819 1618 210 45 Respondetur,
990 1618 105 45 quod
1055 1618 158 45 accipere
1173 1618 105 45 esse
1239 1618 79 45 ab
1265 1618 79 45 alio

785 1656 130 44 potest
876 1656 182 44 dupliciter
1019 1656 182 44 intelligi;
1163 1656 91 44 vno
1215 1656 104 44 modo
1267 1656 78 44 quod

783 1686 143 46 accipiat
890 1686 95 46 esse
950 1686 155 46 dependens
1069 1686 71 46 ab
1104 1686 107 46 alio,
1176 1686 119 46 sicuti
1247 1686 95 46 creatu

782 1732 78 35 ra
821 1732 65 35 a
847 1732 104 35 Deo,
912 1732 104 35 dato
978 1732 130 35 etiam,
1069 1732 104 35 quod
1134 1732 209 35 processisset
1291 1732 52 35 ex

784 1756 188 43 necessitate
935 1756 151 43 naturae,
1048 1756 63 43 &
1073 1756 100 43 quod
1136 1756 88 43 sic
1173 1756 176 43 accipieesse,

787 1795 85 39 non
836 1795 85 39 est
884 1795 134 39 necesse
982 1795 110 39 esse,
1055 1795 97 39 alio
1116 1795 97 39 modo
1177 1795 122 39 potest
1250 1795 85 39 intel

783 1828 114 37 ligi,
860 1828 102 37 quod
923 1828 153 37 accipiat
1038 1828 102 37 esse
1101 1828 204 37 independens,
1254 1828 89 37 sicui

781 1864 72 44 in
817 1864 131 44 diuinis
912 1864 107 44 solum
984 1864 131 44 persona
1079 1864 131 44 accipit
1175 1864 95 44 esse
1235 1864 60 44 a
1247 1864 95 44 produm

784 1900 130 41 cente;
875 1900 104 41 Quia
940 1900 117 41 illud
1018 1900 104 41 esse
1082 1900 156 41 diuinum,
1199 1900 104 41 quod
1251 1900 91 41 acci-

785 1933 100 40 pit,
848 1933 88 40 est
898 1933 125 40 omnino
986 1933 200 40 independens,
1149 1933 88 40 nec
1199 1933 125 40 alteri
1274 1933 75 40 inni

790 1972 115 37 titur,
871 1972 58 37 a
894 1972 81 37 quo
941 1972 69 37 si
975 1972 185 37 relinquatur,
1125 1972 104 37 cadat
1194 1972 69 37 in
1229 1972 115 37 nihil,
1298 1972 58 37 si-

784 1998 90 50 cut
836 1998 103 50 esse
900 1998 206 50 creaturarum,
1068 1998 103 50 quod
1132 1998 116 50 autem
1209 1998 142 50 accipit
1299 1998 52 50 es

785 2031 70 49 se
820 2031 129 49 secundo
914 2031 106 49 modo,
985 2031 94 49 est.
1043 2031 188 49 necessarium,
1196 2031 106 49 ratio
1266 2031 70 49 in
1289 2031 59 49 con

784 2068 134 42 trarium
881 2068 146 42 peccabat
991 2068 256 42 praequiuocationem
1211 2068 73 42 de
1235 2068 122 42 accipere

778 2111 107 41 esse
844 2111 187 41 dependens,
991 2111 94 41 vel
1045 2111 214 41 independens;
1218 2111 107 41 Vnde
1272 2111 80 41 con
