1500 2061
83 148 91 51 non
135 148 142 51 possunt
238 148 155 51 attribui
342 148 155 51 essentiae.

127 197 83 34 Sed
175 197 95 34 iste
234 197 107 34 modus
306 197 131 34 dicendi
401 197 59 34 a
424 197 155 34 quibusdam
532 197 59 34 im-

111 219 150 40 probatur:
227 219 81 40 nam
273 219 127 40 videmus
366 219 139 40 (dicunt)
470 219 92 40 quod
516 219 81 40 actus

99 259 170 30 aedificandi
234 259 136 30 competit
336 259 192 30 aedificatori,
483 259 113 30 secundum

102 281 88 37 quod
157 281 77 37 est
201 281 154 37 distinctus
322 281 55 37 a
344 281 121 37 musico,
432 281 55 37 &
454 281 99 37 tamen
520 281 66 37 si
542 281 55 37 ars

106 312 179 37 aedificandi,
251 312 56 37 &
273 312 112 37 musica
351 312 179 37 coniungantur
497 312 67 37 in
519 312 78 37 eodem

100 340 156 38 supposito,
223 340 78 38 non
267 340 78 38 est
312 340 123 38 dubium,
401 340 89 38 quod
457 340 100 38 actus
513 340 78 38 aedi-

100 376 120 36 ficandi
187 376 109 36 potest
263 376 131 36 attribui
361 376 98 36 etiam
427 376 120 36 musico,
514 376 109 36 saltem

100 403 88 39 per
138 403 126 39 accidens

139 427 146 40 Propterea
251 427 112 40 frater
330 427 135 40 Aegidius
431 427 101 40 Doct.
498 427 123 40 noster,

108 462 81 41 qui
155 462 138 41 improbat
258 462 161 41 praemissum
385 462 115 41 modum,
465 462 115 41 aliter
534 462 58 41 re-

111 498 108 33 pondet
187 498 119 33 dicens,
273 498 86 33 quod
327 498 65 33 si
360 498 108 33 aliqua
435 498 76 33 duo
478 498 76 33 ita
521 498 65 33 se
543 498 54 33 ha-

100 519 123 39 beant,
186 519 99 39 quod
248 519 99 39 vnum
309 519 111 39 eorum
383 519 123 39 possit
457 519 148 39 praedicari

105 552 67 36 de
138 552 111 36 altero
216 552 78 36 per
261 552 156 36 essentiam,
383 552 56 36 &
406 552 78 36 per
439 552 156 36 identitatem;

108 581 74 39 ita
151 581 106 39 tamen,
225 581 85 39 quod
278 581 74 39 sit
321 581 159 39 praedicatio
448 581 127 39 propria,
533 581 64 39 sem-

103 614 80 37 per
148 614 92 37 illa
206 614 103 37 erunt
275 614 149 37 distincta
389 614 138 37 secundum
481 614 115 37 rationem

105 641 59 38 &
129 641 94 38 ideo
188 641 106 38 omnia
258 641 176 38 praedicata,
399 641 94 38 quae
458 641 118 38 dicunt
528 641 71 38 quid

104 667 149 39 rationis,
218 667 57 39 &
241 667 149 39 competunt
356 667 80 39 vni
402 667 115 39 eorum,
482 667 103 39 prout
540 667 57 39 di-

105 700 149 35 stinguitur
223 700 64 35 ab
255 700 85 35 alio
308 700 128 35 secundum
404 700 139 35 rationem,
511 700 75 35 ita
543 700 53 35 con

98 731 115 40 perunt
179 731 92 40 vni,
237 731 92 40 quod
294 731 81 40 non
340 731 127 40 possunt
433 731 138 40 attribui
525 731 69 40 alti

103 767 77 30 ri,
147 767 99 30 cuius
213 767 99 30 ratio
278 767 77 30 est
322 767 142 30 (secundum
432 767 88 30 eum)
486 767 88 30 quia
530 767 77 30 licet

113 796 71 32 sit
154 796 153 32 praedicatio
276 796 163 32 essentialis,
408 796 51 32 &
429 796 132 32 identica,
520 796 82 32 semper

109 821 98 36 tamen
174 821 120 36 remanet
262 821 98 36 inter
327 821 87 36 illa
381 821 152 36 distinctio
490 821 109 36 secundum

114 853 132 36 rationem,
215 853 81 36 quae
266 853 71 36 est
307 853 122 36 praecisa
398 853 91 36 ratio
449 853 152 36 attributionis

111 887 115 30 talium
191 887 184 30 predicatorum
341 887 58 30 :
364 887 127 30 Videmus
456 887 127 30 namque,
536 887 69 30 quod

109 912 113 34 animal
188 912 169 34 praedicatur
323 912 68 34 de
357 912 113 34 homine
436 912 147 34 identice,
549 912 56 34 &
560 912 45 34 es

116 940 158 45 sentialiter,
245 940 49 45 &
264 940 79 45 quia
314 940 79 45 ista
363 940 128 45 identitas
462 940 69 45 non
501 940 99 45 tollit
561 940 40 45 di

113 970 177 37 stinctionem,
257 970 89 37 quae
313 970 78 37 est
357 970 100 37 inter
424 970 67 37 ea
457 970 133 37 secundum
546 970 55 37 ra-

113 1003 121 34 tionem:
201 1003 121 34 idcirco
288 1003 88 34 illa
343 1003 164 34 praedicata,
475 1003 88 34 quae
518 1003 88 34 dicunt

106 1028 90 38 quid
162 1028 147 38 rationis,
275 1028 147 38 competunt
388 1028 90 38 vni,
445 1028 57 38 &
467 1028 79 38 non
501 1028 102 38 alteri.

105 1061 90 36 Vnde
161 1061 90 36 quia
217 1061 90 36 esse
273 1061 123 36 speciem
363 1061 78 36 est
407 1061 90 36 quid
463 1061 146 36 rationis,
575 1061 56 36 &

111 1095 132 31 competit
210 1095 121 31 homini,
298 1095 66 31 vt
331 1095 77 31 est
375 1095 154 31 distinctus
496 1095 66 31 ab
518 1095 88 31 anima-

112 1121 74 32 li,
155 1121 95 32 nullo
218 1121 85 32 modo
271 1121 106 32 potest
346 1121 127 32 attribui
441 1121 127 32 animali;
526 1121 74 32 simi-

105 1151 106 39 liter,
179 1151 53 39 &
201 1151 95 39 genus
264 1151 127 39 competit
359 1151 127 39 animali,
454 1151 63 39 vt
486 1151 74 39 est
517 1151 85 39 distin

112 1181 92 38 ctum
169 1181 69 38 ab
203 1181 126 38 homine,
295 1181 103 38 nullo
364 1181 92 38 modo
421 1181 115 38 potest
490 1181 115 38 atttibui

109 1210 127 35 homini,
202 1210 93 35 quia
260 1210 69 35 de
295 1210 116 35 homine
376 1210 127 35 dicitur
468 1210 139 35 species,
572 1210 58 35 &

111 1239 67 43 de
144 1239 123 43 animali
234 1239 168 43 praedicatur
358 1239 79 43 genus

143 1261 76 46 Sed
187 1261 109 46 contra
263 1261 87 46 haec
318 1261 98 46 dicta
383 1261 131 46 occurrit
481 1261 76 46 vna
514 1261 87 46 dubita

112 1297 85 37 tio;
166 1297 75 37 nam
208 1297 107 37 (sicut
283 1297 128 37 superius
379 1297 149 37 dicebatur)
496 1297 96 37 actus
550 1297 53 37 edi

113 1331 110 37 ficandi
193 1331 100 37 potest
263 1331 70 37 non
303 1331 90 37 solum
363 1331 170 37 aedisicatori,
502 1331 70 37 sed
532 1331 70 37 etiam

109 1363 114 33 musico
188 1363 159 33 conuenire,
313 1363 114 33 saltem
393 1363 80 33 per
438 1363 148 33 accidens;
541 1363 68 33 ergo

109 1386 53 39 a
131 1386 107 39 simili
205 1386 128 39 intentio
301 1386 128 39 generis,
397 1386 96 39 licet
461 1386 117 39 animali
536 1386 64 39 com-

109 1418 101 40 petat
176 1418 79 40 per
221 1418 79 40 se,
266 1418 101 40 prout
334 1418 180 40 distinguitur
480 1418 68 40 ab
503 1418 101 40 homine,

112 1452 132 38 poterit
208 1452 108 38 tamen
280 1452 120 38 homini
364 1452 108 38 etiam
436 1452 156 38 conuenire
544 1452 60 38 per

112 1481 150 39 accidens,
228 1481 104 39 prout
297 1481 92 39 idem
354 1481 81 39 est
400 1481 81 39 cum
435 1481 115 39 animali.

135 1511 202 32 Respondetur,
300 1511 101 32 quod
363 1511 177 32 similitudo
502 1511 88 32 non
540 1511 63 32 va-

110 1528 85 49 let,
163 1528 85 49 quia
217 1528 96 49 actus
280 1528 159 49 aedificandi
408 1528 74 49 non
450 1528 96 49 solum
503 1528 96 49 aedifi-

114 1567 106 39 catori
189 1567 170 39 attribuitur,
327 1567 127 39 quatenus
422 1567 74 39 est
465 1567 149 39 distinctus
571 1567 32 39 a

113 1600 111 34 musico
191 1600 78 34 per
235 1600 100 34 artem
302 1600 178 34 aedisicandi,
447 1600 78 34 sed
492 1600 100 34 etiam
547 1600 56 34 ra-

113 1630 117 34 tione,
195 1630 82 34 qua
242 1630 140 34 conuenit
347 1630 82 34 cum
393 1630 117 34 musico
475 1630 70 34 in
498 1630 105 34 vnitate

111 1655 140 39 supposit
216 1655 140 39 agentis,
322 1655 58 39 &
345 1655 93 39 ideo
403 1655 129 39 quamuis
497 1655 82 39 non
532 1655 70 39 pos-

114 1689 73 35 sit
155 1689 124 35 attribui
248 1689 135 35 musicoper
352 1689 73 35 se,
394 1689 93 35 sicut
445 1689 156 35 aedificatori,

114 1718 121 40 propter
202 1718 176 40 diuersitatem
345 1718 143 40 principij
456 1718 132 40 formalis
544 1718 55 40 hu-

117 1742 74 44 ius
160 1742 138 44 actionis,
266 1742 116 44 poterit
350 1742 95 44 tamen
414 1742 85 44 illi
466 1742 127 44 attribui
551 1742 53 44 per

110 1771 144 44 accidens
218 1771 132 44 propter
314 1771 144 44 vnitatem
422 1771 144 44 supposit
518 1771 84 44 agen-

121 1806 83 39 tis:
172 1806 124 39 Intentio
266 1806 83 39 vero
317 1806 114 39 generis
400 1806 72 39 ita
441 1806 155 39 attribuitur
555 1806 52 39 ani

112 1837 97 44 mali
173 1837 146 44 secundum
282 1837 158 44 rationem,
403 1837 85 44 qua
439 1837 170 44 distinguitur

598 152 73 50 ab
634 152 133 50 homine,
731 152 97 50 quod
792 152 109 50 nullo
865 152 97 50 modo
925 152 146 50 secundum
1022 152 73 50 idem

610 194 121 34 titatem
698 194 142 34 suppositi
807 194 110 34 potest
884 194 88 34 illi
939 194 153 34 conuenire;
1048 194 55 34 Pro

614 222 93 35 pter
672 222 93 35 quod
730 222 104 35 nullo
800 222 93 35 modo
858 222 116 35 potest
939 222 116 35 homini
1009 222 81 35 attri

602 251 85 36 bui,
656 251 85 36 quia
709 251 75 36 nec
751 251 75 36 per
794 251 75 36 se;
837 251 75 36 cum
879 251 149 36 distinctio
996 251 75 36 sit
1028 251 75 36 causa

602 285 108 37 quare
674 285 132 37 animali
770 285 156 37 competat,
890 285 60 37 &
914 285 84 37 non
962 285 132 37 homini;
1046 285 60 37 nec

606 313 96 34 etiam
671 313 75 34 per
713 313 139 34 accidens,
821 313 86 34 quia
874 313 139 34 identitas
981 313 96 34 talis
1045 313 75 34 non

606 344 159 42 reperitur
728 344 110 42 inter
802 344 147 42 hominem,
912 344 61 42 &
937 344 135 42 animal,
1022 344 74 42 quoc

606 372 136 35 intentio
707 372 124 35 generis
798 372 170 35 praedicetur
933 372 68 35 de
967 372 124 35 homine,
1046 372 57 35 vel

605 404 132 33 intentio
704 404 121 33 speciei
792 404 165 33 praedicetur
924 404 66 33 de
957 404 132 33 animali.
1045 404 55 33 vi-

610 430 99 42 detur
676 430 88 42 ergo
731 430 209 42 irrationabilis,
907 430 99 42 prima
973 430 121 42 aliorum
1050 430 55 42 ex

608 460 105 38 plicatio

641 492 107 36 Modus
712 492 95 36 vero
772 492 131 36 dicendi
867 492 143 36 Doctoris
974 492 119 36 nostri
1046 492 59 36 mi-

616 511 63 49 hi
648 511 116 49 videtur
732 511 179 49 rationabilis;
880 511 84 49 ideo
932 511 63 49 vt
964 511 137 49 responsio
1059 511 42 49 ac

620 553 100 34 liunc
687 553 145 34 articulum
798 553 89 34 fiat
854 553 100 34 magis
921 553 100 34 nota,
988 553 56 34 &
999 553 112 34 vniuersa

613 578 96 36 liter
677 578 171 36 intelligatur
816 578 64 36 de
848 578 85 36 omni
902 578 96 36 actu,
966 578 96 36 sicut
1019 578 96 36 quaerit

611 612 162 34 articulus;
739 612 150 34 Respondeo
854 612 139 34 quaesito
959 612 139 34 clarius,
1051 612 58 34 cum

615 642 89 32 ergo
670 642 155 32 quaeritur,
792 642 67 32 an
826 642 111 32 duobus
903 642 89 32 idem
959 642 100 32 inter
1025 642 67 32 se
1047 642 67 32 exi-

616 672 143 32 stentibus
726 672 110 32 possit
803 672 121 32 aliquid
890 672 132 32 attribui
989 672 88 32 vni,
1044 672 55 32 &
1055 672 55 32 non

611 698 118 40 alteri;
697 698 96 40 dico,
761 698 86 40 quod
815 698 64 40 si
847 698 86 40 haec
901 698 75 40 duo
944 698 86 40 sint
997 698 86 40 idem
1040 698 75 40 secun

617 731 88 32 dum
668 731 101 32 rem,
731 731 63 32 &
756 731 151 32 secundum
869 731 164 32 rationem,
995 731 101 32 quod
1045 731 63 32 at-

613 760 144 37 tribuitur
724 760 78 37 vni
768 760 100 37 debet
835 760 56 37 &
857 760 111 37 alteri
935 760 144 37 attribui,
1046 760 56 37 &
1057 760 56 37 hoc

619 793 78 35 est
663 793 67 35 de
697 793 67 35 se
730 793 111 35 notum,
808 793 67 35 si
841 793 89 35 vero
897 793 89 35 sint
952 793 89 35 idem
997 793 111 35 secundum

614 820 94 33 rem,
673 820 58 33 &
696 820 199 33 distinguantur
860 820 164 33 modaliter,
988 820 82 33 vel
1023 820 94 33 forma-

615 850 108 40 liter;
691 850 65 40 si
723 850 97 40 tales
788 850 97 40 modi,
853 850 54 40 &
874 850 173 40 formalitates
1004 850 108 40 concedan

621 881 93 39 tur,
679 881 81 39 non
726 881 93 39 est,
784 881 127 39 dubium,
876 881 93 39 quod
934 881 127 39 aliquid
1015 881 93 39 potest

621 909 81 39 vni
668 909 162 39 competere,
795 909 58 39 &
818 909 104 39 nullo
888 909 93 39 modo
946 909 127 39 alteri.
1027 909 81 39 Vide-

621 940 87 39 mus
670 940 111 39 enim,
744 940 99 39 quod
806 940 136 39 quamuis
905 940 136 39 materia
991 940 124 39 extensa,

618 970 55 41 &
640 970 77 41 non
684 970 121 41 extensa
771 970 77 41 sit
815 970 77 41 vna
859 970 88 41 res,
914 970 88 41 quia
969 970 99 41 tamen
1034 970 66 41 vt
1056 970 55 41 ex-

620 999 111 35 tensa
694 999 111 35 habet
768 999 136 35 aliquem
867 999 111 35 modum
942 999 136 35 realem,
1041 999 99 35 quem

618 1032 79 37 non
663 1032 102 37 habet
731 1032 68 37 vt
765 1032 79 37 non
810 1032 136 37 extensa,
912 1032 136 37 competit
1013 1032 90 37 sibi
1058 1032 57 37 su-

617 1061 121 38 scipere
705 1061 132 38 actionem
804 1061 121 38 agentis
891 1061 154 38 naturalis,
1012 1061 88 38 quod
1056 1061 55 38 non

619 1094 136 35 competit
720 1094 136 35 materiae
822 1094 79 35 non
867 1094 147 35 extensae,
980 1094 90 35 quam
1037 1094 79 35 non
1071 1094 45 35 at

622 1120 114 32 tingit
701 1120 102 32 agens
769 1120 136 32 naturale
872 1120 68 32 in
906 1120 125 32 agendo.
985 1120 125 32 Similiter

622 1153 115 34 verum,
702 1153 57 34 &
725 1153 103 34 bonum
793 1153 103 34 licet
862 1153 92 34 sint
919 1153 103 34 idem,
988 1153 92 34 quia
1034 1153 80 34 tamen

625 1178 143 35 differunt
735 1178 165 35 formaliter,
867 1178 66 35 vt
901 1178 110 35 quidam
978 1178 121 35 ponunt,
1055 1178 55 35 bo-

622 1209 72 36 no
658 1209 143 36 competit
765 1209 119 36 mouere
849 1209 167 36 voluntatem
980 1209 83 36 sub
1016 1209 95 36 ratio-

623 1240 69 44 ne
657 1240 103 44 boni,
726 1240 92 44 quod
783 1240 80 44 non
829 1240 137 44 competit
932 1240 92 44 illi
989 1240 80 44 sub
1023 1240 92 44 ratio-

620 1264 71 38 ne
644 1264 83 38 veri.

651 1283 120 51 Quando
735 1283 96 51 vero
795 1283 96 51 sunt
855 1283 120 51 aliqua
938 1283 84 51 duo
986 1283 96 51 idem
1034 1283 84 51 secun

627 1325 83 45 dum
674 1325 94 45 rem,
733 1325 94 45 quae
792 1325 201 45 distinguantur
958 1325 118 45 tantum
1028 1325 83 45 secun

628 1357 80 35 dum
673 1357 149 35 rationem,
788 1357 92 35 tunc
846 1357 103 35 maior
915 1357 80 35 est
949 1357 161 35 difficultas;

618 1391 79 36 sed
663 1391 101 36 iuxta
730 1391 79 36 hac
775 1391 90 36 viam
831 1391 124 36 AEgidij
921 1391 90 36 dico
977 1391 112 36 primo,
1045 1391 67 36 quod

630 1416 105 34 duobus
704 1416 84 34 idem
757 1416 169 34 existentibus
894 1416 137 34 realiter,
989 1416 126 34 distinctis

622 1446 99 37 tamen
688 1446 88 37 sola
743 1446 133 37 ratione,
843 1446 88 37 tunc
898 1446 110 37 potest
975 1446 122 37 aliquid
1053 1446 66 37 rea-

621 1477 67 32 le
654 1477 144 32 competere
765 1477 89 32 vni,
821 1477 55 32 &
843 1477 78 32 non
887 1477 122 32 alteri;
976 1477 122 32 secundo
1054 1477 55 32 di-

624 1509 78 34 co,
669 1509 89 34 quod
724 1509 123 34 aliquid
814 1509 123 34 commune
903 1509 134 34 vtrisque
1004 1509 112 34 potest
1071 1509 45 34 de

622 1536 145 35 nominare
730 1536 96 35 vnum
791 1536 133 35 illorum
887 1536 169 35 formaliter
1020 1536 84 35 non
1056 1536 60 35 de-

622 1570 201 35 nominando
776 1570 186 35 alterum.

642 1598 125 35 Primum
729 1598 125 35 dictum
816 1598 175 35 declaratur
954 1598 100 35 sic:
1004 1598 112 35 Videmus

619 1628 131 34 namque,
714 1628 95 34 quod
774 1628 95 34 vna,
834 1628 60 34 &
858 1628 107 34 eadem
929 1628 107 34 forma
1001 1628 83 34 est
1036 1628 72 34 fini

618 1657 105 36 motus
688 1657 199 36 praecedentis,
852 1657 58 36 &
875 1657 152 36 principim
980 1657 129 36 subsequer

618 1688 83 32 tis;
670 1688 73 32 est
711 1688 94 32 tamen
774 1688 73 32 ibi
815 1688 146 32 distinctio
930 1688 125 32 secundum
1013 1688 104 32 rationem

622 1717 125 34 respectu
715 1717 94 34 cuius
778 1717 177 34 distinctionis
924 1717 104 34 potest
997 1717 115 34 aliquid
1070 1717 42 34 re

625 1746 111 34 aliter
702 1746 144 34 conuenire
813 1746 89 34 isti
868 1746 122 34 formae,
957 1746 133 34 secundum
1046 1746 66 34 quod

620 1777 101 35 habet
687 1777 134 35 rationem
788 1777 112 35 finis,
866 1777 78 35 qui
911 1777 112 35 quidem
989 1777 78 35 non
1023 1777 89 35 potess

616 1812 84 35 sibi
669 1812 137 35 attribui,
775 1812 95 35 prout
838 1812 95 35 habet
901 1812 127 35 rationem
985 1812 127 35 principij-

624 1835 87 40 puta
678 1835 163 40 specificare
809 1835 98 40 motum
874 1835 130 40 competit
971 1835 65 40 ei
1004 1835 141 40 realiter,
