1500 2324
147 178 116 53 uenit
224 178 90 53 vti
276 178 142 53 ratione
379 178 232 53 demonstratiua,
572 178 77 53 de
611 178 90 53 qua
650 178 64 53 de-

158 225 142 40 terminat
265 225 119 40 Arist.
348 225 59 40 1
372 225 107 40 post.
443 225 71 40 de
479 225 83 40 his
526 225 107 40 verum
597 225 95 40 est,
645 225 71 40 quoc

162 260 145 34 scientia
270 260 84 34 est
319 260 108 34 vnius
391 260 145 34 generis;
499 260 84 34 non
547 260 108 34 tamen
608 260 108 34 propter

160 293 84 43 hoc
208 293 119 43 vnitas
291 293 143 43 rationis
399 293 143 43 scilicet
506 293 131 43 generis
602 293 84 43 est
637 293 84 43 causa

164 326 136 40 vnitatis
266 326 159 40 scientiae,
391 326 91 40 quia
448 326 91 40 tunc
504 326 91 40 illa
561 326 79 40 vna
606 326 102 40 ratio
663 326 57 40 spe

156 365 162 32 cificaret
280 365 175 32 scientiam,
418 365 75 32 ut
455 365 87 32 non
505 365 75 32 se
542 365 175 32 extenderet
667 365 50 32 ad

162 399 123 42 aliquas
251 399 134 42 rationes
352 399 156 42 speciales,
474 399 67 42 in
508 399 89 42 illa
564 399 78 42 non
597 399 123 42 inclusas.

170 432 85 43 Ad
212 432 256 43 confirmationem
426 432 99 43 cum
482 432 171 43 dicitur,
610 432 114 43 quod
667 432 57 43 su

155 461 131 48 biectum
250 461 107 48 debet
321 461 95 48 esse
381 461 142 48 aliquid,
488 461 83 48 per
535 461 71 48 se
559 461 166 48 intelligibi-

166 496 86 40 le.
215 496 196 40 Respondetur,
374 496 98 40 quod
435 496 73 40 si
471 496 86 40 sit
520 496 159 40 subiectum
630 496 86 40 adae-

160 530 133 43 quatum,
257 530 85 43 non
305 530 85 43 est
354 530 97 43 vnum
415 530 85 43 per
463 530 73 43 se
500 530 206 43 intelligibile
657 530 61 43 vno

165 565 108 46 actu,
237 565 84 46 sed
285 565 156 46 pluribus,
405 565 60 46 &
429 565 96 46 isto
488 565 96 46 modo
548 565 144 46 concedo,
644 565 72 46 quod

163 595 191 46 intelligatur
318 595 83 46 per
366 595 95 46 suas
425 595 131 46 partes;
520 595 60 46 &
544 595 83 46 cum
592 595 155 46 probatur,

164 637 98 39 quia
225 637 172 39 subiectum,
360 637 74 39 eo
397 637 98 39 modo
458 637 110 39 debet
532 637 172 39 intelligi,
655 637 61 39 quo

167 665 94 40 modo
226 665 129 40 scitur,
320 665 106 40 dico,
390 665 94 40 quod
449 665 94 40 ista
508 665 153 40 proposito
625 665 82 40 non
660 665 59 40 est

167 700 94 40 vera
226 700 189 40 simpliciter,
380 700 71 40 eo
415 700 94 40 quod
474 700 106 40 scire
545 700 142 40 respicit
639 700 83 40 plura

167 734 122 44 simul;
252 734 183 44 intelligere
398 734 97 44 vero
459 734 146 44 respicit
569 734 122 44 tantum
642 734 73 44 vnum

174 769 82 37 Ad
215 769 164 37 secundum
338 769 95 37 dum
393 769 164 37 dicitur,
515 769 109 37 quod
584 769 95 37 non
625 769 95 37 habet

161 800 161 45 passiones
285 800 87 45 &c.
334 800 174 45 Respodetur
471 800 186 45 dupliciter.
620 800 124 45 Primo,

162 838 106 41 quod,
233 838 106 41 valet
304 838 71 41 in
339 838 153 41 scientijs
457 838 189 41 specialibus,
610 838 94 41 quae
657 838 59 41 pro

162 869 107 45 prie
229 869 148 45 vtuntur
336 869 107 45 arte
403 869 241 45 demonstratiua.
604 869 107 45 Alio
658 869 67 45 mo-

158 901 73 44 do
194 901 122 44 posset
280 901 110 44 dici,
353 901 98 44 quod
414 901 110 44 licet
488 901 86 44 ens
537 901 86 44 non
586 901 122 44 habeat
659 901 61 44 pas

165 933 124 39 siones
251 933 161 39 proprias,
375 933 111 39 habet
450 933 111 39 tamen
524 933 136 39 aliqua,
623 933 99 39 quae
672 933 50 39 se

159 971 133 34 habent
252 971 146 34 admodum
358 971 186 34 passionis,
505 971 67 34 &
531 971 93 34 hoc
571 971 133 34 sufficit

170 1001 87 40 Ad
214 1001 160 40 tertium
331 1001 102 40 cum
389 1001 175 40 dicitur,
520 1001 102 40 ens
578 1001 102 40 non
622 1001 102 40 habet

157 1037 183 47 principia,
301 1037 118 47 dico,
380 1037 105 47 quod
445 1037 144 47 quamuis
550 1037 92 47 ens
589 1037 131 47 vniuersa

168 1072 111 41 liter
241 1072 135 41 sumptum
340 1072 123 41 absque
426 1072 123 41 aliqua
512 1072 197 41 restrictione
660 1072 61 41 non

169 1104 122 38 habeat
254 1104 170 38 principia,
388 1104 109 38 habet
461 1104 122 38 tamen,
546 1104 109 38 prout
619 1104 85 38 est
655 1104 61 38 re-

166 1138 149 38 ducibile
277 1138 75 38 in
315 1138 99 38 suas
377 1138 124 38 primas
464 1138 137 38 causas.
563 1138 62 38 s
588 1138 75 38 in
626 1138 124 38 primam

166 1172 151 47 formam,
276 1172 69 47 &
304 1172 151 47 vltimum
414 1172 137 47 finem,
510 1172 96 47 quo
565 1172 110 47 modo
620 1172 96 47 posi-

167 1206 121 36 tum
236 1206 121 36 est
305 1206 86 36 a
340 1206 156 36 nobis
443 1206 225 36 subiectum
599 1206 121 36 Meth.

196 1239 72 43 Ad
232 1239 192 43 auctoritates
388 1239 120 43 Arist.
473 1239 96 43 quas
533 1239 84 43 per
581 1239 72 43 se
617 1239 132 43 aducit,

160 1273 169 34 dicendum
287 1273 99 34 est
343 1273 85 34 ad
386 1273 127 34 omnes
470 1273 127 34 eodem
555 1273 113 34 modo
611 1273 113 34 sqquod

158 1308 96 36 non
213 1308 110 36 plus
282 1308 165 36 probant,
406 1308 110 36 quam
475 1308 110 36 quod
543 1308 124 36 inter
612 1308 110 36 partes

161 1339 118 42 entis
239 1339 210 42 consideratas
410 1339 65 42 a
436 1339 131 42 Metaph
528 1339 183 42 substantia
659 1339 65 42 est

170 1376 197 43 principalius
330 1376 185 43 considerata
478 1376 111 43 ipsis
539 1376 185 43 accidentibus,

166 1411 97 42 quia
227 1411 158 42 praecedit
348 1411 73 42 ea
384 1411 194 42 definitione,
542 1411 146 42 tempore,
651 1411 61 42 &
663 1411 61 42 con

165 1440 148 46 gnitione,
278 1440 57 46 &
301 1440 102 46 inter
369 1440 182 46 substantias,
517 1440 159 46 substantia
631 1440 91 46 abstra

167 1475 83 46 cta
215 1475 83 46 est
262 1475 190 46 principalius
417 1475 143 46 intenta,
524 1475 95 46 quam
571 1475 155 46 sensibilis.

175 1513 111 38 Vnum
244 1513 97 38 est
300 1513 125 38 tamen
383 1513 111 38 ibi,
452 1513 111 38 quod
521 1513 152 38 videtur
618 1513 111 38 facere

170 1547 216 34 difficultatem,
350 1547 96 34 quia
410 1547 120 34 Arist.
494 1547 132 34 videtur
590 1547 108 34 velle
650 1547 72 34 diui

168 1579 112 40 dere
238 1579 140 40 Metaph
336 1579 168 40 secundum
463 1579 196 40 diuisionem
603 1579 126 40 substan

165 1615 116 36 tiae,
242 1615 64 36 &
268 1615 90 36 non
320 1615 154 36 secundum
435 1615 180 36 diuisionem
564 1615 103 36 entis.

170 1641 226 44 Respondetur,
354 1641 113 44 quod
424 1641 99 44 non
481 1641 113 44 ideo
551 1641 99 44 hoc
608 1641 141 44 facit,

173 1685 101 39 quia
236 1685 176 39 substantia
375 1685 88 39 sit
425 1685 88 39 ibi
476 1685 176 39 subiectum,
615 1685 88 39 sed
652 1685 76 39 quia

171 1710 120 49 partes
255 1710 181 49 substantiae
400 1710 84 49 ita
448 1710 72 49 se
484 1710 132 49 habent,
580 1710 96 49 quod
641 1710 84 49 vna
677 1710 48 49 po

171 1744 87 51 test
225 1744 141 51 definiri,
333 1744 54 51 &
355 1744 130 51 cognosci
452 1744 87 51 sine
507 1744 97 51 alia;
572 1744 54 51 &
593 1744 97 51 ideo,
647 1744 76 51 quod-

168 1778 83 43 tum
216 1778 83 43 est
263 1778 71 43 ex
298 1778 83 43 se,
346 1778 118 43 potest
429 1778 130 43 habere,
524 1778 166 43 speciales,
654 1778 59 43 &
666 1778 59 43 di-

164 1814 144 44 stinctos
272 1814 168 44 tractatus,
404 1814 84 44 Sed
452 1814 120 44 partes
536 1814 120 44 entis,
620 1814 108 44 prout
680 1814 48 44 di

164 1855 145 31 uiditur
269 1855 79 31 in
308 1855 210 31 substantiam,
479 1855 66 31 &
506 1855 171 31 accidens,
637 1855 92 31 non
676 1855 53 31 se

171 1883 135 36 habent
265 1883 94 36 hoc
319 1883 121 36 modo,
400 1883 94 36 nam
454 1883 162 36 accidens
575 1883 94 36 non
615 1883 108 36 potest

169 1915 147 36 definiri,
282 1915 79 36 aut
327 1915 136 36 cognosci
429 1915 91 36 sine
486 1915 170 36 substantia,
622 1915 91 36 ideo
667 1915 57 36 non

166 1951 124 45 potest
252 1951 124 45 habere
339 1951 161 45 specialem
462 1951 161 45 tractatum
574 1951 148 45 distinctum

173 1982 62 37 a
197 1982 185 37 substantiae
333 1982 136 37 tractatu.

201 2016 83 50 His
249 2016 118 50 visis,
331 2016 118 50 facile
414 2016 166 50 respodetur
544 2016 142 50 quaesito
639 2016 83 50 huius

178 2049 169 38 Articuli.
308 2049 91 38 Nam
360 2049 91 38 cum
412 2049 182 38 quaeritur,
556 2049 78 38 An
582 2049 143 38 subiectum

173 2085 127 55 Metaph
262 2085 89 55 sit
313 2085 152 55 aequalis
426 2085 139 55 ambitus
528 2085 89 55 cum
578 2085 139 55 obiecto
667 2085 63 55 non

738 174 106 64 strae
809 174 153 64 potentiae
926 174 212 64 intellectiuae,
1103 174 118 64 patet,
1185 174 94 64 quod
1232 174 59 64 non

741 227 94 43 quia
800 227 164 43 continetur
929 227 82 43 sub
976 227 129 43 obiecto
1069 227 164 43 itellectus
1187 227 105 43 nostri,

737 265 113 35 sicut
813 265 101 35 pars
876 265 88 35 sub
926 265 113 35 toto.
1002 265 76 35 Si
1040 265 101 35 enim
1103 265 151 35 obiectum
1204 265 88 35 adae-

742 297 125 39 quatum
829 297 187 39 intellectus
979 297 125 39 nostri
1066 297 87 39 est
1116 297 87 39 ens
1154 297 137 39 vniuersa-

742 332 112 37 liter
816 332 149 37 sumptum,
928 332 112 37 prout
1002 332 87 37 est
1052 332 174 37 reducibile
1188 332 74 37 in
1213 332 87 37 omnes

736 367 105 44 eius
802 367 131 44 causas
894 367 66 44 &
920 367 184 44 principia,
1064 367 171 44 subiectum
1196 367 105 44 vero
1248 367 53 44 Me

740 396 96 43 taph
800 396 84 43 est
848 396 84 43 ens
896 396 216 43 vsiiuersaliter
1075 396 144 43 sumptum,
1183 396 72 43 vt
1207 396 84 43 redum

738 430 109 52 citur
811 430 73 52 in
847 430 170 52 altissimas
981 430 122 52 causas
1066 430 134 52 tantum,
1163 430 97 52 puta
1212 430 85 52 prim-

735 463 141 53 formam,
838 463 64 53 &
863 463 103 53 vlt.
927 463 128 53 finem,
1017 463 115 53 clare
1094 463 141 53 colligi
1184 463 115 53 potest,

740 500 99 39 quod
801 500 173 39 continetur
937 500 87 39 sub
987 500 99 39 ente
1049 500 173 39 reducibili
1185 500 74 39 in
1209 500 87 39 quam-

736 534 133 39 cunque
829 534 146 39 causam,
935 534 67 39 &
962 534 186 39 principia,
1109 534 160 39 secundum
1215 534 80 39 quem

740 565 123 42 modum
822 565 123 42 ambit
904 565 259 42 considerationem
1123 565 137 42 omnium
1204 565 96 42 scien

740 600 149 43 tiarum,
849 600 68 43 &
876 600 162 43 adaequat
997 600 176 43 potentiam
1133 600 149 43 nostram
1227 600 68 43 in-

734 632 206 45 tellectiuam,
902 632 90 45 est
953 632 103 45 enim
1018 632 90 45 hoc
1069 632 116 45 magis
1134 632 167 45 vniuersale,

744 664 59 46 &
768 664 95 46 haec
815 664 95 46 satis,

784 728 308 44 ARTICVLVS
997 728 237 44 TERTIVS.

744 794 110 53 Vtrum
817 794 98 53 Deus
879 794 86 53 sub
928 794 147 53 absoluta
1038 794 135 53 ratione
1136 794 147 53 deitatis
1235 794 61 53 sit

765 835 194 53 infinitus,
917 835 69 53 &
945 835 166 53 subiectu
1070 835 83 53 in
1111 835 180 53 Theologia
1236 835 69 53 sub

868 866 101 48 tali
931 866 139 48 ratione
1020 866 139 48 absoluta,

830 1162 130 57 Vantum
921 1162 78 57 ad
960 1162 117 57 istum
1038 1162 169 57 articulum
1169 1162 156 57 spectat,

750 1201 151 49 Rdicunt
860 1201 151 49 aliqui,
970 1201 110 49 quod
1039 1201 124 49 ratio
1121 1201 165 49 deitatis
1231 1201 69 49 ab-

743 1241 150 37 solute
848 1241 150 37 sumpta
953 1241 105 37 non
1013 1241 180 37 includit
1149 1241 90 37 in
1194 1241 105 37 suo
1239 1241 60 37 in

737 1266 141 57 tellectu
843 1266 188 57 infinitatem,
995 1266 82 57 sed
1042 1266 152 57 infinitas
1159 1266 82 57 est
1194 1266 106 57 quaedam

738 1304 118 45 ratio
816 1304 104 45 sibi
869 1304 118 45 annexa.

752 1342 201 47 Contrarium
910 1342 129 47 tamen
996 1342 172 47 sustinet
1125 1342 86 47 D.
1153 1342 144 47 Aegidius

746 1374 126 47 noster
834 1374 138 47 dicens,
935 1374 101 47 quod
998 1374 113 47 magis
1074 1374 176 47 explicatur
1199 1374 101 47 infini

748 1410 89 37 tas
799 1410 127 37 nomine
888 1410 165 37 deitatis,
1014 1410 101 37 quam
1078 1410 127 37 nomine
1154 1410 139 37 infinita-

747 1440 99 46 ris;
808 1440 62 46 &
833 1440 99 46 quia
895 1440 111 46 dicta
968 1440 160 46 conclusio
1092 1440 99 46 mihi
1153 1440 136 46 videtur
1239 1440 62 46 ra-

747 1474 181 44 tionabilis,
892 1474 60 44 &
916 1474 109 44 vera,
988 1474 97 44 ideo
1049 1474 84 44 pro
1097 1474 97 44 eius
1145 1474 157 44 explicatio-

745 1508 97 48 ne,
801 1508 125 48 primo
884 1508 125 48 ponam
967 1508 111 48 eius
1036 1508 222 48 fundamentum,
1203 1508 97 48 secun

730 1543 180 37 do
820 1543 421 37 confirmabo
1121 1543 180 37 eam.

757 1576 224 44 Fundamentalis
942 1576 119 44 ratio
1021 1576 79 44 D.
1060 1576 145 44 Aegidij
1153 1576 145 44 consistit

742 1609 78 47 in
781 1609 104 47 hoc,
846 1609 104 47 quod
911 1609 104 47 haec
976 1609 91 47 duo
1028 1609 130 47 nomina
1118 1609 143 47 deitas,
1222 1609 65 47 &
1235 1609 65 47 in-

739 1646 137 43 finitas
838 1646 162 43 important
963 1646 137 43 aliquam
1062 1646 137 43 naturam
1150 1646 149 43 infinitam,

749 1679 62 40 &
773 1679 199 40 illimitatam,
935 1679 87 40 non
984 1679 112 40 tamen
1059 1679 87 40 hoc
1108 1679 186 40 significant
1245 1679 62 40 eor

741 1712 103 36 dem
800 1712 132 36 modo.
888 1712 103 36 Nam
947 1712 103 36 hoc
1005 1712 132 36 nomen
1094 1712 191 36 infinitum
1226 1712 73 36 est

743 1746 171 37 desumptum
874 1746 79 37 ex
914 1746 184 37 creaturis;
1058 1746 145 37 videmus
1164 1746 105 37 enim
1216 1746 79 37 quod

745 1781 103 33 esse
810 1781 155 33 finitum,
926 1781 65 33 &
952 1781 168 33 limitatum
1081 1781 77 33 in
1119 1781 168 33 creaturis
1235 1781 65 33 im-

749 1817 134 41 portat
842 1817 147 41 quendam
949 1817 174 41 defectum,
1083 1817 147 41 idcireo
1177 1817 120 41 assumi-

738 1850 99 44 mus
794 1850 169 44 rationes
921 1850 169 44 ipsarum,
1048 1850 70 44 &
1076 1850 211 44 attribuimus
1231 1850 70 44 eas

748 1880 92 36 Deo
800 1880 105 36 sine
866 1880 144 36 defectu
971 1880 79 36 ad
1010 1880 223 36 significandam
1180 1880 118 36 naturam

749 1915 136 38 diuinam
847 1915 172 38 infinitam,
983 1915 62 38 &
1007 1915 197 38 illimitatam,
1155 1915 148 38 sicqueper.

748 1948 120 46 modum
828 1948 201 46 negationis,
988 1948 174 46 desumendo
1122 1948 80 46 ex
1149 1948 147 46 creaturis

742 1981 221 47 significamus
922 1981 152 47 naturam
1018 1981 138 47 diuinam.

774 2015 90 41 Non
826 2015 90 41 est
877 2015 103 41 aute
941 2015 129 41 simile
1031 2015 77 41 de
1070 2015 90 41 hoc
1121 2015 129 41 nomine
1211 2015 116 41 Deus,

748 2049 113 43 quia
819 2049 184 43 praefatum
960 2049 127 43 nomen
1045 2049 99 43 non
1101 2049 99 43 est
1144 2049 155 43 assumptum

751 2084 71 54 ex
787 2084 166 54 creaturis,
917 2084 83 54 nec
965 2084 95 54 eius
1024 2084 190 54 signisicatio
1178 2084 83 54 est
1226 2084 83 54 per
1262 2084 47 54 mo
