1500 2047
99 148 362 76 IROPPOSITVM
365 148 242 76 ARGVITVR

111 214 100 63 &Itut
178 214 145 63 generatio
289 214 78 63 est
334 214 67 63 in
368 214 123 63 diuinis
457 214 78 63 cum
502 214 89 63 vero
546 214 56 63 ter

113 257 121 50 Rmino,
198 257 85 50 ita
246 257 109 50 debet
319 257 97 50 esse
380 257 85 50 cum
428 257 97 50 vero
477 257 133 50 subiecto,

111 292 84 41 quia
164 292 126 41 Vtrunque
259 292 74 41 est
301 292 63 41 de
332 292 116 41 ratione
417 292 95 41 verae
480 292 147 41 generatio¬

103 324 86 33 nis;
157 324 75 33 vel
200 324 86 33 ergo
254 324 118 33 relatio
340 324 75 33 est
383 324 75 33 ibi
426 324 140 33 subiectum
523 324 86 33 genera

114 347 113 47 tionis,
196 347 72 47 vel
237 347 134 47 essentia;
340 347 72 47 non
382 347 124 47 relatio,
474 347 82 47 quia
516 347 82 47 subie-

111 382 90 33 ctum
167 382 179 33 generationis
313 382 101 33 debet
380 382 179 33 praeexistere
514 382 90 33 genera

109 406 104 38 tioni;
181 406 115 38 relatio
265 406 94 38 autem
327 406 73 38 non
369 406 167 38 praeexistit,
504 406 83 38 quia
546 406 52 38 cum

110 440 101 37 diuina
181 440 131 37 generatio
281 440 71 37 sit
322 440 121 37 relatio,
412 440 81 37 idem
453 440 151 37 praeexisteret

108 470 80 32 sibi
158 470 90 32 ipsi,
218 470 80 32 quod
268 470 70 32 non
308 470 70 32 est
348 470 180 32 intelligibile,
498 470 80 32 ergo
538 470 70 32 essen

103 497 75 43 tia
146 497 86 43 erit
200 497 140 43 subiectum
308 497 118 43 diuinae
383 497 161 43 generationis.

129 529 187 46 RESPONDEO
272 529 86 46 in
316 529 115 46 ista
387 529 187 46 questione
517 529 86 46 tria

108 553 100 45 sunt
157 553 162 45 discutienda

132 575 60 61 1
156 575 108 61 Quae,
228 575 60 61 &
252 575 96 61 quot
312 575 96 61 sint
372 575 72 61 de
408 575 132 61 ratione
492 575 108 61 subiect

89 605 172 59 generationis

136 630 60 68 2
160 630 108 68 Vtrum
232 630 157 68 subiectum
353 630 205 68 generationis,
522 630 60 68 &
534 630 72 68 ter-

110 681 101 36 minus
177 681 124 36 possint
267 681 158 36 coincidere
391 681 68 36 in
425 681 90 36 idem
470 681 56 36 re-

131 697 57 63 3
153 697 103 63 Vtrum
222 697 115 63 diuina
303 697 138 63 essentia
406 697 80 63 sit
452 697 138 63 subiectu
544 697 57 63 ge

90 735 158 49 nerationis,

120 784 323 54 ARTICVLVS
344 784 223 54 PRIMVS.

110 817 89 56 Quot
166 817 89 56 sint
222 817 67 56 de
255 817 123 56 ratione
345 817 134 56 subiecti
434 817 168 56 generationis.

185 935 127 53 Vantum
274 935 76 53 ad
312 935 89 53 hoc
363 935 89 53 est
414 935 165 53 sciendum,
529 935 76 53 quod

143 945 69 76 de
177 945 126 76 ratione
269 945 138 76 subiecti
372 945 149 76 generonis
487 945 92 76 sunt
533 945 69 76 sex.

179 1004 97 50 Quod
239 1004 85 50 sit
288 1004 85 50 non
336 1004 97 50 ens,
396 1004 145 50 scilicet
505 1004 109 50 actu,
566 1004 36 50 v

115 1034 102 42 patet
183 1034 102 42 primo
251 1034 125 42 physic.
342 1034 57 42 &
364 1034 102 42 primo
432 1034 68 42 de
455 1034 91 42 gener-

132 1054 61 52 2
156 1054 97 52 Quod
217 1054 85 52 sit
265 1054 85 52 ens
313 1054 145 52 secundum
422 1054 169 52 potentiam,
543 1054 61 52 hoc

102 1090 109 46 patet
174 1090 121 46 eisdem
259 1090 121 46 locis.
343 1090 85 46 Nam
392 1090 109 46 sicut
464 1090 121 46 illud,
537 1090 72 46 quod

107 1121 85 45 est
155 1121 193 45 simpliciter,
312 1121 60 45 &
336 1121 145 45 secundum
445 1121 121 45 actum,
517 1121 85 45 nullo

109 1151 96 44 modo
169 1151 167 44 generatur;
300 1151 84 44 ita
348 1151 96 44 quod
408 1151 179 44 simpliciter
539 1151 60 44 non

107 1180 89 47 est,
163 1180 100 47 nullo
230 1180 89 47 modo
285 1180 134 47 generari
386 1180 123 47 potest,
475 1180 56 47 &
497 1180 89 47 ideo
542 1180 67 47 opor

105 1211 80 46 tet
150 1211 91 46 quod
207 1211 80 46 sit
252 1211 114 46 medium
332 1211 102 46 inter
400 1211 80 46 ens
446 1211 182 46 simpliciter,

109 1242 57 50 &
131 1242 79 50 non
177 1242 79 50 ens
222 1242 181 50 simpliciter,
369 1242 57 50 &
392 1242 79 50 hoc
437 1242 125 50 dicitur
528 1242 79 50 ens
562 1242 45 50 se

95 1271 151 46 cundum
185 1271 166 46 potentiam

142 1287 68 58 3
170 1287 109 58 Quod
238 1287 136 58 habeat
333 1287 150 58 annexam
428 1287 177 58 priuationem

105 1329 114 43 illius
185 1329 114 43 formae
265 1329 69 43 ad
299 1329 92 43 quam
356 1329 80 43 est
402 1329 69 43 in
436 1329 149 43 potentia,
551 1329 57 43 &
562 1329 46 43 ex

108 1359 83 35 isto
160 1359 104 35 tertio
233 1359 115 35 pendent
316 1359 83 35 illa
368 1359 73 35 duo
410 1359 177 35 praecedentia,
546 1359 52 35 te-

105 1390 76 43 ste
149 1390 152 43 philosopho
268 1390 98 43 primo
333 1390 65 43 de
365 1390 87 43 ortu
420 1390 54 43 &
441 1390 141 43 interitu,
539 1390 65 43 tex.

109 1421 76 37 II,
153 1421 76 37 vbi
196 1421 120 37 loquens
284 1421 65 37 de
316 1421 131 37 subiecto
415 1421 175 37 genetationis
545 1421 55 37 di-

102 1448 97 51 cit,
163 1448 158 51 potestate
284 1448 109 51 autem
357 1448 97 51 ens,
418 1448 97 51 actu
479 1448 109 51 autem
539 1448 61 51 non

110 1476 87 44 ens,
165 1476 120 44 necesse
252 1476 76 44 est
295 1476 120 44 propter
382 1476 163 44 priuationem
502 1476 98 44 speciei

107 1515 178 37 praeexistere
251 1515 111 37 dictum
329 1515 122 37 vtroque
418 1515 100 37 modo,
485 1515 89 37 nisi
529 1515 67 37 enim

102 1537 105 45 istud
173 1537 152 45 subiectum
290 1537 129 45 haberet
383 1537 129 45 annexam
465 1537 129 45 priuatio-

105 1574 80 38 nem
150 1574 137 38 alicuius
253 1574 126 38 formae,
345 1574 80 38 non
390 1574 103 38 esset
459 1574 69 38 in
482 1574 114 38 potentia

103 1595 72 47 ad
139 1595 96 47 eam,
199 1595 60 47 &
223 1595 84 47 per
270 1595 167 47 consequens
402 1595 84 47 non
450 1595 108 47 esset
509 1595 96 47 poten-

105 1625 80 44 tia
150 1625 92 44 ens,
208 1625 92 44 actu
265 1625 92 44 vero
322 1625 80 44 non
368 1625 92 44 ens:
425 1625 92 44 Ambo
482 1625 92 44 ergo
528 1625 69 44 illa

99 1653 108 41 insunt
175 1653 87 41 isti
229 1653 130 41 subiecto
327 1653 119 41 propter
414 1653 76 41 hoc
457 1653 130 41 tertium,
544 1653 54 41 vel

109 1689 133 49 tanquam
205 1689 84 49 per
254 1689 121 49 causam
338 1689 133 49 propter
434 1689 96 49 quam
495 1689 84 49 res
531 1689 72 49 est,

109 1715 80 49 vel
154 1715 126 49 tanquam
246 1715 80 49 per
292 1715 115 49 causam
373 1715 92 49 sine
430 1715 80 49 qua
476 1715 92 49 non¬

132 1738 60 50 4
156 1738 96 50 Quod
216 1738 179 50 subiiciatur
359 1738 84 50 non
407 1738 108 50 solum
467 1738 131 50 generatio

97 1773 79 46 ni,
142 1773 79 46 sed
187 1773 102 46 etiam
255 1773 136 46 termino.
357 1773 68 46 Et
390 1773 90 46 quod
447 1773 79 46 ita
492 1773 79 46 sit
526 1773 79 46 appa-

105 1803 89 40 ret,
161 1803 89 40 quia
217 1803 78 40 hoc
261 1803 123 40 videtur
351 1803 89 40 esse
407 1803 89 40 omni
463 1803 112 40 motui,
541 1803 56 40 &
552 1803 45 40 mu

102 1835 127 47 tationi
195 1835 139 47 commune;
299 1835 93 47 puta
357 1835 93 47 esse
415 1835 127 47 eiusdem
507 1835 116 47 ratio¬

612 156 80 66 nis
657 156 57 66 &
680 156 125 66 speciei
771 156 80 66 cum
816 156 125 66 termino
907 156 91 66 suo,
964 156 102 66 sicut
1021 156 91 66 potest

611 205 108 45 patere
687 205 65 45 ex
719 205 65 45 5.
752 205 162 45 physicorum,
881 205 54 45 &
903 205 65 45 ex
935 205 65 45 3.
968 205 86 45 erit
1022 205 86 45 ergo
1065 205 43 45 se

612 233 119 36 cundum
695 233 83 36 hoc
743 233 95 36 ipsa
803 233 155 36 generatio
922 233 131 36 eiusdem
1017 233 119 36 ratio¬

612 268 87 44 nis,
666 268 54 44 &
688 268 119 44 speciei
775 268 76 44 cum
818 268 119 44 termino
904 268 87 44 suo,
958 268 76 44 qui
1002 268 76 44 est
1034 268 76 44 forma

615 295 213 47 substantialis,
793 295 71 47 ac
828 295 83 47 per
875 295 166 47 consequens
994 295 118 47 quicquid

620 326 162 36 subijcietur
750 326 172 36 generationi,
890 326 151 36 necessario
997 326 119 36 subiicie-

616 358 75 41 tur
659 358 97 41 etiam
724 358 108 41 formae
799 358 183 41 substantiali;
950 358 151 41 quapropter
1058 358 54 41 cum

624 388 87 40 nuda
678 388 119 40 materia
765 388 76 40 sit
808 388 108 40 illud,
884 388 87 40 quod
939 388 152 40 subijcitur
1047 388 65 40 gene

616 414 126 45 rationi,
710 414 53 45 &
731 414 168 45 corruptioni,
868 414 63 45 vt
899 414 95 45 dicit
962 414 105 45 Arist.
1036 414 95 45 primo

613 445 76 44 de
651 445 127 44 gener.
740 445 101 44 quod
804 445 114 44 ipsum
880 445 89 44 vle
930 445 152 44 (propter
1032 445 76 44 quod

616 472 157 47 intelligit
739 472 135 47 materiam
840 472 112 47 nudam)
918 472 78 47 est
963 472 135 47 proprium
1053 472 56 47 sub

620 506 114 36 iectum
699 506 193 36 generationis,
859 506 57 36 &
881 506 182 36 corruptionis
1018 506 91 36 susce-

620 532 124 53 ptibile,
712 532 82 53 erit
764 532 93 53 etiam
826 532 134 53 subiectum
929 532 165 53 susceptibile
1052 532 62 53 for-

616 562 78 48 mae
649 562 167 48 substantialis

646 574 59 67 3
670 574 95 67 Quod
729 574 177 67 praeexistat
871 574 189 67 generationi,
1013 574 106 67 termino

621 624 195 41 penerationis,
781 624 57 41 &
804 624 69 41 ei
839 624 92 41 quod
896 624 161 41 generatui,
1022 624 80 41 non
1057 624 57 41 so-

622 651 87 45 lum
671 651 137 45 natura,
771 651 87 45 sed
820 651 112 45 etiam
895 651 149 45 tempore:
1006 651 87 45 nam
1044 651 74 45 quod

626 686 148 38 praeexistat
745 686 89 38 istis
804 686 99 38 tribus
873 686 99 38 ordine
942 686 109 38 naturae
1021 686 89 38 satis
1071 686 40 38 ap

627 710 108 47 paret,
703 710 86 47 quia
757 710 86 47 ista
810 710 86 47 tria
864 710 183 47 praesupponunt
1004 710 108 47 materiam

623 742 59 31 &
647 742 83 31 non
694 742 59 31 e
718 742 130 31 contra,
813 742 95 31 quod
872 742 107 31 etiam
943 742 154 31 praecedat
1062 742 83 31 eam

616 772 141 36 secundum
722 772 129 36 tempus,
816 772 94 36 leue
875 772 82 36 est
922 772 129 36 videre;
1016 772 94 36 nam,
1063 772 59 36 si-

615 809 79 31 cut
660 809 113 31 patuit
739 809 136 31 superius
841 809 68 31 ex
875 809 113 31 quarta
942 809 170 31 distinctione,

624 832 145 45 Qeneratio
735 832 78 45 est
780 832 134 45 terminus
881 832 190 45 alterationis,
1037 832 56 45 &
1048 832 67 45 ideo

619 859 99 39 illud
685 859 154 39 subiectum,
806 859 88 39 quod
861 859 77 39 est
905 859 132 39 materia,
1004 859 77 39 non
1037 859 77 39 subij

618 888 91 43 citur
678 888 161 43 generationi,
810 888 81 43 nisi
860 888 111 43 praeuia
941 888 161 43 alteratione,
1062 888 50 43 qua

622 921 124 41 quidem
709 921 162 41 alteratio
833 921 137 41 tempore
932 921 187 41 mensuratur,
1069 921 50 41 in

629 949 71 48 uo
665 949 130 48 tempore
760 949 154 48 praefatum
878 949 154 48 subiectum
997 949 83 48 non
1032 949 83 48 subij

620 983 106 30 citur
691 983 188 30 generationi,
843 983 94 30 quia
902 983 153 30 generatio
1019 983 82 30 non
1055 983 70 30 men-

618 1008 118 44 suratur
704 1008 129 44 tempore,
800 1008 75 44 sed
843 1008 139 44 instanti;
951 1008 86 44 ergo
1004 1008 96 44 istud
1058 1008 64 44 pre-

618 1046 104 37 cedit
688 1046 196 37 generationem,
849 1046 58 37 &
872 1046 81 37 per
918 1046 161 37 consequens
1033 1046 81 37 illud

619 1068 109 52 etiam
691 1068 97 52 quod
752 1068 169 52 generatur,
885 1068 85 52 nec
933 1068 85 52 non
981 1068 60 52 &
993 1068 121 52 terminum

606 1101 179 46 generationis.

653 1114 58 57 &
677 1114 104 57 Debet
746 1114 81 57 hoc
792 1114 162 57 subiectum,
919 1114 138 57 scilicet
1011 1114 104 57 materia

618 1156 84 45 sic
666 1156 168 45 praecedere
798 1156 204 45 generationem,
966 1156 60 45 &
978 1156 144 45 genetatum,

624 1190 99 44 quod
685 1190 111 44 tamen
760 1190 148 44 remaneat
871 1190 74 44 in
908 1190 148 44 generato
1007 1190 111 44 comple-

620 1214 69 46 ta
654 1214 183 46 generatione,
802 1214 126 46 tanquam
894 1214 126 46 aliquid
974 1214 148 46 essentiali-

627 1243 77 44 ter
671 1243 143 44 pertinens
781 1243 66 44 ad
814 1243 110 44 :psum,
892 1243 77 44 nam
936 1243 99 44 sicut
1002 1243 99 44 patet
1057 1243 66 44 pri-

627 1276 62 45 mo
658 1276 156 45 physicorum,
782 1276 104 45 aliter
855 1276 73 45 fit
897 1276 114 45 aliquid
980 1276 62 45 ex
1001 1276 114 45 subiecto,

622 1305 56 33 &
644 1305 113 33 aliter
723 1305 68 33 ex
757 1305 158 33 priuatione
881 1305 90 33 illa
937 1305 90 33 quae
993 1305 79 33 est
1027 1305 90 33 annexa

626 1340 86 29 nuic
680 1340 140 29 subiecto,
788 1340 86 29 quia
842 1340 129 29 priuatio
939 1340 75 29 non
982 1340 97 29 manet
1046 1340 65 29 in
1068 1340 43 29 re

622 1363 115 47 facta,
703 1363 150 47 subiectum
819 1363 92 47 vero
877 1363 127 47 remanet
969 1363 69 47 in
1004 1363 69 47 re
1027 1363 92 47 genera

619 1402 70 37 ta,
659 1402 50 37 &
679 1402 70 37 sic
718 1402 89 37 patet
778 1402 89 37 quae,
838 1402 50 37 &
858 1402 80 37 quot
907 1402 80 37 sint
957 1402 89 37 illa,
1017 1402 80 37 quae
1056 1402 50 37 re-

622 1424 140 44 quiruntur
730 1424 65 44 in
763 1424 130 44 subiecto
860 1424 184 44 generationis,
1000 1424 108 44 secundum

621 1453 88 54 quod
676 1453 66 54 in
709 1453 99 54 rebus
776 1453 122 54 nalibus
864 1453 144 54 reperitur
963 1453 133 54 generatio.

641 1498 304 66 ARTICVLVS
851 1498 234 66 SECVNDVS

618 1563 110 55 Vtrum
691 1563 159 55 subiectum
813 1563 207 55 generationis,
984 1563 61 55 &
996 1563 122 55 terminus

680 1601 126 54 possint
771 1601 161 54 coincidere
897 1601 69 54 in
932 1601 92 54 idem
978 1601 57 54 re.

719 1647 80 52 Vide
769 1647 120 52 Doctores
859 1647 90 52 supra
910 1647 100 52 citatos.

681 1683 63 40 D
707 1683 88 40 hoc
757 1683 138 40 videtur
857 1683 101 40 mihi
920 1683 163 40 dicendum,
1034 1683 75 40 quod

615 1697 160 66 terminus
734 1697 226 66 generationis,
921 1697 67 66 &
934 1697 173 66 cuiuscunque

612 1751 112 29 motus
686 1751 124 29 potest
773 1751 124 29 accipi
860 1751 124 29 duobus
947 1751 112 29 modis
1022 1751 87 29 Vno
1059 1751 50 29 mo

615 1778 62 47 do
646 1778 114 47 stricte
729 1778 52 47 &
749 1778 124 47 proprie,
843 1778 52 47 &
863 1778 73 47 sic
905 1778 73 47 nil
946 1778 93 47 aliud
1008 1778 83 47 est,
1050 1778 62 47 quam

615 1805 114 46 finis,
694 1805 125 46 propter
786 1805 91 46 quem
843 1805 114 46 motus,
923 1805 57 46 &
945 1805 148 46 generatio
1048 1805 57 46 ess

619 1839 132 49 intenta:
718 1839 77 49 quo
762 1839 88 49 fine
817 1839 121 49 habito,
904 1839 77 49 non
948 1839 121 49 amplius
1036 1839 77 49 est
1069 1839 44 49 mo
