1500 2364
202 176 91 53 nam
254 176 117 53 sicut
332 176 143 53 materia
435 176 91 53 est
487 176 78 53 in
526 176 155 53 potentia
643 176 78 53 ad
681 176 104 53 hoc,
733 176 52 53 vt

195 226 77 48 de
234 226 77 48 ea
272 226 166 48 generetur
399 226 191 48 compositum,
552 226 89 48 ita
603 226 128 48 diuina
680 226 89 48 essen

203 257 84 41 tia
251 257 84 41 est
299 257 72 41 in
335 257 156 41 potentia,
455 257 72 41 vt
492 257 72 41 de
528 257 72 41 ea
564 257 156 41 generetur
672 257 96 41 perso-

199 291 98 38 na,
255 291 154 38 quamuis
367 291 112 38 haec
437 291 168 38 potentia
564 291 168 38 secundum
676 291 98 38 ipsum

204 324 125 49 semper
292 324 88 49 sit
342 324 176 49 necessario
480 324 163 49 coniuncta
606 324 125 49 actui.
681 324 88 49 Insup

201 361 113 49 sicut
277 361 138 49 materia
377 361 113 49 habet
452 361 100 49 esse
515 361 75 49 in
553 361 163 49 composito
678 361 88 49 per
716 361 50 49 go

201 396 193 45 nerationem,
355 396 90 45 nec
407 396 116 45 tamen
484 396 167 45 generatur
613 396 116 45 (nisi
677 396 90 45 largo

206 429 162 53 loquendo
327 429 81 53 de
367 429 215 53 generatione)
542 429 94 53 sic
596 429 121 53 etiam
663 429 108 53 diuina

195 467 143 42 essentia
302 467 107 42 habet
374 467 95 42 esse
434 467 72 42 in
470 467 131 42 persona
565 467 107 42 filij
637 467 84 42 per
673 467 95 42 genera

198 501 151 37 tionem,
308 501 69 37 &
336 501 124 37 tamen
418 501 124 37 nullo
501 501 110 37 modo
556 501 165 37 generatur.

187 533 167 39 Vlterius
312 533 97 39 est
368 533 97 39 ibi
423 533 153 39 aliquid
534 533 139 39 simile
631 533 153 39 formae,
728 533 42 39 &

183 565 60 53 e
207 565 96 53 haec
267 565 84 53 est
315 565 169 53 proprietas
448 565 157 53 relatiua,
568 565 96 53 quae
629 565 108 53 sicut
689 565 84 53 forma

205 605 177 40 constituit,
347 605 59 40 &
371 605 166 40 distinguit
501 605 177 40 compositum,
643 605 83 40 ita
678 605 95 40 consti

202 639 109 39 tuit,
275 639 61 39 &
299 639 170 39 distinguit
432 639 158 39 personam.
554 639 133 39 Insuper
651 639 109 39 sicut
711 639 61 39 for

194 668 73 43 ma
230 668 85 43 per
279 668 73 43 se
316 668 85 43 non
364 668 170 43 generatur,
498 668 85 43 sed
547 668 134 43 accipit
644 668 97 43 esse
693 668 73 43 sim-

197 709 157 45 pliciter
314 709 78 45 in
354 709 170 45 composito
484 709 91 45 per
536 709 222 45 generationem:
706 709 65 45 ita

202 745 172 41 proprietas
337 745 147 41 relatiua
447 745 86 41 non
496 745 159 41 generatur
619 745 86 41 per
668 745 86 41 se,
705 745 61 41 sed

204 781 138 43 accipit
305 781 100 43 esse
368 781 188 43 simpliciter
518 781 75 43 in
556 781 138 43 persona
644 781 125 43 producta

198 814 91 41 per
250 814 221 41 generationem,
432 814 91 41 cum
484 814 91 41 non
537 814 130 41 habeat
628 814 91 41 ibi
680 814 117 41 esse,

198 837 105 50 nisi
263 837 105 50 post
329 837 222 50 generationem,
512 837 105 50 quod
577 837 91 50 non
629 837 131 50 potest
708 837 65 50 di-

198 879 71 36 ci
234 879 71 36 de
270 879 155 36 essentia,
389 879 95 36 quae
448 879 179 36 praeexistit
579 879 167 36 generationi.

239 912 169 46 Colligunt
369 912 117 46 ergo,
447 912 104 46 quod
512 912 130 46 diuina
603 912 156 46 essentia
707 912 65 46 sit

195 945 166 38 subiectum
323 945 218 38 generationis,
502 945 102 38 quia
566 945 90 38 ibi
617 945 77 38 se
656 945 115 38 habet
720 945 51 38 ad

195 975 117 53 modum
273 975 168 53 materiae;
402 975 181 53 proprietas
545 975 104 53 vero
610 975 155 53 relatiua
713 975 52 53 ad

194 1014 132 42 modum
282 1014 161 42 formae,
399 1014 117 42 quod
472 1014 161 42 probant
589 1014 102 42 per
648 1014 88 42 P.
677 1014 88 42 Aug;

200 1043 68 52 de
234 1043 91 52 Trin
291 1043 91 52 cap.
347 1043 68 52 2.
382 1043 80 52 vbi
427 1043 114 52 dicit,
507 1043 91 52 quod
563 1043 114 52 filius
643 1043 80 52 est
677 1043 91 52 sapien

194 1086 87 37 tia
243 1086 112 37 nata:
318 1086 87 37 per
368 1086 100 37 hoc,
430 1086 100 37 quod
493 1086 112 37 dicit
568 1086 187 37 sapientiam,
705 1086 62 37 in-

194 1118 197 42 telligimus
349 1118 183 42 essentiam
489 1118 169 42 communem
615 1118 155 42 tribus,
728 1118 70 42 &

197 1151 102 47 per
256 1151 205 47 consequens
417 1151 176 47 habentem
549 1151 88 47 se
592 1151 88 47 ad
636 1151 132 47 modum
709 1151 59 47 ma

202 1187 135 36 teriae,
300 1187 86 36 per
349 1187 86 36 hoc
398 1187 110 36 vero,
472 1187 98 36 quod
533 1187 110 36 dicit
607 1187 123 36 natam,
680 1187 86 36 intel

196 1220 136 37 ligimus
294 1220 198 37 proprietatem
455 1220 161 37 relatiuam
566 1220 198 37 constituentem,

203 1257 64 44 &
229 1257 219 44 distinguentem
409 1257 155 44 personam
525 1257 116 44 filij
603 1257 77 44 ab
641 1257 129 44 alijs,
731 1257 64 44 &

206 1292 90 45 per
257 1292 179 45 consequens
398 1292 153 45 habentem
513 1292 77 45 se
552 1292 77 45 ad
590 1292 115 45 modum
654 1292 115 45 formae.

231 1321 159 38 Rationes
350 1321 119 38 autem
430 1321 159 38 potiores
549 1321 133 38 istius
628 1321 146 38 opinionis

204 1359 76 39 ex
242 1359 127 39 dictis
332 1359 140 39 ipsorum
433 1359 166 39 collectae
561 1359 102 39 sunt
612 1359 127 39 quatuor.

234 1388 70 45 1
262 1388 140 45 Quando
360 1388 140 45 aliqua
458 1388 98 45 duo
514 1388 196 45 concurrunt
668 1388 84 45 ad
696 1388 70 45 con

199 1422 190 44 stitutionem
351 1422 152 44 alicuius
465 1422 139 44 tertij,
566 1422 177 44 necessario
692 1422 76 44 vnum

205 1457 116 45 eorum
282 1457 116 45 habet
359 1457 154 45 rationem
475 1457 167 45 principij
603 1457 193 45 materialis,

203 1496 67 36 &
229 1496 147 36 alterum
336 1496 174 36 formalis;
470 1496 94 36 Sed
523 1496 80 36 ad
550 1496 214 36 constitutionem

207 1534 142 43 personae
314 1534 130 43 genitae
409 1534 71 43 in
444 1534 130 43 diuinis
539 1534 154 43 concurrit
646 1534 118 43 essentia

200 1562 62 39 &
224 1562 173 39 proprietas
361 1562 161 39 relatiua;
484 1562 99 39 ergo
546 1562 87 39 vel
596 1562 149 39 essentia
695 1562 74 39 erit

194 1594 91 51 ibi
246 1594 168 51 materiale
375 1594 194 51 principium,
530 1594 65 51 &
556 1594 181 51 proprietas
685 1594 78 51 for-

195 1631 117 41 male,
273 1631 65 41 &
299 1631 91 41 sic
351 1631 169 41 habebitur
481 1631 195 41 propositum,
636 1631 91 41 vel
675 1631 91 41 essen

197 1664 88 41 tia
248 1664 101 41 erit
311 1664 139 41 formale
411 1664 189 41 principium,
563 1664 176 41 proprietas
688 1664 76 41 vero

193 1693 187 46 materiale,
340 1693 107 46 quod
407 1693 94 46 est
460 1693 214 46 impossibile,
634 1693 120 46 quia,
701 1693 67 46 cum

193 1740 165 40 principio
320 1740 140 40 formali
422 1740 127 40 semper
510 1740 190 40 attribuatur
650 1740 114 40 distin-

195 1769 108 39 ctio,
267 1769 144 39 essentia
375 1769 120 39 diuina
459 1769 108 39 esset
530 1769 168 39 principium
650 1769 108 39 distin-

197 1802 136 49 guendi,
295 1802 99 49 quod
357 1802 86 49 est
406 1802 136 49 falsum,
505 1802 148 49 sequitur
616 1802 111 49 ergo,
678 1802 86 49 essen

194 1837 104 37 tiam
259 1837 104 37 esse
324 1837 130 37 sicuti
414 1837 155 37 materia,
531 1837 65 37 &
557 1837 207 37 proprietatem
712 1837 52 37 se

200 1870 132 39 habere
292 1870 132 39 sicuti
384 1870 132 39 forma,
477 1870 66 39 &
503 1870 106 39 quia
569 1870 119 39 eadem
648 1870 92 39 est
688 1870 79 39 mate

194 1905 90 47 ria
246 1905 90 47 rei
297 1905 141 47 genitae
400 1905 64 47 &
425 1905 218 47 generationis,
605 1905 128 47 patet,
682 1905 77 47 quod

194 1941 157 39 essentia
311 1941 104 39 erit
377 1941 170 39 subiectum
507 1941 222 39 generationis:
677 1941 91 39 Minor

189 1971 192 43 conceditur
340 1971 82 43 ab
382 1971 165 43 omnibus,
505 1971 69 43 &
533 1971 124 43 Maior
615 1971 137 43 potest
697 1971 69 43 ha-

195 2005 109 39 beri
264 2005 68 39 a
291 2005 96 39 Com
346 2005 68 39 2
373 2005 82 39 de
414 2005 123 39 anima
496 2005 109 39 com.
551 2005 68 39 22.

224 2035 72 46 2
252 2035 143 46 Quando
353 2035 143 46 aliqua
453 2035 100 46 duo
510 2035 143 46 habent
610 2035 115 46 esse
682 2035 86 46 in
711 2035 57 46 re

189 2077 135 44 genita
283 2077 95 44 per
337 2077 230 44 generationem,
526 2077 95 44 ita
580 2077 81 44 vt
621 2077 108 44 vnum
675 2077 95 44 eorum

186 2108 191 60 praeexistat
339 2108 204 60 generationi,
504 2108 127 60 altero
594 2108 89 60 non
632 2108 127 60 praeexi

778 174 129 64 stente,
872 174 82 64 sed
919 174 177 64 simpliciter
1061 174 165 64 accipiente
1190 174 106 64 esse;
1261 174 118 64 illud,

785 223 105 36 quod
851 223 211 36 praeexistit,
1022 223 119 36 habet
1101 223 158 36 rationem
1206 223 145 36 materiae,

784 257 152 44 alterum
894 257 110 44 vero
963 257 152 44 formae:
1074 257 110 44 Haec
1143 257 179 44 proposito
1267 257 96 44 patet

790 292 95 47 per
845 292 95 47 id,
899 292 109 47 quod
967 292 149 47 videmus
1076 292 81 47 in
1116 292 204 47 generatione
1266 292 81 47 natu

787 324 137 49 ralium,
886 324 87 49 vbi
936 324 137 49 materia
1035 324 187 49 praeexistit
1172 324 162 49 generationi

786 358 112 49 forma
860 358 99 49 vero
922 358 186 49 simpliciter
1071 358 137 49 accipit
1171 358 99 49 esse
1233 358 87 49 per
1270 358 87 49 vene-

792 392 167 46 rationem:
920 392 103 46 Nunc
984 392 115 46 autem
1061 392 90 46 ita
1113 392 77 46 se
1151 392 128 46 habent
1228 392 128 46 essentia

793 430 66 47 &
819 430 146 47 relatio
926 430 80 47 ad
966 430 160 47 personam
1085 430 133 47 Filij,
1178 430 106 47 quod
1245 430 106 47 ambo
1298 430 53 47 ex

793 461 117 40 stunt
871 461 91 40 ibi
923 461 91 40 per
976 461 222 40 generationem,
1158 461 157 40 essentia
1263 461 91 40 tamen

786 498 195 47 praeexistit,
945 498 61 47 &
969 498 134 47 relatio
1067 498 110 47 magis
1140 498 195 47 subsequitur;
1287 498 73 47 ergo

789 531 145 49 essentia
898 531 109 49 habet
970 531 145 49 rationem
1079 531 157 49 principij
1200 531 181 49 materialis.

825 569 65 40 3
851 569 130 40 Illud,
942 569 104 40 quod
1007 569 117 40 manet
1085 569 104 40 idem
1150 569 91 40 sub
1202 569 143 40 vtroque
1293 569 65 40 ter

789 599 109 41 mino
857 599 231 41 generationis,
1048 599 122 41 habet
1130 599 163 41 rationem
1239 599 122 41 princi-

792 634 88 49 pij
842 634 188 49 materialis,
992 634 88 49 sed
1042 634 150 49 essentia
1154 634 113 49 manet
1229 634 113 49 eadem
1292 634 63 49 sub

797 669 127 48 vtroque
890 669 139 48 termino,
994 669 92 48 puta
1052 669 185 48 paternitate,
1202 669 58 48 &
1225 669 150 48 filiatio

788 703 84 53 ne;
836 703 96 53 ergo
896 703 108 53 habet
968 703 144 53 rationem
1076 703 156 53 principij
1195 703 180 53 materialis.

792 737 62 44 &
816 737 149 44 filiatio
928 737 136 44 termini
1015 737 124 44 formalis

822 755 63 56 4
848 755 151 56 Potentia
961 755 138 56 actiua,
1062 755 101 56 quae
1124 755 151 56 producit
1225 755 126 56 aliquidi

798 806 64 39 &
824 806 90 39 non
875 806 77 39 de
913 806 141 39 nihilo,
1016 806 179 39 necessario
1156 806 115 39 habet
1220 806 141 39 potentiam

793 840 166 49 passiuam
918 840 111 49 sibi
987 840 263 49 correspondentem
1209 840 83 49 in
1236 840 125 49 ratione

788 871 175 54 materialis
925 871 175 54 principij;
1062 871 87 54 Sed
1112 871 112 54 Pater
1186 871 75 54 in
1224 871 137 54 diuinis
1311 871 50 54 ha

788 907 98 54 bet
844 907 181 54 potentiam
983 907 167 54 actiuam,
1109 907 98 54 per
1165 907 112 54 quam
1221 907 140 54 producit

787 943 140 40 filium,
889 943 64 40 &
914 943 89 40 non
965 943 76 40 de
1003 943 140 40 nihilo;
1105 943 102 40 ergo
1168 943 165 40 respondet
1283 943 76 40 sibi

788 980 126 45 aliqua
877 980 152 45 potentia
991 980 139 45 passiua
1092 980 76 45 in
1130 980 139 45 ratione
1218 980 139 45 principij

798 1012 173 58 materialis;
937 1012 92 58 ista
995 1012 81 58 non
1041 1012 116 58 potest
1122 1012 92 58 esse
1180 1012 92 58 nisi
1226 1012 127 58 essentia;

793 1047 110 49 ergo
848 1047 69 49 &c.

821 1059 132 71 Siquis
913 1059 119 71 autem
992 1059 132 71 vellet
1084 1059 145 71 arguere
1190 1059 158 71 prefatam
1295 1059 66 71 opi

785 1111 145 49 nionem,
890 1111 158 49 dicendo,
1009 1111 106 49 quod
1075 1111 158 49 essentia
1194 1111 145 49 diuina,
1286 1111 66 49 cum

790 1146 91 44 sit
842 1146 117 44 purus
920 1146 130 44 actus,
1011 1146 91 44 non
1063 1146 130 44 potest
1153 1146 130 44 habere
1231 1146 130 44 rationem

797 1181 148 51 principij
911 1181 171 51 materialis.

824 1213 215 48 Respondent,
996 1213 115 48 quod
1068 1213 144 48 habere
1168 1213 172 48 nationem
1283 1213 72 48 ma-

793 1253 137 38 terialis
896 1253 149 38 principij
1010 1253 114 38 potest
1090 1253 149 38 intelligi
1204 1253 172 38 dupliciter,

789 1286 94 39 vno
842 1286 121 39 modo,
923 1286 108 39 quod
990 1286 94 39 sit
1044 1286 81 39 in
1084 1286 161 39 potentia
1205 1286 81 39 ad
1232 1286 121 39 aliquid

785 1319 165 50 absolutum
912 1319 152 50 realiter
1027 1319 191 50 distinctum,
1179 1319 76 50 vt
1217 1319 140 50 materia
1306 1319 51 50 ad

789 1354 126 40 formam
878 1354 76 40 in
916 1354 114 40 istis
991 1354 214 40 inferioribus,
1168 1354 63 40 &
1193 1354 101 40 quod
1256 1354 88 40 sic
1294 1354 63 40 est

787 1393 79 39 in
826 1393 172 39 potentia,
959 1393 146 39 nunquam
1065 1393 146 39 transit
1171 1393 79 39 ad
1210 1393 132 39 actum,
1290 1393 66 39 ni-

786 1426 81 36 si
826 1426 94 36 per
880 1426 256 36 transmutationem
1095 1426 148 36 realem,
1203 1426 94 36 hoc
1257 1426 108 36 modo
1311 1426 54 36 es

791 1459 131 40 sentia
883 1459 131 40 diuina
975 1459 92 40 non
1027 1459 118 40 habet
1106 1459 157 40 rationem
1211 1459 144 40 materiae;

793 1492 107 37 Alio
860 1492 107 37 modo
927 1492 107 37 quod
994 1492 94 37 sit
1047 1492 80 37 in
1088 1492 161 37 potentia
1208 1492 80 37 ad
1235 1492 121 37 aliquod

790 1527 170 46 distinctum
924 1527 73 46 ab
960 1527 73 46 ea
996 1527 97 46 sola
1057 1527 146 46 ratione,
1167 1527 109 46 sicut
1239 1527 109 46 genus
1300 1527 61 46 est

783 1561 80 37 in
823 1561 159 37 potentia
942 1561 80 37 ad
982 1561 225 37 differentias,
1167 1561 133 37 quarum
1247 1561 106 37 nullam

783 1595 112 38 habet
857 1595 112 38 actu,
932 1595 87 38 sed
982 1595 112 38 solum
1056 1595 162 38 potentia,
1181 1595 75 38 vt
1218 1595 112 38 dicit
1280 1595 75 38 Por-

796 1629 158 40 phyrius,
914 1629 66 40 &
940 1629 92 40 hoc
993 1629 79 40 vt
1032 1629 158 40 transeat
1151 1629 79 40 ad
1190 1629 131 40 actum,
1269 1629 92 40 debet

788 1669 196 34 transmutari
945 1669 131 34 saltem
1037 1669 157 34 secundum
1155 1669 170 34 rationem:
1272 1669 79 34 lsto

793 1698 117 39 etiam
871 1698 104 39 modo
936 1698 130 39 diuina
1027 1698 156 39 essentia
1143 1698 91 39 non
1195 1698 117 39 habet
1260 1698 91 39 ratio

792 1732 92 42 nem
844 1732 184 42 materialis
989 1732 184 42 principij,
1133 1732 105 42 quia
1199 1732 131 42 semper
1277 1732 79 42 actu

789 1766 120 45 habet
869 1766 120 45 omnes
949 1766 200 45 relationes.
1109 1766 120 45 Datur
1189 1766 107 45 ergo
1243 1766 120 45 tertius

779 1799 131 40 modus,
870 1799 91 40 quo
923 1799 144 40 aliquid
1027 1799 144 40 dicitur
1132 1799 78 40 in
1171 1799 157 40 potentia
1289 1799 91 40 non

778 1835 85 38 ad
820 1835 156 38 aliquod
934 1835 198 38 absolutum,
1090 1835 99 38 sed
1146 1835 85 38 ad
1175 1835 184 38 respectiuum

784 1870 191 42 distinctum
934 1870 109 42 sola
1002 1870 163 42 ratione,
1125 1870 191 42 coniunctum
1261 1870 95 42 tamen

786 1903 146 37 semper
888 1903 175 37 secundum
1020 1903 146 37 actum,
1122 1903 102 37 ita
1180 1903 87 37 vt
1224 1903 160 37 nunquam

787 1938 147 43 transeat
897 1938 73 43 de
933 1938 147 43 potentia
1043 1938 73 43 ad
1080 1938 122 43 actum,
1166 1938 86 43 non
1215 1938 86 43 per
1251 1938 98 43 aliqun

785 1971 243 39 transmutationem
990 1971 90 39 rei
1041 1971 90 39 vel
1093 1971 167 39 rationis,
1221 1971 64 39 &
1246 1971 103 39 isto
1298 1971 51 39 mo

776 2004 81 40 do
817 2004 149 40 dicunt,
925 2004 95 40 non
979 2004 176 40 repugnare
1114 2004 149 40 diuinae
1209 2004 135 40 naturae.

783 2039 152 44 quamuis
894 2039 97 44 sit
949 2039 125 44 purus
1032 2039 139 44 actus,
1129 2039 139 44 habere
1213 2039 139 44 rationem

782 2071 172 44 materialis
917 2071 172 44 principij,
1052 2071 61 44 &
1076 2071 98 44 esse
1137 2071 74 44 in
1174 2071 147 44 potentia
1272 2071 74 44 sem-

790 2109 92 54 per
842 2109 170 54 coniuncta
960 2109 105 54 actui.
