1500 2027
124 137 192 60 generationis,
282 137 79 60 sed
327 137 169 60 simpliciter
462 137 147 60 terminum,
564 137 56 60 pro

118 192 82 33 qua
165 192 117 33 maxime
247 192 128 33 faciunt
340 192 128 33 quinque
422 192 128 33 rationes.

153 220 56 38 1
175 220 113 38 Illud,
254 220 90 38 quod
311 220 79 38 est
356 220 158 38 formaliter
480 220 135 38 terminus
570 220 45 38 ge

129 249 152 33 nerationis,
250 249 71 33 non
291 249 101 33 potest
362 249 81 33 esse
412 249 81 33 eius
463 249 142 33 subiectum,
574 249 71 33 sed

119 279 133 34 essentia
219 279 77 34 est
263 279 133 34 formalis
362 279 133 34 terminus
451 279 155 34 generationis

116 307 93 38 ergo
175 307 82 38 &c.
221 307 105 38 Minor
291 307 105 38 patet
361 307 70 38 ex
396 307 163 38 quaestione
512 307 105 38 praece-

124 336 117 39 dente,
206 336 106 39 Maior
277 336 153 39 probatur,
394 336 94 39 quia
453 336 141 39 videtur,
547 336 70 39 quod

119 367 162 37 subiectum,
247 367 58 37 &
270 367 139 37 terminus
374 367 185 37 generationis
524 367 81 37 non
559 367 58 37 pos

128 398 92 28 sint
185 398 161 28 coincidere
311 398 69 28 in
346 398 103 28 idem,
414 398 57 28 &
437 398 115 28 maxime
518 398 69 28 in
541 398 80 28 propo

122 423 97 39 sito;
187 423 75 39 nam
230 423 65 39 si
262 423 129 39 essentia
359 423 108 39 diuina
434 423 97 39 esset
488 423 129 39 subiectum,

123 451 57 39 &
145 451 136 39 terminus
248 451 193 39 generationis,
407 451 91 39 tunc
463 451 114 39 filius
532 451 80 39 habe-

116 483 86 35 ret
165 483 86 35 eam
214 483 124 35 duobus
301 483 124 35 modis,
387 483 74 35 vt
424 483 173 35 subiectum,
560 483 62 35 &
573 483 49 35 vt

124 516 150 30 terminum,
239 516 92 30 quod
296 516 81 30 non
342 516 81 30 est
388 516 161 30 possibile,
515 516 92 30 quia
561 516 58 30 cum

120 544 120 37 vterque
208 544 98 37 modus
273 544 120 37 habendi
361 544 77 37 eam
404 544 77 37 sit
448 544 153 37 perfectus,
557 544 66 37 cir-

122 573 178 30 cumscripto
262 573 89 30 vno
313 573 140 30 illorum
414 573 140 30 modorum
516 573 89 30 per
554 573 63 30 im-

125 604 151 33 possibile,
244 604 97 33 adhuc
308 604 119 33 haberet
395 604 75 33 eam
438 604 140 33 perfecte,
545 604 54 33 &
556 604 54 33 es-

121 637 82 33 set
168 637 152 33 perfectus
285 637 105 33 Deus,
355 637 58 33 &
379 637 82 33 per
425 637 164 33 consequens
542 637 82 33 alter

119 660 134 40 modorum
216 660 207 40 superflueret,
386 660 85 40 vel
435 660 122 40 nullus
508 660 109 40 illorum

125 690 98 39 esset
180 690 131 39 perfectus.

139 720 57 42 2
161 720 69 42 Si
196 720 114 42 diuina
276 720 137 42 essentia
379 720 103 42 esset
447 720 149 42 subiectum
550 720 69 42 gene

117 748 142 38 rationis,
227 748 77 38 vel
270 748 77 38 hoc
314 748 110 38 esset,
391 748 99 38 prout
457 748 110 38 ihabet
533 748 88 38 esse
577 748 44 38 in

122 780 103 39 patre,
194 780 72 39 vel
235 780 93 39 prout
297 780 93 39 habet
359 780 83 39 esse
411 780 62 39 in
442 780 103 39 filio,
514 780 72 39 vel
555 780 62 39 in
576 780 41 39 v-

120 815 123 33 troque,
209 815 78 33 vel
254 815 112 33 tandem
333 815 67 33 in
366 815 123 33 omnibus
456 815 112 33 tribus
523 815 90 33 perso-

116 843 90 34 nis:
172 843 79 34 non
217 843 102 34 prout
285 843 79 34 est
330 843 68 34 in
364 843 113 34 patre,
443 843 90 34 quia
499 843 90 34 isto
544 843 68 34 modo

120 872 73 32 est
161 872 125 32 formalis
255 872 93 32 ratio
317 872 135 32 generandi
421 872 62 32 in
452 872 83 32 ipso
504 872 104 32 patre,
566 872 52 32 nec

118 901 93 38 prout
180 901 72 38 est
221 901 62 38 in
252 901 103 38 filio,
324 901 83 38 quia
376 901 72 38 sic
418 901 72 38 est
459 901 124 38 formalis
542 901 72 38 termi

117 930 77 35 nus
161 930 188 35 generationis;
316 930 77 35 nec
360 930 100 35 etiam
427 930 100 35 prout
493 930 100 35 habet
549 930 66 35 esse

117 959 68 32 in
151 959 125 32 Spiritu
241 959 125 32 Sancto,
332 959 91 32 quia
388 959 91 32 tunc
445 959 68 32 in
479 959 125 32 Spiritu
558 959 57 32 San

118 990 79 31 cto
163 990 102 31 esset
231 990 147 31 subiectum
332 990 170 31 generationis.

150 1020 58 33 3
174 1020 117 33 Illud,
256 1020 58 33 a
279 1020 82 33 quo
326 1020 164 33 excluditur
454 1020 105 33 causa
513 1020 105 33 materia

117 1046 82 37 lis
164 1046 141 37 secundum
270 1046 106 37 totum
341 1046 94 37 suum
399 1046 118 37 genus,
482 1046 82 37 non
517 1046 94 37 potest

118 1078 119 36 aliquo
202 1078 95 36 modo
261 1078 119 36 habere
345 1078 143 36 rationem
452 1078 155 36 principij
559 1078 60 36 ma-

124 1108 139 37 terialis;
231 1108 107 37 Diuina
306 1108 129 37 essentia
403 1108 75 37 est
446 1108 150 37 huiusmodi;
553 1108 64 37 ergo

117 1138 82 29 &c.
164 1138 105 29 Maior
234 1138 82 29 est
281 1138 105 29 nota;
351 1138 58 29 &
374 1138 105 29 Minor
444 1138 152 29 probatur,
549 1138 70 29 quia

124 1167 159 32 causalitas
249 1167 102 32 entis
317 1167 159 32 materialis
442 1167 136 32 secundum
533 1167 80 32 totum

115 1198 97 37 suum
175 1198 109 37 genus
248 1198 133 37 videtur
344 1198 109 37 magis
417 1198 121 37 dicere
489 1198 121 37 imperfe-

121 1227 143 38 ctionem,
228 1227 95 38 quam
288 1227 203 38 perfectionem,
455 1227 83 38 cum
503 1227 83 38 non
538 1227 72 38 pos-

124 1256 78 34 sit
168 1256 100 34 fieri
235 1256 67 34 in
268 1256 78 34 suo
312 1256 111 34 genere
390 1256 133 34 reductio
490 1256 67 34 ad
512 1256 100 34 aliquod

133 1288 145 36 rincipium
245 1288 168 36 simpliciter
379 1288 156 36 perfectum,
501 1288 101 36 sicut
557 1288 56 36 sit

124 1322 64 34 in
156 1322 140 34 quocumque
264 1322 86 34 alio
317 1322 107 34 genere
393 1322 140 34 causarum,
500 1322 97 34 sicut
554 1322 64 34 ergo

120 1345 134 33 videmus,
220 1345 89 33 quod
276 1345 123 33 ratione
366 1345 112 33 istius
444 1345 168 33 reductionis
567 1345 45 33 im

119 1374 131 42 perfecti
217 1374 66 42 ad
250 1374 153 42 perfectum,
371 1374 109 42 primum
447 1374 153 42 efficiens,
556 1374 55 42 tan

123 1407 96 40 quam
183 1407 108 40 summe
255 1407 168 40 perfectum,
387 1407 144 40 excludit
495 1407 60 40 a
519 1407 84 40 se,
567 1407 60 40 &
579 1407 36 40 a

115 1436 80 31 sua
160 1436 125 31 actione
251 1436 68 31 ad
285 1436 102 31 extra
353 1436 102 31 totum
422 1436 102 31 genus
490 1436 114 31 causae
558 1436 57 31 ma-

121 1463 132 35 terialis,
222 1463 61 35 vt
253 1463 91 35 patet
314 1463 61 35 in
344 1463 142 35 creatione;
456 1463 71 35 ita
486 1463 122 35 necessario

122 1495 128 37 videtur
215 1495 151 37 dicendum,
332 1495 93 37 quod
390 1495 116 37 primum
471 1495 163 37 producens,

114 1526 82 37 cum
161 1526 82 37 sit
208 1526 105 37 summe
278 1526 164 37 perfectum,
407 1526 140 37 excludat
512 1526 59 37 a
536 1526 82 37 se,
571 1526 35 37 &

114 1554 58 35 a
138 1554 81 35 sua
184 1554 174 35 productione
323 1554 70 35 ad
358 1554 104 35 intra
427 1554 104 35 totum
497 1554 104 35 genus
555 1554 58 35 cau

117 1584 74 32 sae
160 1584 159 32 materialis,
287 1584 53 32 &
308 1584 74 32 sic
351 1584 64 32 in
383 1584 159 32 productione
510 1584 106 32 diuina
574 1584 42 32 ni

117 1612 75 39 hil
160 1612 96 39 erit,
224 1612 86 39 quod
278 1612 64 39 se
310 1612 107 39 habeat
385 1612 64 39 vt
407 1612 96 39 materia

148 1643 53 39 4
170 1643 107 39 Illud,
244 1643 64 39 de
276 1643 96 39 cuius
340 1643 117 39 ratione
425 1643 75 39 est
468 1643 85 39 esse
521 1643 64 39 in
542 1643 75 39 poten

119 1671 95 36 tia,
178 1671 119 36 omnino
261 1671 166 36 remouendum
392 1671 83 36 est
439 1671 59 36 a
463 1671 119 36 diuina
534 1671 83 36 essen

121 1704 83 32 tia,
172 1704 83 32 quae
224 1704 73 32 est
266 1704 93 32 purus
328 1704 104 32 actus,
401 1704 73 32 Sed
442 1704 62 32 de
473 1704 114 32 ratione
546 1704 62 32 prin

121 1734 93 33 cipij
183 1734 145 33 materialis
296 1734 72 33 est
338 1734 83 33 esse
389 1734 62 33 in
420 1734 124 33 potentia
503 1734 103 33 respectu

121 1761 102 33 eius,
189 1761 102 33 cuius
257 1761 80 33 est
302 1761 170 33 principium,
439 1761 80 33 vel
473 1761 136 33 subiectum;

128 1792 83 40 ergo
180 1792 52 40 a
201 1792 115 40 diuinis
284 1792 73 40 hoc
326 1792 73 40 est
367 1792 156 40 simpliciter
482 1792 125 40 remouendum

148 1822 56 43 3
170 1822 68 43 Si
204 1822 68 43 in
238 1822 113 43 diuina
317 1822 169 43 generatione
452 1822 101 43 esset
509 1822 101 43 aliquod

640 151 161 47 principium
767 151 150 47 materiale
882 151 150 47 passiuum,
998 151 104 47 sicut
1055 151 81 47 poni-

642 196 82 34 tur
689 196 165 34 principium
819 196 141 34 actiuum,
924 196 59 34 &
948 196 188 34 productiuum,
1089 196 47 34 se

643 226 141 35 queretur,
752 226 87 35 quod
806 226 98 35 esset
871 226 76 35 ibi
915 226 109 35 aliqua
991 226 120 35 relatio
1067 226 76 35 prin-

643 253 93 35 cipij
704 253 103 35 actiui
777 253 62 35 ad
807 253 93 35 illud
869 253 144 35 principium
983 253 124 35 passiuum
1065 253 72 35 prae-

635 289 122 35 cedens
720 289 170 35 relationem
854 289 146 35 producti
963 289 73 35 ad
987 289 146 35 productum;

641 315 95 37 quod
701 315 83 37 est
748 315 131 37 falsum.
843 315 190 37 Consequentia
997 315 131 37 videtur
1081 315 59 37 no-

637 344 80 37 ta,
682 344 92 37 quia
740 344 92 37 quod
797 344 160 37 producitur
923 344 183 37 praesupponit
1060 344 69 37 natu

643 374 104 30 talem
713 374 185 30 habitudinem,
863 374 58 30 &
886 374 220 30 approximationem
1060 374 69 30 prin

639 400 93 39 cipij
701 400 104 39 actiui
773 400 62 39 ad
804 400 145 39 principium
918 400 135 39 passiuum,
1022 400 62 39 si
1053 400 62 39 ad
1074 400 62 39 suam

644 436 190 27 productionem
798 436 95 27 ambo
857 436 166 27 necessario
976 436 154 27 concurrant.

640 456 95 39 Probo
704 456 158 39 falsitatem,
830 456 84 39 quia
882 456 116 39 relatio
967 456 158 39 praecedens,
1082 456 53 39 vel

640 493 89 34 esset
699 493 108 34 realis,
778 493 69 34 vel
817 493 128 34 rationis;
916 493 69 34 non
955 493 108 34 realis,
1034 493 79 34 quia
1073 493 59 34 tumc

641 523 63 33 in
672 523 136 33 principio
776 523 157 33 productiuo,
901 523 83 33 quod
954 523 73 33 est
995 523 104 33 pater,
1058 523 73 33 esset

637 548 113 40 aliqua
716 548 125 40 relatio
807 548 113 40 realis
886 548 159 40 praecedens
1000 548 136 40 relationem

638 575 181 39 paternitatis,
787 575 85 39 quod
840 575 74 39 est
883 575 117 39 falsum:
968 575 74 39 non
1010 575 138 39 rationis,

643 611 85 33 quia
696 611 106 33 illud,
771 611 85 33 quod
824 611 74 33 est
866 611 85 33 vere
919 611 106 33 reale,
993 611 74 33 non
1025 611 106 33 praeexi-

637 641 72 37 git
678 641 83 37 ante
730 641 62 37 se
761 641 103 37 ordine
833 641 145 37 essentiali
947 641 114 37 aliquid
1020 641 103 37 rationis

635 664 75 46 cum
678 664 85 46 ergo
731 664 85 46 illa
784 664 138 46 productio
891 664 75 46 sit
933 664 117 46 realis,
1019 664 75 46 non
1050 664 75 46 requi

633 696 74 32 rit
675 696 84 32 ante
727 696 63 32 se
759 696 147 32 necessario
874 696 147 32 relationem
990 696 137 32 rationis,
1095 696 53 32 &

638 726 83 38 per
686 726 166 38 consequens
816 726 83 38 non
863 726 83 38 est
911 726 83 38 ibi
958 726 142 38 ponendum
1053 726 71 38 ali-

641 756 95 34 quid
701 756 131 34 tanquam
796 756 166 34 principium
914 756 143 34 materiale-

657 784 96 36 Hanc
717 784 156 36 opinionem
837 784 84 36 non
885 784 120 36 teneo,
970 784 132 36 idcirco
1054 784 72 36 con-

640 818 82 34 tra
687 818 82 34 eam
734 818 140 34 ostendam
839 818 117 34 primo,
921 818 129 34 diuinam
1003 818 129 34 essentiam

635 847 89 31 esse
691 847 145 31 subiectum
802 847 189 31 generationis,
958 847 78 31 non
1002 847 100 31 tamen
1058 847 67 31 sicu

630 874 70 40 ti
665 874 128 40 ponebat
758 874 116 40 opinio
840 874 151 40 improbata
956 874 151 40 superius,
1060 874 70 40 dein

633 902 65 40 de
666 902 108 40 soluam
742 902 98 40 istas
796 902 119 40 rationes.

666 930 81 41 Pro
713 930 104 41 primo
782 930 81 41 est
828 930 208 41 intelligendum,
1001 930 127 41 diuinam
1082 930 46 41 es

631 962 118 36 sentiam
717 962 86 36 esse
771 962 140 36 subiectum
878 962 182 36 generationis,
1028 962 97 36 posse
1082 962 43 36 in

631 993 124 39 telligi
721 993 168 39 dupliciter,
855 993 79 39 vno
900 993 90 39 modo
957 993 90 39 quod
1013 993 112 39 habeat
1080 993 45 39 in

629 1022 67 37 se
662 1022 101 37 omnes
730 1022 168 37 conditiones
864 1022 146 37 subiecti,
976 1022 56 37 &
987 1022 135 37 materialis

639 1050 148 36 principij,
756 1050 64 36 vt
788 1050 138 36 reperitur
894 1050 64 36 in
926 1050 170 36 naturalibus,
1063 1050 53 36 &
1074 1050 53 36 sic

630 1088 147 34 concedo,
740 1088 98 34 quod
801 1088 86 34 non
850 1088 122 34 habeat
935 1088 147 34 rationem
1033 1088 98 34 subie-

633 1110 89 40 cti,
689 1110 89 40 quia
745 1110 78 40 non
789 1110 101 40 habet
857 1110 101 40 omnes
924 1110 101 40 illas
980 1110 145 40 conditiones

632 1142 152 34 materialis
751 1142 152 34 principij,
870 1142 87 34 quae
924 1142 119 34 fuerunt
1011 1142 119 34 positae
1087 1142 43 34 in

637 1171 101 41 primo
704 1171 135 41 articulo
805 1171 101 41 huius
872 1171 179 41 quaestionis,
1018 1171 90 41 puta
1063 1171 67 41 quod

633 1202 75 35 non
676 1202 75 35 sit
719 1202 75 35 ens
762 1202 96 35 actu,
826 1202 75 35 sed
868 1202 139 35 potentia,
975 1202 86 35 quod
1018 1202 107 35 subiicia

635 1232 80 38 tur
680 1232 182 38 generationi,
828 1232 57 38 &
851 1232 125 38 termino
943 1232 91 38 suo,
1000 1232 91 38 quia
1045 1232 80 38 quic-

630 1257 94 42 quid
689 1257 82 42 sit
736 1257 71 42 de
771 1257 176 42 generatione
912 1257 118 42 saltem
995 1257 82 42 non
1030 1257 94 42 potest

630 1290 115 31 subiici
713 1290 115 31 termino
797 1290 115 31 ipsius,
881 1290 136 31 alioquin,
986 1290 73 31 cum
1028 1290 84 31 ipsa
1070 1290 52 31 sit

635 1320 124 40 terminus
728 1320 176 40 generationis,
873 1320 166 40 subiiceretur
1008 1320 83 40 sibi
1049 1320 73 40 ipsi;

625 1354 91 33 nec
677 1354 117 33 habet
755 1354 142 33 quartam
858 1354 91 33 per
910 1354 117 33 omnem
988 1354 129 33 modum,
1065 1354 65 33 sci

630 1378 98 38 licet
695 1378 87 38 quod
749 1378 163 38 praeexistat
880 1378 174 38 generationi,
1010 1378 119 38 generato,

631 1407 60 41 &
655 1407 131 41 termino
750 1407 190 41 generationis
905 1407 131 41 natura,
1000 1407 60 41 &
1012 1407 119 41 tempore,

627 1438 134 37 siquidem
727 1438 101 37 nulla
795 1438 101 37 talis
862 1438 145 37 prioritas
974 1438 145 37 reperitur
1074 1438 45 37 in

630 1467 79 42 Deo
675 1467 136 42 respectu
777 1467 102 42 eorum
845 1467 91 42 quae
902 1467 91 42 sunt
959 1467 68 42 ad
993 1467 113 42 intra,
1061 1467 68 42 bene

628 1500 104 38 tamen
698 1500 58 38 i
721 1500 93 38 abet
779 1500 128 38 quintam
872 1500 174 38 conditionem
999 1500 128 38 subiecti,

632 1527 90 39 vt
677 1527 165 39 patebit
782 1527 165 39 inferius.

652 1552 94 41 Alio
711 1552 94 41 modo
770 1552 118 41 potest
852 1552 165 41 intelligi,
982 1552 94 41 quod
1029 1552 94 41 diuina

631 1584 127 39 essentia
727 1584 74 39 sit
769 1584 138 39 subiectum
875 1584 180 39 generationis,
1023 1584 85 39 quia
1065 1584 53 39 ha-

625 1613 88 40 bet
676 1613 138 40 aliquas
776 1613 113 40 harum
851 1613 200 40 conditionum,
1013 1613 88 40 per
1051 1613 75 40 quas

626 1644 106 41 habet
697 1644 201 41 similitudinem
863 1644 83 41 cum
910 1644 142 41 subiecto
1017 1644 71 41 in
1040 1644 83 41 rebus

635 1677 174 31 naturalibus;
777 1677 54 31 &
798 1677 76 31 sic
842 1677 131 31 concedo,
940 1677 87 31 quod
994 1677 76 31 sit
1027 1677 87 31 subie-

633 1706 93 38 ctum
691 1706 197 38 generationis;
854 1706 81 38 nam
900 1706 104 38 sicut
970 1706 81 38 non
1005 1706 116 38 obstante

644 1735 77 36 uod
688 1735 110 36 desint
765 1735 88 36 illi
819 1735 120 36 aliquae
907 1735 164 36 conditiones
1027 1735 99 36 termini

629 1767 176 40 generationis
772 1767 99 40 prout
838 1767 143 40 reperitur
949 1767 143 40 generatio
1059 1767 66 40 in
1081 1767 44 40 in

629 1792 164 31 ferioribus,
760 1792 131 31 concedit
858 1792 98 31 tamen
924 1792 87 31 ista
978 1792 120 31 opinio,
1055 1792 65 31 quod

633 1822 86 45 vere
687 1822 75 45 sit
730 1822 129 45 termiuus
827 1822 129 45 formalis
924 1822 172 45 generationis
1053 1822 65 45 pro
