1500 2061
111 165 85 50 tunc
164 165 180 50 contradicitur
312 165 116 50 rationi
397 165 127 50 superius
492 165 116 50 factae,
566 165 42 50 in

111 209 80 36 qua
156 209 114 36 dictum
236 209 92 36 est,
294 209 92 36 quod
351 209 80 36 non
397 209 69 36 se
431 209 103 36 habet
500 209 69 36 vt
522 209 92 36 princi

119 238 89 32 pium
175 238 145 32 materiale
286 238 134 32 respectu
386 238 78 32 rei
431 238 156 32 generatae,
542 238 67 32 quia

110 269 87 40 tunc
164 269 119 40 relatio
251 269 119 40 caderet
338 269 65 40 in
370 269 119 40 ratione
457 269 141 40 principij
555 269 54 40 for

105 301 113 33 malis:
184 301 68 33 si
217 301 101 33 autem
285 301 124 33 dicatur
375 301 146 33 secundum,
487 301 90 33 tunc
532 301 79 33 ratio

114 327 78 34 non
158 327 78 34 est
203 327 67 34 ad
236 327 167 34 propositum,
370 327 89 34 quia
426 327 78 34 per
470 327 78 34 eam
515 327 78 34 non
548 327 56 34 con

110 363 166 28 cluderetur,
243 363 144 28 essentiam
354 363 89 28 esse
409 363 144 28 subiectum
520 363 78 28 sed
554 363 55 28 so-

115 388 83 41 lum
163 388 95 41 esse
222 388 143 41 terminum
317 388 131 41 formalem.

139 413 196 47 Respondetur,
298 413 98 47 quod
359 413 196 47 argumentatio
506 413 110 47 peccat.

113 447 79 42 per
158 447 147 42 fallaciam
271 447 192 42 consequentis,
429 447 90 42 quia
486 447 136 42 procedit
576 447 34 42 a

113 479 111 37 tribus
191 479 111 37 causis
268 479 144 37 Veritatis
380 479 67 37 ad
413 479 89 37 duas
469 479 122 37 tantum,
546 479 67 37 quod

113 505 133 45 patet,
206 505 119 45 quia,
285 505 146 45 diuinam
391 505 173 45 essentiam
511 505 106 45 manere

121 540 58 33 in
150 540 87 33 filio
209 540 107 33 genito,
287 540 97 33 potest
355 540 126 33 intelligi
452 540 156 33 tripliciter;
568 540 49 33 vno

115 566 92 34 modo
173 566 69 34 vt
208 566 162 34 principium
335 566 150 34 materiale
439 566 173 34 constitutiuum

116 595 111 42 filij,
193 595 89 42 alio
249 595 89 42 modo
304 595 66 42 vt
337 595 155 42 principium
459 595 155 42 materiale,
581 595 55 42 &

117 626 66 35 vt
150 626 144 35 subiectum
261 626 122 35 ratione
349 626 188 35 proprietatis;
504 626 111 35 tertio
571 626 44 35 mo

110 655 80 42 do,
155 655 69 42 vt
190 655 138 42 formalis
293 655 138 42 terminus
396 655 172 42 acquisitus;
522 655 92 42 primum

108 687 111 42 modum
182 687 87 42 non
231 687 149 42 admitto,
343 687 99 42 quia
405 687 99 42 mihi
454 687 161 42 contradice-

111 713 91 41 rem,
168 713 103 41 alios
236 713 91 41 duos
293 713 137 41 concedo,
396 713 103 41 &dico
465 713 91 41 quod
522 713 69 41 ad
544 713 69 41 hoc,

121 745 61 37 vt
151 745 82 37 illa
202 745 92 37 ratio
264 745 163 37 sufficienter
396 745 133 37 concludat
488 745 133 37 propositum,

116 774 145 42 sufficit,
228 774 123 42 diuinam
317 774 145 42 essentiam
429 774 112 42 manere
507 774 67 42 in
541 774 67 42 re
563 774 56 42 ge-

118 807 98 37 nita,
183 807 65 37 vt
216 807 152 37 principium
335 807 141 37 materiale
443 807 87 37 suae
487 807 130 37 proprieta-

121 836 87 36 tis,
176 836 87 36 dato
230 836 87 36 quod
285 836 76 36 sit
328 836 153 36 principium
448 836 120 36 formale
525 836 87 36 respe-

122 864 79 36 ctu
167 864 113 36 filij,
246 864 90 36 quia
302 864 90 36 haec
358 864 79 36 duo
403 864 90 36 bene
459 864 124 36 possunt
538 864 79 36 stare

97 897 106 36 simul

124 920 131 38 Secunda
220 920 96 38 est,
279 920 96 38 quia
339 920 84 38 non
387 920 131 38 videtur
471 920 143 38 possibile;

118 952 128 37 aliquid
211 952 93 37 esse
269 952 151 37 subiectum
385 952 197 37 generationis,
547 952 58 37 &
559 952 58 37 non

123 982 121 38 subiici
211 982 121 38 termino
298 982 131 38 eiusdem,
397 982 88 38 quia
452 982 121 38 subiici
528 982 88 38 genera

121 1010 101 41 tioni,
192 1010 51 41 &
212 1010 112 41 termino
293 1010 71 41 est
334 1010 91 41 idem,
395 1010 71 41 hoc
435 1010 91 41 autem
496 1010 61 41 si
517 1010 101 41 concedat

117 1045 98 40 sequit
186 1045 147 40 necessario,
304 1045 79 40 quod
353 1045 118 40 essentia
441 1045 147 40 subiiciatur
549 1045 69 40 sibi-

128 1071 189 37 Respondetur,
282 1071 94 37 quod
341 1071 94 37 haec
400 1071 106 37 ratio
470 1071 83 37 est
518 1071 94 37 vera
565 1071 47 37 in

118 1101 130 36 humanis,
216 1101 76 36 vbi
259 1101 119 36 eiusdem
346 1101 130 36 rationis
443 1101 76 36 est
487 1101 119 36 subiici
563 1101 54 36 ge-

117 1134 156 35 nerationi,
239 1134 56 35 &
262 1134 134 35 termino;
362 1134 67 35 in
395 1134 123 35 diuinis
484 1134 100 35 autem
540 1134 78 35 ratio

117 1165 84 31 non
165 1165 168 31 concludit,
297 1165 96 31 quia
357 1165 84 31 non
405 1165 168 31 considerat
525 1165 96 31 totum,

120 1193 87 39 quod
174 1193 76 39 est
218 1193 65 39 de
250 1193 119 39 ratione
337 1193 173 39 generationis
477 1193 130 39 diuinae;
564 1193 54 39 nam

118 1219 64 40 de
150 1219 118 40 ratione
236 1219 139 40 generonis
343 1219 150 40 inferiorum
461 1219 75 40 est
503 1219 107 40 exitus
568 1219 53 40 for

125 1252 79 36 mae
170 1252 68 36 de
204 1252 136 36 potentia
306 1252 68 36 ad
339 1252 113 36 actum,
419 1252 57 36 &
441 1252 79 36 sic
486 1252 124 36 dicitur
565 1252 57 36 mu-

126 1278 114 43 tatio,
205 1278 68 43 in
240 1278 125 43 quantum
331 1278 91 43 vero
388 1278 80 43 est
434 1278 125 43 quaedam
513 1278 103 43 produm-

133 1314 70 36 io,
173 1314 60 36 de
203 1314 110 36 ratione
283 1314 80 36 eius
333 1314 70 36 est
373 1314 120 36 accipere
464 1314 80 36 esse
514 1314 60 36 ab
544 1314 90 36 alio,

124 1347 56 30 &
146 1347 90 30 dare
202 1347 90 30 esse
259 1347 124 30 alteri,
348 1347 90 30 quae
405 1347 79 30 duo
450 1347 90 30 sunt
494 1347 124 30 relatiua,

127 1369 81 39 Cum
174 1369 92 39 ergo
231 1369 127 39 dicitur
324 1369 92 39 idem
381 1369 81 39 est
427 1369 150 39 subiectum
531 1369 81 39 gene-

125 1399 142 37 rationis,
234 1399 55 37 &
256 1399 131 37 termini,
355 1399 98 37 dico,
420 1399 87 37 quod
475 1399 98 37 valet
530 1399 87 37 quando

130 1429 145 47 generatio
241 1429 78 47 est
286 1429 123 47 mutatio
375 1429 67 47 de
409 1429 134 47 potentia
509 1429 67 47 ad
532 1429 89 47 actum,

128 1457 65 40 si
161 1457 97 40 autem
226 1457 173 40 intelligatur
366 1457 65 40 de
399 1457 173 40 generatione,
539 1457 65 40 vt
561 1457 54 40 ess

123 1485 123 41 quaedam
212 1485 156 41 productio,
335 1485 56 41 &
357 1485 134 41 acceptio
458 1485 89 41 esse
514 1485 67 41 ab
536 1485 78 41 alio,

118 1516 78 38 sic
163 1516 101 38 nego,
230 1516 89 38 quia
286 1516 101 38 super
353 1516 78 38 hoc
397 1516 157 38 subiectum,
509 1516 112 38 scilicet

126 1554 119 34 essentia
216 1554 119 34 fundatur
305 1554 80 34 ista
355 1554 119 34 relatio,
444 1554 119 34 scilicet
524 1554 99 34 acceptio

127 1578 71 39 esse
171 1578 53 39 ab
198 1578 80 39 alio.

151 1599 124 46 Superest
243 1599 124 46 rationes
336 1599 124 46 alterius
429 1599 134 46 opinionis
522 1599 103 46 soluere-

153 1639 77 35 Ad
192 1639 128 35 primam
281 1639 102 35 dico
345 1639 141 35 negando
448 1639 154 35 maiorem,
550 1639 77 35 quia

128 1667 80 37 non
173 1667 80 37 est
219 1667 194 37 inconueniens:
379 1667 91 37 idem
436 1667 91 37 esse
481 1667 137 37 subiectum,

131 1696 56 38 &
153 1696 135 38 terminum
255 1696 192 38 generationis,
413 1696 102 38 alio,
481 1696 56 38 &
503 1696 90 38 alio
548 1696 68 38 modo

126 1728 54 33 &
148 1728 76 33 cum
191 1728 141 33 infertur,
299 1728 87 33 ergo
353 1728 108 33 filius
429 1728 119 33 habebit
505 1728 119 33 essentiam

126 1754 110 37 duobus
203 1754 110 37 modis,
279 1754 99 37 nego,
345 1754 88 37 quia
400 1754 142 37 sequitur,
509 1754 110 37 filium
575 1754 44 37 ha

124 1785 95 38 bere
184 1785 155 38 essentiam
303 1785 107 38 solum
374 1785 71 38 vt
410 1785 143 38 formalem
505 1785 119 38 terminum

124 1819 216 37 specificantem,
304 1819 60 37 &
328 1819 192 37 essentialem,
485 1819 84 37 nam
521 1819 108 37 quamuis

124 1845 122 50 essentia
215 1845 61 50 in
246 1845 92 50 filio
307 1845 71 50 sit
348 1845 92 50 quasi
409 1845 132 50 materiale
500 1845 122 50 principium

618 166 86 48 suae
672 166 182 48 proprietatis,
822 166 75 48 hoc
864 166 96 48 tamen
928 166 75 48 non
971 166 107 48 facit,
1035 166 86 48 filium

621 209 113 41 habere
700 209 147 41 essentiam
813 209 79 41 per
859 209 102 41 modum
926 209 159 41 materialis
1040 209 79 41 prin-

620 238 107 43 cipij,
695 238 75 43 sed
738 238 107 43 facit,
813 238 96 43 ipsam
877 238 139 43 essentiam
984 238 107 43 habere
1049 238 64 43 pro-

625 272 147 37 prietatem
738 272 102 37 filij
806 272 79 37 per
851 272 102 37 modum
919 272 147 37 subiecti,
1032 272 57 37 &
1044 272 79 37 funda

628 296 108 37 menti,
704 296 97 37 sicut
769 296 130 37 (exempli
866 296 119 37 gratia)
953 296 97 37 forma
1007 296 108 37 contine-

627 328 85 37 tur
676 328 73 37 in
712 328 159 37 composito
834 328 134 37 tanquam
932 328 98 37 pars
993 328 73 37 in
1018 328 85 37 toto,

627 360 58 30 &
651 360 92 30 quia
708 360 104 30 totum
777 360 138 30 continet
881 360 127 30 partes,
973 360 92 30 ideo
1019 360 104 30 dicitur

619 386 110 44 habere
696 386 110 44 illam,
773 386 66 44 vt
806 386 121 44 aliquid
895 386 154 44 contentum,
1016 386 88 44 alio
1060 386 55 44 mo-

628 417 64 43 do
660 417 96 43 forma
725 417 75 43 est
767 417 171 43 incomposito,
906 417 86 43 quia
960 417 75 43 est
1002 417 64 43 in
1024 417 96 43 materia

621 452 154 34 composit
737 452 179 34 continendo
878 452 103 34 eam,
942 452 154 34 secundum
1044 452 77 34 Com-

634 475 72 37 3.
670 475 120 37 Metaph
754 475 60 37 &
778 475 108 37 tamen
850 475 132 37 propter
945 475 84 37 hoc
993 475 84 37 non
1029 475 96 37 sequi-

634 507 93 33 tur,
692 507 93 33 quod
750 507 162 33 compositum
878 507 151 33 contineat
994 507 116 33 formam
1063 507 58 33 duo

630 538 86 36 bus
679 538 122 36 modis,
764 538 98 36 quia
825 538 122 36 primus
911 538 110 36 modus
972 538 147 36 continendi

629 567 89 41 est
680 567 165 41 composit,
807 567 152 41 secundus
920 567 101 41 vero
984 567 127 41 formae
1060 567 63 41 ad

617 594 132 39 scribitur.

659 620 71 44 Ad
695 620 142 44 secundam
802 620 107 44 dico,
873 620 95 44 quod
932 620 142 44 essentia
1027 620 95 44 diuina

633 653 128 41 proprie
726 653 139 41 loquendo
831 653 81 41 est
877 653 151 41 subiectum
982 653 139 41 generatio-

634 686 76 40 nis
678 686 98 40 nullo
743 686 120 40 illorum
830 686 130 40 modorum,
927 686 76 40 sed
971 686 98 40 prout
1036 686 76 40 est
1069 686 54 40 sub

636 715 155 44 generatione
759 715 103 44 actiua
831 715 113 44 patris,
914 715 52 44 &
935 715 113 44 passiua
1017 715 93 44 silij
1068 715 52 44 por

627 742 113 39 modum
703 742 163 39 subiecti,
828 742 63 39 &
853 742 188 39 fundamenti;
1003 742 88 39 nam
1040 742 88 39 aliud

635 777 69 41 est
675 777 128 41 essentiam
773 777 79 41 esse
822 777 59 41 in
852 777 98 41 patre,
920 777 49 41 &
940 777 98 41 filio,
1009 777 49 41 &
1029 777 98 41 aliud,
1088 777 39 41 ip

633 805 76 43 sam
677 805 87 43 esse
731 805 76 43 sub
774 805 163 43 generatione
904 805 152 43 vtriulque,
1023 805 87 43 quia
1067 805 54 43 pro

637 837 57 34 ut
665 837 67 34 est
703 837 57 34 in
732 837 95 34 patre,
798 837 48 34 &
817 837 86 34 filio
874 837 67 34 est
912 837 105 34 aliquid
988 837 124 34 alterius,
1074 837 48 34 si-

637 866 81 35 cuti
688 866 91 35 forma
748 866 71 35 est
789 866 101 35 aliqud
860 866 101 35 ipsius
931 866 132 35 composit;
1032 866 91 35 prout
1082 866 41 35 ve

637 894 63 38 ro
668 894 73 38 est
710 894 73 38 sub
752 894 157 38 generatione
878 894 115 38 actiua,
961 894 73 38 vel
1003 894 115 38 passiua
1077 894 52 38 non

632 925 73 35 est
673 925 114 35 aliquid
756 925 135 35 alterius,
860 925 73 35 sed
902 925 94 35 magis
965 925 114 35 aliquid
1037 925 94 35 alterum

639 954 71 33 est
680 954 112 33 ipsius,
761 954 81 33 quia
812 954 132 33 generatio
913 954 71 33 est
954 954 61 33 ad
985 954 132 33 essentiam
1076 954 51 33 put

630 983 70 34 ad
665 983 164 34 subiectum,
794 983 58 34 &
817 983 187 34 fundamentum,
969 983 58 34 &
992 983 93 34 ideo
1039 983 82 34 prae-

637 1014 86 31 fata
691 1014 96 31 ratio
755 1014 128 31 arguebat
851 1014 64 31 ex
883 1014 182 31 insufficienti
1022 1014 107 31 enumera-

635 1043 107 36 tione,
710 1043 53 36 &
731 1043 128 36 peccabat
827 1043 75 36 per
870 1043 139 36 fallaciam
966 1043 160 36 consequentis.

659 1070 67 38 Ad
692 1070 122 38 tertiam
781 1070 100 38 dico,
848 1070 89 38 quod
904 1070 67 38 si
937 1070 156 38 accipiamus
1048 1070 78 38 totum

633 1100 118 44 genus
712 1100 131 44 causae
804 1100 158 44 secundum
922 1100 171 44 limitatum
1040 1100 92 44 modum

636 1131 134 41 causandi
736 1131 89 41 nunc
792 1131 134 41 repertum
893 1131 67 41 in
926 1131 190 41 inferioribus,
1071 1131 56 41 sic

651 1162 83 36 Deo
698 1162 165 36 excluditur
828 1162 106 36 omnis
899 1162 165 36 causalitas
1017 1162 118 36 cuiuscun

638 1187 76 41 que
681 1187 130 41 generis,
779 1187 54 41 &
800 1187 86 41 isto
854 1187 86 41 modo
908 1187 97 41 ratio
973 1187 97 41 nihil
1027 1187 97 41 conclu-

631 1221 86 38 dit,
685 1221 64 38 si
717 1221 96 38 autem
781 1221 150 38 accipiatur
899 1221 96 38 totum
963 1221 96 38 genus
1017 1221 107 38 alicuius

638 1256 129 32 causae,
732 1256 70 32 vt
767 1256 188 32 comprehendit
920 1256 106 32 omnes
990 1256 106 32 modos
1049 1256 82 32 causa

637 1282 106 36 litatis
714 1282 134 36 existentes
820 1282 58 36 in
849 1282 77 36 illo
897 1282 96 36 genere
964 1282 115 36 proprie,
1050 1282 67 36 vel
1079 1282 48 36 si-

638 1310 190 32 militudinarie,
797 1310 74 32 sic
839 1310 95 32 dico,
903 1310 85 32 quod
956 1310 53 32 a
977 1310 74 32 Deo
1019 1310 74 32 non
1051 1310 74 32 exclu

636 1341 99 41 ditur
702 1341 121 41 aliquod
790 1341 99 41 genus
856 1341 121 41 causae,
944 1341 55 41 &
966 1341 88 41 ideo
1021 1341 66 41 in
1043 1341 88 41 propo-

642 1369 85 37 sito
695 1369 95 37 minor
759 1369 74 37 est
801 1369 106 37 falsa,
875 1369 53 37 &
896 1369 95 37 maior
960 1369 95 37 vera;
1023 1369 53 37 &
1044 1369 74 37 cum
1076 1369 53 37 pro

637 1403 113 40 batur,
716 1403 90 40 quia
772 1403 102 40 causa
840 1403 158 40 materialis
964 1403 136 40 secundum
1055 1403 79 40 totum

635 1430 90 33 suum
691 1430 101 33 oenus
758 1430 101 33 dicit
825 1430 213 33 imperfectionem,
1005 1430 101 33 dico,
1061 1430 67 33 quod

639 1460 68 33 si
673 1460 181 33 intelligatur
819 1460 135 33 secundum
921 1460 102 33 omnes
989 1460 90 33 suas
1034 1460 90 33 condi-

640 1488 114 33 tiones,
723 1488 135 33 proposito
827 1488 73 33 est
868 1488 104 33 falsa,
941 1488 83 33 quia
993 1488 104 33 saltem
1055 1488 73 33 quan-

640 1520 80 31 tum
685 1520 69 31 ad
720 1520 92 31 tres
777 1520 126 31 vltimas
869 1520 80 31 non
915 1520 103 31 dicit
972 1520 161 31 imperfectio-

644 1548 83 37 nem,
695 1548 93 37 licet
758 1548 114 37 quantum
841 1548 62 37 ad
872 1548 83 37 tres
924 1548 93 37 alias
986 1548 166 37 conditiones,

638 1578 89 37 puta
693 1578 89 37 esse
749 1578 66 37 in
782 1578 144 37 potentia,
893 1578 111 37 habere
970 1578 166 37 priuationem
1092 1578 44 37 an

639 1609 115 35 nexam,
719 1609 57 35 &
742 1609 137 35 transire
845 1609 57 35 a
868 1609 80 35 non
913 1609 92 35 esse
971 1609 69 35 ad
1005 1609 92 35 esse
1051 1609 80 35 dicat

642 1639 143 37 maiorem
746 1639 234 37 imperfectionem
941 1639 169 37 quacunque
1058 1639 78 37 alia

629 1665 88 37 causa.

672 1696 74 39 Ad
709 1696 136 39 quartam
807 1696 99 39 nego
869 1696 148 39 minorem,
980 1696 99 39 quia
1042 1696 74 39 de
1066 1696 62 39 ra-

642 1724 95 41 tione
705 1724 137 41 principij
810 1724 147 41 materialis
925 1724 74 41 non
967 1724 74 41 est
1009 1724 84 41 esse
1062 1724 63 41 in
1083 1724 53 41 po-

640 1757 123 34 tentia,
729 1757 89 34 nisi
785 1757 112 34 quando
863 1757 123 34 indiget
952 1757 112 34 forma,
1031 1757 78 34 per
1064 1757 67 34 quam

645 1787 179 33 perficiatur,
790 1787 56 33 &
812 1787 67 33 ad
846 1787 100 33 actum
913 1787 156 33 reducatur,
1036 1787 89 33 quod
1080 1787 56 33 nul

642 1814 61 35 lo
672 1814 82 35 modo
723 1814 71 35 est
764 1814 61 35 in
795 1814 143 35 proposito,
907 1814 82 35 quia
958 1814 123 35 essentia
1050 1814 71 35 sic
1081 1814 51 35 est

641 1846 157 48 principium
764 1846 157 48 materiale,
887 1846 90 48 quod
943 1846 101 48 etiam
1011 1846 78 48 est
1044 1846 90 48 termi
