1500 2376
177 181 90 48 nus
229 181 168 48 formalis;
358 181 65 48 &
384 181 103 48 ideo
448 181 103 48 haec
513 181 116 48 ratio
590 181 103 48 bene
642 181 116 48 valeret

182 222 142 39 contra
281 222 171 39 ponentes
409 222 199 39 relationem
566 222 171 39 terminum
680 222 85 39 for-

190 257 118 47 malem
268 257 222 47 generationis,
451 257 105 47 quia
517 257 105 47 tunc
582 257 157 47 essentia
687 257 78 47 vide

185 297 120 44 retur
265 297 146 44 subiici
371 297 213 44 generationi,
544 297 80 44 vt
584 297 93 44 per
637 297 93 44 eam
677 297 80 44 con-

187 323 209 48 sequeretur
351 323 164 48 aliquem
471 323 179 48 terminum
590 323 164 48 formalem,

186 361 110 43 quem
255 361 96 43 non
310 361 137 43 habet,
406 361 96 43 sed
461 361 137 43 contra
557 361 82 43 me
598 361 124 43 nihil
667 361 96 43 habet

190 401 89 37 qui
241 401 102 37 pono
305 401 165 37 essentiam
432 401 140 37 subiici
534 401 204 37 generationi;
699 401 89 37 non

193 432 76 42 vt
231 432 102 42 ipsa
295 432 153 42 acquirat
410 432 217 42 perfectionem,
588 432 89 42 sed
639 432 76 42 vt
665 432 89 42 ipsa-

185 459 99 56 met
241 459 198 56 acquiratur
397 459 142 56 alicui
496 459 156 56 persone
609 459 85 56 in
638 459 127 56 ratione

167 497 139 48 formae.

205 507 94 68 Nec
258 507 148 68 propter
366 507 94 68 hoc
420 507 175 68 sequitur,
554 507 108 68 quod
622 507 108 68 illa
675 507 81 68 per-

186 568 98 40 sona
247 568 86 40 sit
296 568 73 40 in
333 568 147 40 potentia
443 568 73 40 ad
480 568 98 40 eam,
541 568 98 40 quia
602 568 110 40 nihil
675 568 86 40 est
712 568 49 40 in

189 602 155 47 persona,
306 602 104 47 quod
370 602 78 47 se
409 602 130 47 habeat
500 602 78 47 in
539 602 155 47 potentia
655 602 78 47 ad
681 602 78 47 ter-

188 643 118 35 minum
267 643 171 35 formalem,
398 643 92 35 non
450 643 105 35 enim
516 643 92 35 est
568 643 171 35 essentia,
686 643 79 35 quia

188 675 101 44 ipsa
251 675 138 44 ponitur
352 675 151 44 terminus
465 675 163 44 formalis;
591 675 88 44 non
628 675 126 44 relatio,

189 707 111 43 quia
259 707 111 43 tunc
328 707 111 43 ipsa
398 707 181 43 poneretur
537 707 125 43 quasi
607 707 153 43 fundamen-

181 741 92 39 tum
233 741 184 39 essentiae,
378 741 105 39 quod
444 741 131 39 nullus
523 741 118 39 diceret

219 778 88 45 Ad
263 778 161 45 quintam
380 778 190 45 respondeo
527 778 220 45 dupliciter,
688 778 73 45 vno

184 812 118 42 modo
258 812 163 42 negando
376 812 266 42 consequentiam,
598 812 74 42 &
628 812 104 42 cum
672 812 89 42 pro-

189 846 126 43 batur,
278 846 101 43 quia
341 846 164 43 productio
466 846 176 43 praeexigit
605 846 101 43 ante
668 846 76 43 se
693 846 63 43 ap-

188 881 241 46 proximationem
387 881 99 46 &c.
443 881 170 46 concedo,
571 881 99 46 vbi
628 881 114 46 ista
685 881 71 46 duo

181 918 141 39 tantam
279 918 141 39 habent
378 918 253 39 distinctionem,
589 918 113 39 quod
645 918 113 39 possut

184 946 77 50 ad
223 946 77 50 se
262 946 142 50 inuicem
365 946 155 50 distare,
481 946 103 50 quod
545 946 90 50 non
597 946 90 50 est
649 946 77 50 in
675 946 77 50 pro-

189 987 133 47 posito,
286 987 85 47 vbi
334 987 205 47 distinguuntur
503 987 97 47 sola
564 987 145 47 ratione,
672 987 60 47 &
684 987 73 47 sunt

184 1025 104 43 idem
249 1025 91 43 re,
301 1025 143 43 propter
405 1025 104 43 quod
470 1025 91 43 non
521 1025 156 43 indigent
625 1025 130 43 relatio-

175 1051 124 43 ne
217 1051 372 43 approximationis.

221 1089 127 40 Aliter
310 1089 178 40 respondeo,
450 1089 140 40 negando
552 1089 178 40 falsitatem
680 1089 76 40 con-

175 1117 194 45 sequentis:
328 1117 69 45 &
356 1117 83 45 ad
397 1117 208 45 probationem
564 1117 83 45 de
605 1117 111 45 ente
661 1117 97 45 reali

182 1156 91 40 non
234 1156 209 40 praeexigente
404 1156 105 40 ante
469 1156 78 40 se
509 1156 183 40 necessario
652 1156 91 40 ens
692 1156 65 40 ra-

177 1189 142 47 tionis,
280 1189 116 47 dico,
358 1189 103 47 quod
422 1189 90 47 non
474 1189 129 47 valet,
564 1189 129 47 aliter
642 1189 116 47 sequere

187 1225 101 42 tur,
251 1225 101 42 quod
314 1225 152 42 quidquid
427 1225 202 42 praeexigitur
592 1225 190 42 distinctio

185 1257 71 47 ni
221 1257 106 47 reali
292 1257 118 47 patris
374 1257 71 47 ad
410 1257 130 47 Filium,
505 1257 166 47 necessario
635 1257 106 47 esset
694 1257 59 47 rea

188 1294 87 40 le,
237 1294 62 40 &
262 1294 87 40 cum
312 1294 199 40 praeexigatur
473 1294 174 40 distinctio
597 1294 149 40 paternita-

189 1328 75 41 tis
232 1328 65 41 ab
265 1328 140 41 essentia,
373 1328 86 41 illa
426 1328 151 41 distinctio
545 1328 97 41 esset
610 1328 119 41 realis,
685 1328 65 41 quod

181 1364 92 43 est
233 1364 144 43 falsum:
338 1364 105 43 quod
403 1364 118 43 autem
482 1364 183 43 distinctio
613 1364 144 43 paternita

182 1405 86 40 tis
231 1405 74 40 ab
268 1405 148 40 essentia
379 1405 198 40 praeexigatur
540 1405 198 40 distinctioni
688 1405 62 40 pa-

190 1431 90 47 tris
246 1431 56 47 a
268 1431 112 47 filio,
347 1431 112 47 patet,
426 1431 90 47 quia
482 1431 90 47 nisi
538 1431 202 47 distingueretur
696 1431 56 47 ali

183 1462 91 56 quo
235 1462 117 56 modo,
313 1462 182 56 paternitas
456 1462 91 56 non
507 1462 208 56 constitueret
663 1462 91 56 patre

187 1502 74 40 in
224 1502 111 40 esse,
298 1502 62 40 &
323 1502 99 40 tunc
385 1502 87 40 non
434 1502 223 40 distingueretur
620 1502 111 40 pater
694 1502 62 40 a
706 1502 50 40 fi

189 1540 93 38 lio;
248 1540 81 38 Nec
294 1540 105 38 valet
364 1540 93 38 eis,
422 1540 70 38 si
457 1540 128 38 dicant,
550 1540 93 38 quod
597 1540 151 38 paternita;s

187 1570 196 47 distinguitur
346 1570 74 47 ab
383 1570 147 47 essentia
493 1570 172 47 formaliter
628 1570 74 47 ex
653 1570 98 47 natura

183 1602 95 52 rei,
243 1602 95 52 quia
302 1602 84 52 (vt
350 1602 131 52 patuit)
446 1602 107 52 talis
517 1602 167 52 distinctio
637 1602 119 52 formalis

176 1640 159 47 recipit
291 1640 115 47 suum
363 1640 231 47 complementum
550 1640 72 47 a
579 1640 173 47 ratione,
709 1640 72 47 &

177 1670 108 53 ideo
245 1670 95 53 non
299 1670 122 53 debet
381 1670 203 53 denominari,
543 1670 108 53 nisi
597 1670 163 53 distinctio

167 1714 142 48 rationis.

213 1714 78 72 Et
252 1714 143 72 quamuis
356 1714 208 72 concederetur
524 1714 104 72 eis,
589 1714 104 72 quod
654 1714 91 72 sit
693 1714 52 72 ex

182 1776 136 43 natura
278 1776 109 43 rei,
346 1776 109 43 ipsi
414 1776 122 43 tamen
495 1776 177 43 dicerent,
632 1776 109 43 quod
686 1776 68 43 non

187 1812 85 44 est
235 1812 182 44 simpliciter
381 1812 133 44 realis,
478 1812 61 44 &
502 1812 97 44 tunc
563 1812 109 44 sicut
636 1812 121 44 habent
709 1812 36 44 4

181 1844 248 48 inconueniente,
388 1844 110 48 quod
457 1844 96 48 ens
512 1844 124 48 reale
581 1844 165 48 necessario

187 1884 165 47 praeexigat
317 1884 94 47 ante
376 1884 71 47 se
411 1884 83 47 ens
458 1884 153 47 rationis,
576 1884 83 47 ita
623 1884 94 47 pari
670 1884 83 47 ratio

181 1914 83 43 ne
223 1914 139 43 debent
320 1914 139 43 habere
417 1914 97 43 pro
472 1914 249 43 inconuenienti,
666 1914 83 43 quod

176 1952 89 43 ens
227 1952 190 43 simpliciter
379 1952 114 43 reale
455 1952 177 43 praeexigat
594 1952 101 43 ante
657 1952 76 43 se
682 1952 76 43 ali-

179 1986 116 54 quid,
256 1986 103 54 quod
321 1986 90 54 non
372 1986 90 54 sit
424 1986 193 54 simpliciter
566 1986 90 54 reale

207 2012 122 51 Verum
289 2012 108 51 quia
356 2012 108 51 ista
424 2012 176 51 proposito
559 2012 95 51 ens
613 2012 122 51 reale
680 2012 68 51 non

185 2056 175 43 praeexigit
322 2056 100 43 ante
384 2056 75 43 se
422 2056 87 43 ens
472 2056 162 43 rationis,
596 2056 137 43 videtur
684 2056 62 43 pat

196 2090 137 39 uandam
292 2090 246 39 difficultatem,
497 2090 150 39 idcirco
593 2090 150 39 respondeo

176 2125 163 55 praemissa
302 2125 213 55 distinctione,
477 2125 100 55 quod
539 2125 75 55 in
577 2125 100 55 ente
627 2125 125 55 rationis

783 176 86 55 est
832 176 148 55 accipere
943 176 99 55 duo,
1005 176 148 55 scilicet
1116 176 148 55 rationis
1214 176 136 55 complemen

778 220 113 44 tum,
849 220 71 44 &
877 220 170 44 rationis
1005 220 227 44 fundamentum,
1189 220 99 44 cum
1246 220 113 44 ergo
1302 220 57 44 di

778 263 123 37 citur,
864 263 86 37 ens
913 263 111 37 reale
987 263 86 37 non
1036 263 172 37 praeexigit
1171 263 98 37 ante
1233 263 74 37 se
1270 263 86 37 ens
1307 263 49 37 ra

776 291 134 40 tionis,
873 291 146 40 concedo,
982 291 73 40 si
1019 291 85 40 ens
1068 291 146 40 rationis
1177 291 109 40 dicat
1250 291 122 40 ratio

777 325 98 42 nis
833 325 237 42 complementum.
1028 325 84 42 Si
1070 325 112 42 vero
1140 325 126 42 dicat
1210 325 140 42 rationis

781 359 219 38 fundamentum,
959 359 123 38 nego.
1041 359 150 38 Exempli
1150 359 150 38 gratia,
1246 359 109 38 simili

780 396 107 38 tudo,
851 396 59 38 &
875 396 202 38 dissimilitudo
1041 396 131 38 realis,
1136 396 95 38 quae
1196 396 83 38 est
1243 396 107 38 inter
1303 396 47 38 ho

781 428 135 43 minem,
876 428 68 43 &
903 428 149 43 asinum,
1012 428 190 43 praeexigit
1160 428 81 43 in
1201 428 122 43 eadem
1269 428 81 43 ani-

777 467 82 37 ma
818 467 151 37 aliquam
928 467 247 37 distinctionem,
1134 467 96 37 non
1189 467 137 37 quidem
1271 467 82 37 rea-

780 495 106 50 lem,
846 495 93 50 sed
899 495 173 50 rationis;
1032 495 93 50 nec
1085 495 159 50 rationis
1205 495 146 50 quantum
1298 495 53 50 ad

777 533 246 47 complementum,
979 533 116 47 quia
1051 533 116 47 dato
1124 533 116 47 quod
1196 533 145 47 nullus
1283 533 72 47 in-

777 567 155 46 tellectus
896 567 83 46 hoc
944 567 202 46 intelligeret,
1110 567 83 46 ita
1158 567 119 46 esset;
1241 567 83 46 sed
1277 567 71 46 quan

774 602 98 37 tum
830 602 84 37 ad
872 602 224 37 fundamentum,
1054 602 112 37 quia
1123 602 224 37 praeexigitur
1291 602 56 37 in

781 639 97 34 tali
842 639 170 34 intellectu
975 639 170 34 distinctio
1109 639 158 34 rationis,
1230 639 85 34 per
1279 639 97 34 quam

774 670 104 41 homo
839 670 130 41 possit
930 670 143 41 fundare
1034 670 117 41 istam
1100 670 247 41 dissimilitudinem,

762 706 131 38 &
788 706 418 38 similitudinem.

749 744 220 40 AD
859 744 293 40 ARGV
1043 744 183 40 M
1079 744 220 40 ENTA

962 774 195 46 principali4.

854 809 76 44 D
884 809 151 44 primum
990 809 197 44 dicendum,
1141 809 121 44 quod
1217 809 121 44 bene
1277 809 76 44 con

785 823 185 59 cluderet,
927 823 85 59 si
970 823 100 59 ibi
1027 823 128 59 esset
1112 823 185 59 subiectum
1240 823 114 59 secun-

780 877 93 41 dum
833 877 120 41 omnes
913 877 213 41 conditiones,
1086 877 107 41 quas
1153 877 120 41 habet
1233 877 80 41 in
1260 877 93 41 infe-

777 916 176 33 rioribus;
913 916 108 33 quod
981 916 122 33 tamen
1062 916 95 33 non
1116 916 95 33 est
1170 916 135 33 verum,
1265 916 81 33 vt
1292 916 54 33 o-

754 946 358 48 stensum
981 946 195 48 est.

803 981 81 40 Ad
844 981 163 40 secundum
966 981 122 40 dico,
1048 981 109 40 quod
1115 981 163 40 supponit
1224 981 122 40 falsum,

781 1019 104 40 quia
846 1019 117 40 vnum,
924 1019 65 40 &
950 1019 104 40 idem
1015 1019 130 40 potest
1106 1019 104 40 esse
1171 1019 182 40 subiectum,
1314 1019 65 40 &

771 1052 156 43 terminus
888 1052 221 43 generationis,
1070 1052 117 43 alio,
1148 1052 65 43 &
1174 1052 104 43 alio
1239 1052 104 43 modo
1291 1052 52 43 ac

774 1085 143 44 ceptum,
878 1085 78 44 vt
917 1085 156 44 ostensum
1034 1085 104 44 fuit
1086 1085 143 44 superius.

746 1153 379 51 QVAESTIO
999 1153 284 51 QVARTA.

774 1219 114 52 Vtrum
850 1219 127 52 filius
939 1219 165 52 generetur
1066 1219 76 52 de
1104 1219 178 52 substantia
1231 1219 114 52 patris.

846 1460 92 52 Vic
898 1460 184 52 quaestioni
1043 1460 171 52 respondeo
1174 1460 131 52 absque
1253 1460 92 52 argu-

778 1499 177 46 Hmentis,
911 1499 118 46 quia
984 1499 88 46 de
1028 1499 177 46 veritate
1161 1499 118 46 eius
1234 1499 103 46 non
1278 1499 74 46 est

775 1533 121 47 atqua
855 1533 189 47 dubitatio,
1004 1533 94 47 cum
1058 1533 94 47 sit
1111 1533 202 47 determinata
1273 1533 81 47 de
1300 1533 54 47 Fi

779 1565 74 45 de
816 1565 86 45 per
865 1565 161 45 concilia,
989 1565 62 45 &
1013 1565 136 45 sanctos
1112 1565 136 45 patres,
1211 1565 111 45 sicut
1273 1565 74 45 habe

772 1603 96 44 tur
827 1603 96 44 per
882 1603 178 44 magistrum
1019 1603 82 44 in
1060 1603 151 44 litera.
1169 1603 109 44 Vnde
1238 1603 82 44 D.
1265 1603 82 44 Augu

776 1637 134 34 stinus
869 1637 120 34 libro
950 1637 147 34 secundo
1057 1637 134 34 contra
1150 1637 174 34 Maximinum
1271 1637 80 34 nul-

774 1670 82 40 lo
815 1670 109 40 modo
884 1670 164 40 (inquit)
1007 1670 123 40 verum
1089 1670 96 40 Dei
1144 1670 137 40 filium
1226 1670 123 40 cogita-

772 1709 98 37 tis,
833 1709 74 37 si
870 1709 86 37 eum
919 1709 110 37 natum
992 1709 98 37 esse
1054 1709 74 37 de
1091 1709 172 37 substantia
1225 1709 123 37 patris
1299 1709 49 37 ne

776 1745 120 47 getis:
860 1745 96 47 quod
920 1745 132 47 reperit
1016 1745 144 47 pluribus
1124 1745 72 47 in
1160 1745 120 47 locis,
1244 1745 72 47 ex
1268 1745 84 47 cuius

770 1774 134 39 verbis
863 1774 107 39 duas
930 1774 120 39 formo
997 1774 134 39 rationes

834 1810 77 35 Si
873 1810 128 35 filius
962 1810 89 35 non
1013 1810 115 35 esset
1090 1810 140 35 genitus
1192 1810 77 35 de
1217 1810 128 35 substan-

771 1841 91 44 tia
823 1841 143 44 patris,
927 1841 195 44 sequeretur,
1082 1841 104 44 quod
1147 1841 91 44 non
1199 1841 117 44 esset
1264 1841 78 44 vere

776 1876 134 39 filius,
873 1876 85 39 hoc
922 1876 85 39 est
970 1876 134 39 falsum,
1068 1876 97 39 ergo
1128 1876 85 39 &c.
1177 1876 146 39 Falsitas
1274 1876 61 39 sup

777 1916 159 35 ponitur,
896 1916 66 35 &
923 1916 212 35 consequentia
1095 1916 172 35 probatur,
1228 1916 106 35 quia
1281 1916 66 35 per

782 1946 106 39 Con.
848 1946 79 39 5.
888 1946 132 39 Metap.
980 1946 106 39 com.
1047 1946 79 39 27
1086 1946 172 39 generans,
1219 1946 66 39 &
1232 1946 119 39 genitum

775 1980 102 43 sunt
839 1980 102 43 idem
903 1980 77 43 in
942 1980 128 43 forma,
1031 1980 64 43 &
1057 1980 141 43 subdit,
1159 1980 102 43 quod
1223 1980 115 43 pater
1287 1980 64 43 est

779 2012 134 54 similis
876 2012 110 54 filio
949 2012 73 54 in
986 2012 122 54 forma:
1071 2012 85 54 vbi
1120 2012 97 54 ergo
1181 2012 85 54 non
1229 2012 85 54 est
1266 2012 85 54 iden-

768 2050 120 42 titas,
852 2050 84 42 vel
900 2050 168 42 similitudo
1032 2050 72 42 in
1068 2050 120 42 forma,
1152 2050 84 42 ibi
1200 2050 84 42 non
1248 2050 84 42 est
1284 2050 60 42 ve-

767 2084 78 37 ra
806 2084 182 37 generatio,
949 2084 65 37 &
975 2084 91 37 per
1027 2084 182 37 consequens
1171 2084 91 37 nec
1223 2084 104 37 vera
1275 2084 65 37 fi-

766 2113 143 65 liatio;
870 2113 65 65 a
896 2113 207 65 destructione
1064 2113 104 65 ergo
1129 2113 220 65 consequentis,
1297 2113 52 65 cu
