1500 2402
189 179 105 52 quae
254 179 131 52 omnia,
346 179 66 52 &
372 179 118 52 plura
451 179 105 52 alia
517 179 105 52 quae
582 179 131 52 adduci
661 179 118 52 possent

190 222 95 48 non
245 222 149 48 videtur
353 222 162 48 praefata
474 222 95 48 op.
529 222 162 48 tenenda;
637 222 135 48 rationes

188 250 110 52 autem
261 250 122 52 ipsius
347 250 122 52 soluam
432 250 73 52 in
457 250 86 52 fine-

228 289 77 40 Et
267 289 103 40 ideo
331 289 90 40 est
382 289 103 40 alia
447 289 129 40 opinio
537 289 103 40 quae
601 289 141 40 videtur
691 289 90 40 pone-

187 331 84 36 re
229 331 125 36 totum
312 331 209 36 contrarium,
480 331 125 36 ponit
563 331 111 36 enim
633 331 125 36 actum
702 331 70 36 in-

186 356 194 50 telligendi,
341 356 65 50 &
367 356 142 50 volendi
471 356 91 50 non
522 356 116 50 elici
600 356 78 50 ab
639 356 91 50 vna
677 356 91 50 perso

188 398 75 39 na
226 398 113 39 prius
302 398 101 39 quam
365 398 75 39 ab
402 398 113 39 alia,
478 398 88 39 sed
528 398 113 39 elici
603 398 113 39 simul
679 398 75 39 ab
704 398 63 39 om-

185 432 118 39 nibus
263 432 131 39 tribus
355 432 157 39 personis
472 432 91 39 iam
525 432 196 39 constitutis
682 432 91 39 per
721 432 52 39 a-

188 464 113 46 ctus
259 464 212 46 notionales,
428 464 71 46 &
456 464 99 46 per
513 464 198 46 consequens
654 464 113 46 habent

194 499 141 44 dicere,
296 499 102 44 quod
360 499 115 44 actus
437 499 192 44 notionales,
590 499 89 44 per
641 499 102 44 quos
692 499 77 44 con-

190 535 181 49 stituuntur
332 535 155 49 personae
448 535 142 49 tanquam
552 535 90 49 per
603 535 155 49 propria,
706 535 65 49 pr-

194 566 128 45 cedunt
284 566 115 45 actus
361 566 205 45 essentiales,
527 566 102 45 quos
591 566 154 45 personae
693 566 77 45 adin

192 604 126 39 uicem
276 604 140 39 habent
374 604 182 39 communes,
515 604 98 39 ita
571 604 112 39 quod
627 604 140 39 secundum

188 638 110 46 viam
257 638 151 46 istorum
367 638 83 46 in
408 638 124 46 prima
491 638 151 46 persona
601 638 124 46 actus
670 638 96 46 gene-

187 674 117 44 randi
265 674 130 44 quodam
356 674 130 44 ordine
447 674 156 44 originis
565 674 169 44 praecedit
682 674 78 44 actu

187 711 230 45 intelligendi,
377 711 68 45 &
404 711 163 45 volendi,
526 711 81 45 at
567 711 163 45 secundum
675 711 95 45 istum

190 745 118 50 modum
269 745 118 50 magis
347 745 210 50 verificantur
518 745 118 50 ista,
596 745 118 50 patet
662 745 105 50 intel-

190 779 130 47 ligit,
281 779 104 47 quia
346 779 156 47 generat,
463 779 104 47 quam
527 779 65 47 e
553 779 169 47 conuerso,
670 779 91 47 patet

186 812 154 50 generat,
302 812 103 50 quia
366 812 193 50 intelligit,
521 812 64 50 &
546 812 103 50 quia
611 812 103 50 ista
662 812 103 50 opinio

186 844 142 51 innitur
289 844 193 51 fundamentis
443 844 116 51 satis
521 844 219 51 apparentibus,
688 844 77 51 ideo

188 891 142 44 adduco
287 891 99 44 pro
344 891 85 44 ea
386 891 85 44 5.
428 891 184 44 rationes,
570 891 113 44 quae
627 891 142 44 videntur

183 913 114 54 posse
259 913 127 54 facere
348 913 114 54 fidem
424 913 76 54 de
462 913 101 54 eius
513 913 127 54 veritate

220 932 63 67 1
246 932 102 67 Illi
309 932 127 67 actus,
398 932 89 67 per
449 932 102 67 quos
512 932 140 67 persone
601 932 165 67 constituum-

191 990 84 45 tur
239 990 72 45 in
275 990 84 45 suo
323 990 96 45 esse
383 990 168 45 personali,
514 990 168 45 praecedunt
646 990 108 45 illos
706 990 60 45 sal

185 1023 102 44 tem
244 1023 175 44 secundum
375 1023 190 44 originem,
521 1023 102 44 qui
579 1023 190 44 sequuntur
711 1023 58 44 ad

188 1059 103 39 esse
252 1059 205 39 constitutum,
419 1059 103 39 nunc
483 1059 116 39 autem
561 1059 90 39 ita
612 1059 90 39 est
663 1059 77 39 in
689 1059 77 39 pro-

182 1098 152 43 posito;
293 1098 97 43 nam
348 1098 97 43 per
403 1098 124 43 actus
486 1098 194 43 notionales
625 1098 138 43 videntur

190 1124 148 51 personae
300 1124 172 51 constitui,
436 1124 111 51 actus
510 1124 111 51 autem
583 1124 185 51 essentiales
719 1124 49 51 ma

183 1164 90 49 gis
234 1164 154 49 videntur
350 1164 115 49 sequi
426 1164 77 49 ad
465 1164 102 49 esse
529 1164 205 49 constitutum,
682 1164 77 49 ergo

188 1205 102 39 &c.
247 1205 132 39 Maior
335 1205 102 39 est
393 1205 205 39 manifesta;
554 1205 161 39 Minorem
657 1205 102 39 probo

189 1236 150 45 quantum
299 1236 82 45 ad
340 1236 109 45 eius
408 1236 150 45 partes;
517 1236 96 45 nam
572 1236 109 45 quod
640 1236 96 45 per
681 1236 82 45 act)

185 1276 175 40 notionales
323 1276 213 40 constituantur
498 1276 150 40 personae
611 1276 125 40 patet,
686 1276 75 40 quia

187 1301 109 47 actus
260 1301 182 47 notionales,
406 1301 85 47 vel
454 1301 97 47 sunt
515 1301 182 47 relationes,
661 1301 85 47 vel
697 1301 61 47 pra

186 1336 126 47 cedunt
274 1336 176 47 necessario
413 1336 113 47 ipsas
488 1336 189 47 relationes,
639 1336 63 47 &
664 1336 101 47 ideo
715 1336 50 47 si

191 1375 149 43 personae
302 1375 211 43 constituuntur
476 1375 87 43 per
526 1375 174 43 relationes
663 1375 87 43 (vt
700 1375 62 43 con

182 1413 144 38 muniter
287 1413 157 38 dicitur)
405 1413 223 38 constituuntur
588 1413 92 38 per
641 1413 118 38 actus
707 1413 52 38 no

185 1442 168 43 tionales;
315 1442 91 43 vel
366 1442 78 43 ex
405 1442 78 43 eo
444 1442 104 43 quod
509 1442 104 43 sunt
574 1442 104 43 idem
638 1442 91 43 cum
677 1442 78 43 rel-

187 1476 166 49 tionibus,
315 1476 90 49 vel
366 1476 77 49 ex
405 1476 77 49 eo
443 1476 102 49 quod
507 1476 179 49 relationes
648 1476 90 49 non
686 1476 77 49 sunt

187 1512 78 48 in
226 1512 157 48 personis
344 1512 105 48 nisi
409 1512 196 48 mediantibus
566 1512 118 48 istis
631 1512 131 48 actibus:

186 1552 121 39 probo
266 1552 121 39 aliam
347 1552 134 39 partem
441 1552 161 39 scilicet
562 1552 107 39 quod
629 1552 121 39 actus
696 1552 67 39 es-

188 1580 175 44 sentiales
322 1580 175 44 sequantur
456 1580 107 44 esse
523 1580 215 44 constitutum,
684 1580 81 44 quia

184 1618 91 43 vel
236 1618 78 43 tu
275 1618 117 43 dices
354 1618 104 43 quod
419 1618 183 43 praecedunt
562 1618 91 43 eas
601 1618 157 43 constituen

184 1647 99 53 do,
240 1647 99 53 vel
297 1647 113 53 quod
368 1647 184 53 sequantur
509 1647 113 53 esse
565 1647 198 53 constitutum,

185 1687 137 43 primum
281 1687 96 43 non
336 1687 137 43 potest
432 1687 123 43 dici,
514 1687 110 43 quia
583 1687 110 43 tunc
651 1687 96 43 non
692 1687 69 43 es-

187 1725 97 41 sent
248 1725 110 41 actus
321 1725 134 41 eliciti
418 1725 73 41 ab
455 1725 122 41 aliqua
540 1725 146 41 persona,
649 1725 97 41 quod
698 1725 61 41 non

194 1756 136 40 videtur
293 1756 223 40 intelligibile;
478 1756 87 40 nec
528 1756 149 40 secundum
639 1756 99 40 quia
689 1756 74 40 sunt

185 1791 172 52 communes
314 1791 158 52 omnibus
429 1791 187 52 personis,
572 1791 72 52 &
601 1791 101 52 per
644 1791 115 52 conse-

194 1823 109 53 uens
262 1823 95 53 non
317 1823 231 53 constitutiui,
507 1823 109 53 ergo
575 1823 163 53 sequutur
683 1823 82 53 esse

178 1863 191 46 constitutum,

215 1879 77 62 2
245 1879 153 62 Quando
353 1879 107 62 duo
414 1879 138 62 actus
506 1879 199 62 competunt
659 1879 138 62 eidem

184 1929 152 50 personae
299 1929 152 50 diuinae,
413 1929 102 50 vnus
477 1929 165 50 proprius,
604 1929 64 50 &
629 1929 114 50 alter
692 1929 64 50 com

186 1963 128 49 munis,
276 1963 115 49 prius
353 1963 141 49 origine
455 1963 154 49 competit
570 1963 102 49 sibi
634 1963 115 49 actus
698 1963 64 49 pro

183 2008 139 41 prius,
280 2008 111 41 quam
349 2008 125 41 actus
433 2008 180 41 communis,
571 2008 97 41 sed
626 2008 125 41 actus
696 2008 69 41 no-

186 2043 170 37 tionales,
317 2043 65 37 &
343 2043 196 37 essentiales
500 2043 170 37 competunt
630 2043 118 37 eidem
696 2043 65 37 per

181 2072 115 39 sonae
258 2072 154 39 diuinae,
373 2072 102 39 puta
437 2072 115 39 patri
514 2072 154 39 competit
616 2072 141 39 generare,

185 2102 65 51 &
211 2102 207 51 intelligere,
379 2102 65 51 &
405 2102 155 51 generare
522 2102 91 51 est
574 2102 168 51 proprium;
690 2102 65 51 in-

185 2131 171 64 telligere
316 2131 118 64 autem
395 2131 92 64 est
448 2131 158 64 commune,
567 2131 105 64 ergo
632 2131 118 64 prius
698 2131 66 64 si

784 173 79 57 bi
823 173 159 57 competit
942 173 172 57 generare,
1074 173 106 57 quam
1140 173 211 57 intelligere,
1299 173 66 57 Mi-

789 219 92 45 nor
842 219 92 45 est
894 219 119 45 nota,
973 219 119 45 Maior
1053 219 158 45 probatur
1171 219 92 45 per
1224 219 119 45 illud
1290 219 79 45 quod

785 251 152 39 videmus
896 251 83 39 in
938 251 125 39 eadem
1021 251 152 39 persona
1131 251 152 39 patris.
1242 251 97 39 Nam
1284 251 83 39 quia

794 287 150 45 generare
906 287 87 45 est
956 287 100 45 sibi
1018 287 162 45 proprium,
1143 287 137 45 spirare
1242 287 112 45 autem
1305 287 62 45 est

785 324 143 48 commune
889 324 117 48 sibi,
967 324 65 48 &
993 324 130 48 filio,
1085 324 143 48 idcirco
1189 324 117 48 prius
1254 324 117 48 origine

782 355 173 49 generat,
911 355 115 49 quam
984 355 159 49 spiret,
1099 355 115 49 ergo
1171 355 130 49 eodem
1258 355 115 49 modo
1315 355 58 49 in

793 397 174 38 proposito
926 397 107 38 quia
993 397 160 38 generare
1113 397 94 38 est
1167 397 107 38 sibi
1220 397 147 38 proprium,

787 432 213 43 intelligere
957 432 128 43 autem
1042 432 170 43 commune,
1170 432 128 43 prius
1240 432 128 43 origine

783 461 184 53 generabit,
927 461 105 53 quam
980 461 171 53 intelligat.

828 506 64 31 3
854 506 90 31 Vel
905 506 77 31 tu
944 506 115 31 dices
1021 506 103 31 quod
1085 506 115 31 pater
1162 506 115 31 prius
1239 506 154 31 generet,

789 531 101 49 quam
853 531 190 49 intelligat,
1005 531 63 49 &
1030 531 139 49 vellit,
1131 531 89 49 vel
1182 531 63 49 e
1207 531 165 49 conuerso;
1321 531 51 49 si

784 564 148 45 dicatur
891 564 148 45 primum,
999 564 148 45 habetur
1107 564 202 45 propositum;
1269 564 81 45 si
1296 564 67 45 di-

786 600 119 46 catur
865 600 172 46 secundum,
998 600 106 46 tunc
1064 600 80 46 in
1104 600 106 46 illo
1170 600 146 46 priori,
1276 600 80 46 in
1303 600 66 46 quo

788 635 109 48 pater
861 635 182 48 intelligit,
1007 635 61 48 &
1031 635 109 48 vult,
1104 635 109 48 habet
1177 635 85 48 vim
1213 635 158 48 spiratiuam,

789 680 145 37 poterit
894 680 105 37 ergo
960 680 145 37 spirare
1065 680 158 37 Spiritum
1184 680 145 37 Sanctum
1276 680 92 37 ante-

780 711 115 50 quam
851 711 158 50 generet
966 711 158 50 filium,
1081 711 115 50 quod
1153 711 101 50 est
1196 711 144 50 absurdum

815 741 67 43 4
841 741 80 43 Si
882 741 120 43 pater
962 741 120 43 prius
1042 741 214 43 intelligeret
1216 741 107 43 quam
1269 741 94 43 gene-

779 777 137 46 raret,
875 777 192 46 sequeretur
1026 777 110 46 quod
1094 777 110 46 ipse
1163 777 123 46 solus
1231 777 137 46 eliceret

786 810 119 43 actum
865 810 225 43 intelligendi,
1051 810 119 43 aliae
1130 810 106 43 vero
1197 810 159 43 personae
1303 810 66 43 ma-

785 844 88 49 gis
836 844 75 49 se
873 844 151 49 haberent
987 844 75 49 vt
1024 844 214 49 suscipientes,
1200 844 101 49 quam
1263 844 75 49 vt
1289 844 75 49 eli-

787 871 156 57 cientes,
904 871 182 57 consequens
1047 871 91 57 est
1098 871 143 57 falsum;
1202 871 104 57 ergo
1267 871 91 57 &c.
1306 871 65 57 Fal

786 910 112 54 sitas
860 910 124 54 patet,
947 910 99 54 quia
1009 910 99 54 tunc
1072 910 112 54 pater
1146 910 137 54 haberet
1233 910 137 54 perfectio

781 950 83 44 ri
823 950 111 44 modo
892 950 125 44 istum
976 950 139 44 actum,
1073 950 111 44 quam
1143 950 125 44 aliae
1212 950 153 44 personae.

776 986 130 48 probo
862 986 259 48 consequentiam,
1078 986 115 48 quia
1150 986 144 48 posito
1251 986 115 48 quod
1308 986 58 48 pa

783 1021 96 46 ter
838 1021 124 46 prius
921 1021 137 46 habeat
1017 1021 124 46 actum
1099 1021 233 46 intelligendi,
1278 1021 82 46 quam

779 1058 128 43 actum
864 1058 185 43 generandi
1007 1058 157 43 oportet
1121 1058 157 43 dicere,
1235 1058 114 43 quod
1292 1058 71 43 com

780 1092 140 45 municet
882 1092 114 45 filio
958 1092 114 45 ipsum
1034 1092 190 45 intelligere
1186 1092 89 45 per
1237 1092 114 45 actum
1301 1092 63 45 ge-

777 1125 200 45 nerationis;
937 1125 67 45 &
963 1125 93 45 per
1017 1125 187 45 consequens
1163 1125 147 45 habebit
1270 1125 80 45 se
1296 1125 67 45 fi-

779 1158 108 54 lius
846 1158 122 54 solum
927 1158 81 54 in
968 1158 149 54 ratione
1076 1158 216 54 suscipientis
1238 1158 95 54 actum

820 1201 64 40 3
846 1201 76 40 Si
884 1201 114 40 pater
960 1201 114 40 prius
1036 1201 216 40 intelligeret,
1214 1201 102 40 quam
1265 1201 89 40 gene-

788 1233 132 39 raret,
880 1233 185 39 sequeretur
1025 1233 106 39 quod
1091 1233 132 39 verbum
1184 1233 119 39 prius
1249 1233 106 39 intel-

784 1266 195 51 ligeretur,
937 1266 111 51 quam
1007 1266 237 51 produceretur,
1188 1266 167 51 consequens

786 1302 94 47 est
839 1302 147 47 falsum;
946 1302 107 47 ergo
1013 1302 94 47 &c.
1067 1302 161 47 Falsitas
1174 1302 188 47 consequentis

789 1337 119 43 patet,
872 1337 95 43 quia
932 1337 107 43 illud
1004 1337 95 43 quod
1063 1337 107 43 prius
1135 1337 203 43 intelligitur,
1290 1337 71 43 quam

788 1371 206 50 producatur,
953 1371 192 50 producitur
1104 1371 96 50 per
1159 1371 137 50 ideam,
1255 1371 69 50 &
1269 1371 96 50 vadit

785 1407 76 43 de
823 1407 88 43 non
874 1407 101 43 esse
937 1407 76 43 ad
974 1407 113 43 esse,
1050 1407 76 43 ad
1088 1407 113 43 modum
1163 1407 176 43 creaturae,
1289 1407 76 43 quod

781 1442 162 50 absurdum
902 1442 94 50 est
956 1442 148 50 dicere,
1064 1442 81 50 de
1104 1442 135 50 diuino
1198 1442 135 50 verbo,
1279 1442 81 50 Con-

780 1477 161 49 sequentia
903 1477 161 49 probatur,
1027 1477 99 49 quia
1089 1477 74 49 in
1126 1477 99 49 illo
1188 1477 124 49 priori
1274 1477 74 49 in
1299 1477 62 49 quo

783 1512 118 42 pater
862 1512 145 42 ponitur
967 1512 211 42 intelligere,
1138 1512 184 42 intelligit
1270 1512 92 42 omnia

781 1544 230 48 intelligibilia,
974 1544 109 48 alias
1047 1544 97 48 eius
1107 1544 109 48 actus
1180 1544 85 48 non
1228 1544 109 48 esset
1288 1544 73 48 per-

774 1578 129 43 fectus,
868 1578 59 43 &
891 1578 164 43 infinitus;
1020 1578 164 43 intelliget
1149 1578 94 43 ergo
1208 1578 70 43 in
1243 1578 94 43 illo
1290 1578 70 43 prio

776 1614 75 40 ri
813 1614 112 40 etiam
888 1614 112 40 ipsum
962 1614 137 40 filium;
1062 1614 87 40 cum
1112 1614 100 40 ergo
1174 1614 75 40 in
1212 1614 100 40 illo
1261 1614 100 40 priori

776 1651 191 50 supponatur
927 1651 123 50 solum
1009 1651 219 50 intelligere,
1186 1651 68 50 &
1214 1651 96 50 non
1255 1651 109 50 produm

779 1697 123 36 cere,
861 1697 191 36 intelliget
1012 1697 137 36 filium
1107 1697 164 36 antequam
1230 1697 96 36 eum
1271 1697 82 36 pro-

776 1720 133 55 ducat,
869 1720 106 55 haec
935 1720 93 55 est
989 1720 146 55 illorum
1095 1720 186 55 sententia;
1241 1720 93 55 cum
1281 1720 80 55 suis

781 1756 184 48 potioribus
912 1756 132 48 motiuis.

817 1792 97 40 lsta
877 1792 109 40 tamen
950 1792 121 40 opinio
1035 1792 97 40 mihi
1095 1792 85 40 non
1143 1792 181 40 satisfacit,
1276 1792 73 40 ideo

776 1830 122 37 arguo
858 1830 122 37 illam
940 1830 150 37 propter
1049 1830 136 37 aliqua
1130 1830 218 37 inconuenientis

781 1863 117 42 quae
855 1863 190 42 sequuntur
1001 1863 117 42 eam,
1074 1863 146 42 quorum
1176 1863 146 42 primum
1264 1863 88 42 est,

778 1901 126 41 quiam
862 1901 112 41 tunc
932 1901 126 41 prima
1016 1901 154 41 persona
1129 1901 98 41 per
1185 1901 126 41 actum
1255 1901 98 41 gene-

780 1933 109 38 randi
852 1933 169 38 acquireret
985 1933 193 38 intelligere,
1142 1933 145 38 aliasque
1239 1933 121 38 essentia

779 1966 92 45 les
831 1966 223 45 perfectiones,
1015 1966 118 45 cuius
1093 1966 183 45 contrarium
1224 1966 131 45 superius

782 1998 93 47 est
822 1998 146 47 ostensum.

810 2037 154 39 Secundo
922 2037 196 39 sequeretur
1076 2037 112 39 quod
1146 2037 140 39 filius
1244 2037 98 39 non
1286 2037 70 39 ge-

779 2071 152 36 nerentur
893 2071 76 36 de
932 2071 178 36 substantia
1071 2071 140 36 patris,
1172 2071 101 36 quia
1223 2071 127 36 secundum

775 2102 120 44 istum
855 2102 134 44 modum,
949 2102 201 44 intelligere
1109 2102 67 44 &
1136 2102 120 44 scire
1203 2102 147 44 sequuntur

780 2142 124 53 actum
863 2142 193 53 generandi;
1015 2142 138 53 dicere
1112 2142 124 53 autem
1194 2142 110 53 quod
1250 2142 110 53 filius
