1500 2312
196 170 90 50 est
248 170 154 50 infinita
363 170 90 50 per
414 170 193 50 infinitatem
568 170 103 50 sibi
633 170 141 50 anexam,
722 170 39 50 &

196 215 111 40 etiam
269 215 74 40 ab
306 215 135 40 ipsamet
405 215 135 40 ratione
503 215 98 40 suae
564 215 197 40 infinitatis,
724 215 61 40 &

200 248 96 37 hoc
255 248 110 37 modo
324 248 110 37 Deus
392 248 96 37 est
447 248 165 37 obiectum
571 248 192 37 Theologiae
708 248 55 37 in

195 285 88 36 se,
246 285 101 36 quae
309 285 201 36 comprehendit
472 285 101 36 eius
535 285 201 36 infinitatem.
686 285 75 36 Alio

194 321 121 36 modo,
274 321 107 36 quod
341 321 107 36 Deus
408 321 174 36 infinitus
542 321 94 36 sit
596 321 161 36 obiectum
703 321 54 36 in

187 349 114 46 aliqua
266 349 148 46 scientia,
381 349 91 46 quia
438 349 91 46 uere
495 349 103 46 ratio
563 349 148 46 deitatis,
666 349 91 46 scien-

196 383 90 42 tiae
252 383 158 42 obijcitur,
376 383 79 42 sed
421 383 101 42 ratio
489 383 169 42 infinitatis
624 383 79 42 non
658 383 101 42 obijci-

194 420 85 42 tur
243 420 85 42 ei,
291 420 85 42 sed
340 420 171 42 annectitur
474 420 73 42 ei
511 420 171 42 obiectiue,
645 420 61 42 &
670 420 85 42 hoc
706 420 49 42 mo

198 452 80 41 do
238 452 107 41 Deus
304 452 173 41 infinitus
437 452 93 41 est
491 452 160 41 obiectum
597 452 160 41 Theologiae

191 490 152 34 nostrae,
305 490 101 34 quae
369 490 139 34 recipit
470 490 139 34 speciem
571 490 127 34 vtique
647 490 114 34 ratione

194 520 153 37 deitatis,
312 520 82 37 non
359 520 106 37 autem
429 520 129 37 ratione
523 520 188 37 infinitatis.
676 520 70 37 Et
699 520 59 37 ad-

197 553 96 34 dit
252 553 137 34 Doctor
348 553 123 34 iste,
430 553 110 34 quod
499 553 178 34 huiusmodi
622 553 137 34 diuersus

191 586 116 42 modus
268 586 180 42 obiiciendi
410 586 90 42 non
461 586 154 42 prouenit
577 586 77 42 ex
616 586 116 42 parte
680 586 77 42 obie

192 622 99 43 cti,
254 622 99 43 quia
316 622 137 43 quantum
415 622 87 43 est
465 622 75 43 ex
502 622 112 43 parte
577 622 99 43 sui,
639 622 112 43 eodem
701 622 50 43 mo

193 654 73 33 do
229 654 73 33 se
266 654 146 33 obijcit,
376 654 85 33 sed
425 654 146 33 prouenit
534 654 73 33 ex
571 654 110 33 parte
632 654 122 33 intelle-

196 686 95 45 ctus
256 686 131 45 nostri,
351 686 83 45 qui
399 686 83 45 non
446 686 119 45 potest
530 686 119 45 capere
613 686 107 45 illud
673 686 83 45 obie-

198 721 111 39 ctum,
272 721 111 39 sicut
346 721 111 39 capit
420 721 185 39 intellectus
569 721 148 39 diuinus.
667 721 87 39 Exem-

192 757 81 44 pli
239 757 115 44 gratia
319 757 81 44 sol
365 757 69 44 ex
400 757 104 44 parte
469 757 81 44 sui
515 757 161 44 aequaliter
630 757 127 44 obijcitur

192 793 138 36 omnibus
292 793 125 36 oculis
379 793 113 36 licet
454 793 88 36 non
504 793 175 36 aequaliter
642 793 75 36 ab
667 793 88 36 omni-

192 818 96 44 bus
233 818 151 44 uideatur.

232 846 78 48 Et
271 846 104 48 ideo
336 846 78 48 ad
376 846 131 48 formam
467 846 183 48 argumenti,
610 846 91 48 cum
663 846 117 48 dici¬

200 891 90 39 tur,
256 891 135 39 scientia
357 891 67 39 de
390 891 135 39 infinito
491 891 78 39 est
536 891 146 39 infinita,
637 891 112 39 concedi-

188 923 99 36 tur
244 923 155 36 dummodo
357 923 169 36 scientia
484 923 169 36 attingat
611 923 99 36 non
653 923 99 36 solum

191 958 81 37 rem
238 958 162 37 infinitam,
365 958 81 37 sed
411 958 139 37 rationem
516 958 104 37 etiam
585 958 185 37 infinitatis,

194 990 113 39 sicut
270 990 151 39 scientia
383 990 101 39 Dei;
446 990 88 39 non
496 990 88 39 est
547 990 113 39 tamen
610 990 138 39 infinita,

196 1029 126 35 quando
284 1029 151 35 scientia
397 1029 151 35 attingit
510 1029 88 35 rem
561 1029 163 35 infinitam
686 1029 88 35 non

189 1057 83 38 sub
236 1057 130 38 ratione
331 1057 189 38 infinitatis,
484 1057 106 38 sicut
555 1057 141 38 scientia
649 1057 106 38 nostra,

194 1088 149 42 quamuis
302 1088 95 42 hoc
356 1088 176 42 proueniat
491 1088 81 42 ex
531 1088 122 42 parte
599 1088 149 42 scientis,

201 1122 78 47 non
246 1122 67 47 ex
279 1122 101 47 parte
346 1122 78 47 rei
380 1122 101 47 scitae.

223 1152 112 45 Hanc
293 1152 196 45 solutionem
447 1152 182 45 admittunt
586 1152 168 45 nonnulli
698 1152 56 45 a-

188 1186 82 45 lij
235 1186 152 45 dicentes,
352 1186 94 45 quod
411 1186 141 45 scientia
517 1186 94 45 tunc
575 1186 82 45 est
622 1186 152 45 infinita,

194 1229 120 37 quando
278 1229 180 37 intellectus
422 1229 84 37 est
470 1229 168 37 infinitus,
602 1229 60 37 &
626 1229 120 37 tendit
698 1229 48 37 in

187 1257 153 41 obiectum
302 1257 102 41 modo
365 1257 165 41 infinito:
493 1257 127 41 sicque
582 1257 140 41 uolunt,
671 1257 76 41 quod

198 1292 147 33 finitum,
308 1292 61 33 &
332 1292 159 33 infinitum
455 1292 98 33 sint
516 1292 183 33 conditiones
650 1292 98 33 attri-

195 1324 105 42 butae
265 1324 163 42 scientiae,
393 1324 81 42 non
439 1324 128 42 ratione
532 1324 116 42 ipsius
614 1324 139 42 obiecti,
707 1324 46 42 de

193 1359 85 48 quo
241 1359 97 48 est,
302 1359 85 48 sed
350 1359 133 48 ratione
447 1359 145 48 subiecti
556 1359 73 48 in
592 1359 85 48 quo
628 1359 73 48 est.

230 1389 113 45 Adhuc
305 1389 150 45 soluitur
417 1389 100 45 alio
480 1389 100 45 modo
542 1389 163 45 praedicta
655 1389 88 45 ratio

192 1422 160 43 dicendo,
312 1422 107 43 quod
379 1422 147 43 quamuis
486 1422 174 43 scientiae
606 1422 147 43 recipiant

193 1459 141 37 speciem
296 1459 77 37 ab
334 1459 154 37 obiecto,
449 1459 90 37 non
501 1459 115 37 tamen
577 1459 102 37 esse
629 1459 115 37 eiusdem

189 1495 139 40 speciei
291 1495 89 40 cum
341 1495 89 40 eo,
392 1495 152 40 alioquin
506 1495 152 40 scientia
619 1495 76 40 de
645 1495 101 40 lapide

192 1529 104 32 esset
262 1529 138 32 lapidea,
365 1529 58 32 &
389 1529 138 32 scientia
492 1529 104 32 ignis
561 1529 104 32 esset
631 1529 115 32 ignea,
711 1529 58 32 &

191 1560 110 35 licet
264 1560 147 35 recipiat
374 1560 183 35 quantitatem
521 1560 73 35 ex
557 1560 147 35 obiecto,
667 1560 86 35 non
704 1560 49 35 se

188 1596 129 42 quitur
278 1596 129 42 tamen,
369 1596 103 42 quod
433 1596 90 42 sit
485 1596 142 42 eiusdem
575 1596 168 42 quantitatis

184 1630 113 42 cum
232 1630 81 42 eo.

223 1660 95 44 His
277 1660 122 44 tamen
358 1660 95 44 non
412 1660 203 44 obstantibus
574 1660 135 44 opinio
655 1660 95 44 AEgi-

193 1693 88 41 dij
244 1693 75 41 in
281 1693 88 41 suo
331 1693 175 41 fundamento
469 1693 150 41 stabilis
582 1693 188 41 perseuerat,

185 1726 109 43 quam
254 1726 164 43 confirmo
376 1726 136 43 duabus
458 1726 150 43 rationis.

224 1765 64 37 1
250 1765 77 37 Si
289 1765 103 37 Deus
353 1765 90 37 sub
405 1765 142 37 ratione
508 1765 155 37 absoluta
611 1765 129 37 deitatis

187 1793 114 47 esset
263 1793 165 47 subiectum
390 1793 76 47 in
428 1793 165 47 Theologia
555 1793 139 47 nostra,
644 1793 101 47 seque-

183 1829 129 46 retur,
273 1829 103 46 quod
337 1829 129 46 nostra
427 1829 154 46 scientia
543 1829 141 46 haberet
633 1829 116 46 aequale

183 1860 110 48 posse
256 1860 86 48 cum
305 1860 147 48 scientia
415 1860 98 48 Dei:
476 1860 86 48 hoc
525 1860 86 48 est
574 1860 134 48 falsum,
659 1860 86 48 ergo.

190 1900 136 35 Falsitas
292 1900 113 35 patet,
371 1900 91 35 quia
428 1900 102 35 posse
496 1900 125 35 nostrae
586 1900 147 35 scientiae
688 1900 57 35 est

183 1927 152 41 finitum,
297 1927 63 41 &
323 1927 164 41 scientiae
449 1927 89 41 Dei
500 1927 89 41 est
550 1927 177 41 infinitum:
677 1927 63 41 fi-

187 1962 122 38 nitum
269 1962 136 38 autem,
364 1962 68 38 &
391 1962 176 38 infinitum
526 1962 95 38 non
580 1962 149 38 possunt
675 1962 68 38 es-

179 1997 76 40 se
217 1997 152 40 aequalia
331 1997 63 40 :
356 1997 215 40 consequentiam
534 1997 127 40 probo,
622 1997 101 40 quia
673 1997 63 40 il-

185 2029 94 42 lae
238 2029 175 42 virtutes,
373 2029 108 42 quae
440 2029 121 42 habet
521 2029 108 42 idem
588 2029 161 42 vltimum,
695 2029 54 42 in

185 2064 110 51 quod
254 2064 166 51 possunt,
378 2064 138 51 habent
475 2064 152 51 aequale
585 2064 138 51 posse:
682 2064 97 51 Nam

778 165 115 62 posse
855 165 179 62 cuiuslibet
995 165 166 62 accipitur
1123 165 77 62 ab
1161 165 128 62 vltimo
1238 165 102 62 virtu-

774 218 102 38 tis
833 218 88 38 in
877 218 117 38 quod
950 218 161 38 potest,
1067 218 161 38 vltimum
1184 218 146 38 autem,
1272 218 58 38 in

770 254 100 40 quod
832 254 125 40 potest
920 254 150 40 scientia
1032 254 100 40 Dei,
1095 254 88 40 est
1145 254 113 40 ratio
1207 254 125 40 deitatis

769 291 181 44 absoluta,
909 291 112 44 quae
978 291 209 44 simpliciter
1146 291 153 44 omnibus
1243 291 98 44 modis

776 317 88 42 est
827 317 163 42 infinita,
952 317 75 42 si
989 317 100 42 ergo
1052 317 150 42 scientia
1165 317 125 42 nostra
1240 317 100 42 posset

771 357 171 40 attingere
903 357 92 40 hoc
955 357 105 40 idem
1021 357 158 40 vltimum,
1140 357 184 40 necessario
1271 357 66 40 ha-

768 387 121 47 beret
848 387 107 47 idem
915 387 121 47 posse
995 387 94 47 cum
1035 387 54 47 ea

798 418 63 44 2
824 418 75 44 Si
861 418 151 44 scientia
974 418 126 44 nostra
1062 418 151 44 tenderet
1176 418 75 44 in
1213 418 101 44 idem
1264 418 75 44 obie

774 455 111 39 ctum
844 455 97 39 sub
899 455 125 39 eadem
983 455 153 39 ratione
1094 455 97 39 cum
1150 455 167 39 scientia
1261 455 70 39 Dei

774 485 186 51 sequeretur,
922 485 99 51 quod
984 485 99 51 duae
1046 485 161 51 scientiae
1158 485 173 51 subordinatae

778 522 159 40 haberent
897 522 106 40 idem
963 522 159 40 obiectum
1082 522 159 40 aequalis
1201 522 159 40 ambitus,

776 556 178 34 consequens
916 556 89 34 est
967 556 140 34 falsum,
1069 556 102 34 ergo
1133 556 64 34 &
1159 556 166 34 accidens,
1273 556 64 34 con

770 589 170 38 sequentia
900 589 91 38 est
953 589 117 38 nota,
1031 589 104 38 quia
1096 589 117 38 patet
1174 589 183 38 Theologiam

772 623 148 36 nostram
879 623 107 36 esse
946 623 228 36 subalternatam
1134 623 174 36 scientiae
1255 623 80 36 Dei.

767 653 140 50 Falsitas
872 653 140 50 apparet,
977 653 93 50 quia
1035 653 81 50 ita
1082 653 70 50 se
1117 653 116 50 habent
1198 653 93 50 duae
1245 653 81 50 scie-

766 691 94 43 tiae
825 691 210 43 subalternatae,
1000 691 117 43 sicut,
1082 691 58 43 &
1105 691 94 43 duae
1164 691 152 43 potentiae
1269 691 70 43 sub-

767 724 175 40 ordinatae:
905 724 75 40 at
943 724 100 40 duae
1005 724 163 40 potentiae
1131 724 200 40 subordinatae
1281 724 50 40 ne

769 754 138 49 queunt
866 754 138 49 habere
962 754 110 49 idem
1031 754 179 49 obiectum,
1169 754 124 49 sicut
1238 754 97 49 patet

769 792 80 39 de
809 792 121 39 sensu
889 792 214 39 particulari,
1063 792 67 39 &
1090 792 80 39 de
1130 792 121 39 sensu
1197 792 134 39 communi,

774 824 89 39 qui
825 824 114 39 habet
901 824 152 39 obiectum
1016 824 178 39 communius,
1155 824 102 39 ergo
1219 824 63 39 a
1231 824 102 39 simili

769 859 101 37 duae
833 859 164 37 scientiae
959 859 88 37 non
1009 859 152 37 poterunt
1123 859 126 37 habere
1199 859 126 37 obiectum

770 891 153 40 aequalis
885 891 255 40 vniuersalitatis:
1102 891 64 40 &
1127 891 127 40 maxime
1216 891 89 40 hoc
1255 891 76 40 vide

771 933 88 35 tur
821 933 200 35 impossibile,
983 933 88 35 vbi
1033 933 150 35 scientia
1146 933 88 35 Dei
1196 933 138 35 excedit
1283 933 50 35 in

772 952 167 50 infinitum
900 952 167 50 scientiam
1028 952 154 50 nostram:
1144 952 102 50 ergo
1195 952 64 50 &c.

806 995 59 42 3
830 995 94 42 Illa
889 995 106 42 ratio
959 995 153 42 concludit
1077 995 177 42 necessario;
1219 995 94 42 quae
1266 995 59 42 ac-

774 1026 113 37 cipit
850 1026 126 37 medium
938 1026 202 37 necessarium,
1102 1026 101 37 ista
1165 1026 88 37 est
1203 1026 126 37 huiusmo-

770 1062 88 41 di,
821 1062 113 41 ergo,
896 1062 113 41 probo
972 1062 151 41 minorem,
1086 1062 88 41 nam
1136 1062 88 41 per
1186 1062 88 41 hoc
1224 1062 101 41 proce-

764 1095 99 39 dit,
825 1095 99 39 quia
887 1095 148 39 habitus,
998 1095 62 39 &
1023 1095 111 39 actus
1097 1095 160 39 recipiunt
1208 1095 123 39 speciem,

773 1125 65 39 &
799 1125 195 39 quantitatem
955 1125 169 39 (loquendo
1086 1125 78 39 de
1125 1125 182 39 quantitate
1255 1125 78 39 vir-

770 1164 132 34 tutis)
862 1164 79 34 ab
902 1164 159 34 obiecto,
1021 1164 106 34 quod
1087 1164 132 34 omnino
1180 1164 93 34 est
1219 1164 106 34 verum,

771 1191 95 39 nam
826 1191 136 39 semper
921 1191 82 39 ex
962 1191 204 39 magnitudine
1125 1191 150 39 obiecti
1220 1191 109 39 potest

767 1224 116 48 argui
845 1224 168 48 magnitudo
974 1224 168 48 virtutis,
1103 1224 91 48 nam
1155 1224 129 48 quanto
1233 1224 91 48 obie-

766 1260 102 47 ctum
830 1260 89 47 est
881 1260 127 47 maius,
970 1260 115 47 tanto
1047 1260 140 47 virtus,
1149 1260 102 47 quae
1212 1260 76 47 in
1238 1260 89 47 ipsum

768 1294 120 42 potest
852 1294 84 42 est
900 1294 120 42 maior,
984 1294 96 42 vnde
1044 1294 72 42 si
1079 1294 144 42 obiectum
1187 1294 84 42 est
1223 1294 108 42 infini-

771 1333 99 36 tum,
832 1333 62 36 &
857 1333 123 36 virtus
943 1333 99 36 erit
1005 1333 160 36 infinita:
1129 1333 99 36 immo
1190 1333 74 36 si
1227 1333 86 36 hoc
1264 1333 62 36 non

770 1363 117 39 esset
848 1363 130 39 verum,
939 1363 156 39 perirent
1056 1363 130 39 multae
1133 1363 195 39 propositiones

769 1395 138 36 Aristo.
869 1395 75 36 In
906 1395 100 36 vij.
969 1395 100 36 phys
1031 1395 150 36 adductae
1144 1395 75 36 ex
1169 1395 163 36 proportione

770 1431 150 32 virtutis
883 1431 138 32 motiuae
983 1431 75 32 ad
1021 1431 113 32 ipsum
1096 1431 138 32 mobile,
1196 1431 100 32 ergo
1246 1431 75 32 men-

763 1457 138 50 suranda
863 1457 88 50 est
913 1457 150 50 scientia
1025 1457 75 50 ex
1063 1457 138 50 obiecto
1163 1457 150 50 secundum
1263 1457 63 50 fi-

771 1493 149 47 nitatem,
882 1493 87 47 vel
919 1493 174 47 infinitatem.

791 1527 91 45 Nec
843 1527 156 45 rationes
960 1527 156 45 adductae
1077 1527 130 45 contra
1168 1527 104 45 eam,
1233 1527 117 45 illam

758 1561 181 40 attingunt.
900 1561 91 40 Nam
952 1561 116 40 prima
1030 1561 142 40 videtur
1133 1561 168 40 implicare
1249 1561 65 40 con

768 1595 202 44 tradictionem:
935 1595 83 44 duo
982 1595 95 44 enim
1042 1595 107 44 dicit
1113 1595 119 44 primum
1196 1595 95 44 est,
1244 1595 71 44 quid

763 1628 84 40 res
811 1628 157 40 infinita,
932 1628 96 40 quae
992 1628 84 40 est
1040 1628 108 40 Deus,
1112 1628 157 40 obiicitur
1221 1628 96 40 Theolo

761 1667 89 42 giae
817 1667 134 42 nostrae,
917 1667 100 42 ratio
984 1667 100 42 autem
1051 1667 167 42 infinitatis
1184 1667 123 42 nostrae
1262 1667 56 42 non

765 1693 162 44 obijcitur,
893 1693 81 44 sed
939 1693 162 44 adnectitur
1066 1693 92 44 ipsi
1124 1693 139 44 obiecto,
1228 1693 92 44 eade
1274 1693 46 44 ve

765 1733 71 41 ro
801 1733 83 41 res
848 1733 142 41 infinita
954 1733 106 41 simul
1025 1733 83 41 cum
1072 1733 130 41 ratione
1167 1733 94 41 eius
1214 1733 106 41 infini-

764 1762 117 37 tatis
842 1762 168 37 obijcitur
971 1762 181 37 Theologiae
1114 1762 104 37 Dei,
1179 1762 78 37 ex
1217 1762 91 37 quo
1256 1762 65 37 di-

765 1798 84 42 cto
813 1798 156 42 sequitur,
933 1798 96 42 quod
993 1798 156 42 huiusmodi
1113 1798 156 42 scientiae
1221 1798 96 42 distin

757 1830 128 49 guantur
851 1830 82 49 per
897 1830 140 49 obiecta,
1003 1830 93 49 quia
1061 1830 105 49 ratio
1131 1830 175 49 infinitatis
1260 1830 58 49 in-

763 1873 152 34 cluditur
877 1873 76 34 in
915 1873 139 34 obiecto
1017 1873 177 34 Theologiae
1156 1873 101 34 Dei,
1220 1873 89 34 non
1258 1873 63 34 no-

763 1898 120 40 strae,
847 1898 72 40 ex
883 1898 96 40 alia
943 1898 108 40 autem
1015 1898 108 40 parte
1087 1898 120 40 ponit,
1171 1898 96 40 quod
1219 1898 96 40 huius-

760 1936 107 41 modi
827 1936 174 41 scientiae
960 1936 94 41 non
1014 1936 228 41 distinguantur
1201 1936 80 41 ex
1228 1936 94 41 parte

766 1965 154 34 obiecti,
882 1965 90 34 cum
933 1965 141 34 habeant
1036 1965 103 34 idem
1100 1965 154 34 obiectum
1215 1965 90 34 sub
1254 1965 64 34 ea-

766 1997 91 42 dem
818 1997 156 42 ratione,
935 1997 143 42 quantum
1039 1997 91 42 est
1092 1997 78 42 ex
1131 1997 117 42 parte
1196 1997 117 42 obiecti

762 2031 93 52 sed
815 2031 225 52 distinguuntur
1000 2031 119 52 solum
1080 2031 79 52 ex
1119 2031 119 52 parte
1186 2031 132 52 subiecti

757 2065 95 51 in
789 2065 95 51 quo.
