1500 2390
148 176 143 49 maxime
248 176 186 49 potentiam
391 176 157 49 agendi,
505 176 157 49 quamuis
619 176 100 49 ea,
662 176 86 49 quae

152 214 165 37 dicentur
276 214 138 37 infra,
373 214 110 37 sint
442 214 165 37 communia
566 214 124 37 etiam
635 214 110 37 poten-

155 248 105 39 tiae
221 248 171 39 patiendi.
352 248 184 39 Respondent
497 248 132 39 aliqui
589 248 79 39 ad
629 248 118 39 istum
694 248 53 39 ar

157 281 147 42 ticuium
263 281 174 42 dicentes,
397 281 107 42 quod
464 281 160 42 potentia
584 281 147 42 agendi,
677 281 67 42 vel

151 310 157 53 patiendi
269 310 157 53 importat
387 310 92 53 duo
439 310 79 53 in
479 310 92 53 suo
531 310 210 53 significato;
688 310 66 53 vi-

157 348 145 40 delicet
262 348 145 40 aliquid
367 348 184 40 absolutum,
512 348 66 40 &
539 348 145 40 aliquid
631 348 105 40 respe-

144 387 138 46 ctiuum
241 387 166 46 fundatum
366 387 125 46 super
449 387 125 46 illud
532 387 194 46 absolutum,
670 387 69 46 non

152 427 124 45 tamen
235 427 82 45 ex
276 427 137 45 aequo,
372 427 110 45 quia
441 427 179 45 absolutum
578 427 165 45 importat
688 427 55 45 in

147 460 173 45 recto,
268 460 225 45 respectum
441 460 139 45 vero
528 460 104 45 in
580 460 208 45 obliquo.

175 500 124 40 Quod
252 500 140 40 autem
345 500 186 40 importet
485 500 202 40 absolutum
640 500 93 40 in
671 500 78 40 re-

141 525 102 45 cto,
205 525 140 45 probant
307 525 102 45 per,
370 525 102 45 hoc,
434 525 102 45 quia
497 525 89 45 est
548 525 76 45 in
586 525 140 45 secunda
675 525 64 45 spe

141 567 105 36 ciae
207 567 197 36 qualitatis,
364 567 92 36 sed
417 567 105 36 quod
482 567 131 36 dicat,
574 567 171 36 respectum
692 567 53 36 in

151 592 159 46 obliquo,
270 592 159 46 deducunt
389 592 80 46 ex
429 592 106 46 modo
495 592 225 46 significandi,
668 592 80 46 quia

142 633 85 39 ex
184 633 100 39 suo
241 633 114 39 modo
313 633 228 39 significandi
498 633 128 39 dicit
583 633 157 39 ordinem
683 633 57 39 ad

148 668 146 44 actum,
250 668 116 44 Quod
323 668 131 44 patet
410 668 131 44 etiam
498 668 102 44 per
556 668 175 44 Auerroem
672 668 73 44 di-

145 703 148 42 centem,
252 703 108 42 quod
320 703 162 42 potentia
441 703 94 42 non
495 703 162 42 dicitur,
616 703 108 42 nisi
670 703 81 42 res-

148 746 115 34 pectu
225 746 128 34 actus;
315 746 77 34 si
353 746 103 34 ergo
418 746 154 34 potentia
533 746 167 34 importat,
648 746 103 34 respe-

144 778 126 35 ctum,
228 778 70 35 &
256 778 98 35 non
312 778 168 35 importat
438 778 98 35 eum
493 778 84 35 in
535 778 140 35 recto,
633 778 98 35 cum
675 778 70 35 sit

146 808 82 47 de
187 808 137 47 genere
283 808 205 47 qualitatis,
447 808 218 47 relinquitur,
624 808 109 47 quod
679 808 68 47 im-

148 848 137 37 portet
244 848 123 37 illum
326 848 82 37 in
367 848 164 37 obliquo,
490 848 68 37 &
517 848 177 37 absolutum
653 848 82 37 in
681 848 68 37 re-

154 875 96 52 cto;
214 875 60 52 &
238 875 96 52 idec
298 875 144 52 videntur
406 875 96 52 isti
467 875 132 52 dicere,
563 875 156 52 potentiam
671 875 72 52 esse

146 912 166 46 relariuum
274 912 141 46 secundu
376 912 115 46 dici,
453 912 89 46 nam
504 912 102 46 (per
568 912 102 46 eos)
632 912 102 46 haec
683 912 64 46 est

148 949 207 49 differentia
314 949 124 49 inter
396 949 165 49 relatiua
521 949 165 49 secundum
645 949 124 49 esse,
714 949 41 49 &

143 976 170 46 secundum
271 976 114 46 dici
341 976 114 46 quia
412 976 184 46 relatiua,
554 976 170 46 secundum
668 976 85 46 esse

149 1015 191 42 significant
302 1015 166 42 respectum
430 1015 77 42 in
468 1015 128 42 recto,
557 1015 153 42 relatiua
659 1015 77 42 vero

142 1054 161 42 secundum
263 1054 108 42 dici
330 1054 336 42 significantirespectum
625 1054 81 42 in
652 1054 81 42 obli

143 1089 109 43 quo,
212 1089 68 43 &
239 1089 177 43 absoiutum
375 1089 82 43 in
416 1089 136 43 recto.
511 1089 109 43 Hinc
566 1089 177 43 simplicius.

145 1127 78 42 in
184 1127 234 42 praedigamentis
379 1127 130 42 capite
470 1127 78 42 de
509 1127 169 42 relatione
639 1127 130 42 dicit,

145 1156 112 47 quod
215 1156 182 47 huiusmodi
355 1156 168 47 relatiua
480 1156 168 47 abundant
592 1156 140 47 relatio-

144 1200 88 45 ne,
194 1200 100 45 quod
256 1200 88 45 non
306 1200 88 45 est
356 1200 88 45 per
406 1200 125 45 aliud,
494 1200 100 45 nisi
556 1200 88 45 qua
606 1200 113 45 supor
669 1200 63 45 il-

141 1227 100 45 lud,
204 1227 100 45 quod
267 1227 125 45 dicunt
354 1227 75 45 in
392 1227 125 45 recto,
480 1227 75 45 vt
517 1227 100 45 sunt
580 1227 88 45 res
617 1227 113 45 aliorum

140 1271 308 49 praedicamentorum,
404 1271 249 49 superabundant
595 1271 147 49 speciali

145 1298 170 53 relatione
276 1298 79 53 in
302 1298 131 53 obliquo,

153 1307 107 72 lste
219 1307 120 72 modus
300 1307 147 72 dicendi
406 1307 147 72 deficit
513 1307 80 72 in
553 1307 147 72 duobus,
647 1307 80 72 Pri-

140 1376 82 32 mo
181 1376 82 32 in
222 1376 96 32 se,
277 1376 123 32 quia,
359 1376 136 32 ponit,
454 1376 96 32 hoc
509 1376 123 32 nomen
577 1376 150 32 potentiam

137 1407 200 44 signiftcare
297 1407 187 44 absolutum,
444 1407 67 44 &
470 1407 214 44 respectiuum;
631 1407 93 44 Quae-

145 1444 74 36 ro
182 1444 98 36 ergo
243 1444 74 36 ab
280 1444 98 36 eis;
341 1444 111 36 vtrum
415 1444 184 36 sgnificatio
562 1444 135 36 istorum
648 1444 74 36 duo-

130 1476 111 46 rum
193 1476 111 46 per
257 1476 127 46 vnum
336 1476 158 46 nomen,
447 1476 206 46 progeniat
605 1476 95 46 ex
636 1476 111 46 parte

140 1504 128 59 nostri
230 1504 102 59 modi
294 1504 218 59 intelligendi,
473 1504 64 59 &
499 1504 205 59 significandi
652 1504 77 59 tan-

138 1541 96 45 tum,
198 1541 84 45 vel
246 1541 108 45 etiam
318 1541 72 45 ex
354 1541 108 45 parte
426 1541 84 45 rei
462 1541 180 45 significatae.

171 1575 140 48 Primum
269 1575 98 48 non
325 1575 140 48 potest
423 1575 126 48 dici;
508 1575 98 48 Tum
564 1575 112 48 quia
620 1575 112 48 noster

142 1610 111 44 modus
215 1610 209 44 intelligendi,
388 1610 86 44 vel
437 1610 197 44 significatio
597 1610 111 44 talis
671 1610 86 44 no

143 1648 113 43 minis
219 1648 113 43 esset
295 1648 101 43 vana
358 1648 63 43 &
383 1648 164 43 fictitia,
509 1648 101 43 quia
572 1648 88 43 non
610 1648 113 43 haberet

138 1682 215 43 fundamentum
309 1682 86 43 in
352 1682 100 43 re:
409 1682 100 43 Tum
467 1682 114 43 quia
538 1682 129 43 illud
624 1682 129 43 abso

144 1724 132 40 lutum,
236 1724 106 40 quod
302 1724 185 40 importatur
448 1724 79 40 in
487 1724 119 40 recto
566 1724 92 40 per
619 1724 92 40 hoc
659 1724 66 40 non

140 1754 102 44 men,
204 1754 141 44 quantum
307 1754 90 44 est
358 1754 77 44 ex
396 1754 115 44 parte
473 1754 102 44 sui,
537 1754 128 44 posset
614 1754 115 44 signifi

138 1792 109 44 cati&
211 1792 158 44 intelligi
332 1792 97 44 sine
393 1792 158 44 respectu,
514 1792 97 44 quod
575 1792 85 44 est
612 1792 109 44 falsum,

136 1826 151 45 videmus
246 1826 110 45 enim
314 1826 192 45 manifeste,
465 1826 110 45 quod
533 1826 96 45 ea,
588 1826 110 45 quae
643 1826 82 45 sunt

138 1861 76 49 in
176 1861 139 49 secuuda
277 1861 126 49 specie
366 1861 190 49 qualitatis,
518 1861 89 49 non
556 1861 164 49 significan-

138 1896 141 51 tur,
227 1896 141 51 nisi
315 1896 106 51 in
368 1896 212 51 respectu
527 1896 106 51 ad
562 1896 159 51 actum..

163 1931 178 52 Secundum
296 1931 133 52 etiam
385 1931 118 52 dici
459 1931 163 52 nequit,
578 1931 118 52 puta
637 1931 89 52 quod

138 1965 136 48 pueniat
237 1965 74 48 ex
274 1965 111 48 parte
348 1965 87 48 rei
397 1965 198 48 intellectae,
558 1965 62 48 &
571 1965 148 48 significa-

139 2003 92 45 tae,
197 2003 92 45 quia
255 2003 92 45 tunc
313 2003 92 45 ista
370 2003 81 45 res
416 2003 185 45 significata,
566 2003 138 45 scilicet
659 2003 69 45 secu

132 2032 79 54 da
171 2032 146 54 species
277 2032 199 54 qualitatis,
436 2032 119 54 esset
516 2032 172 54 composita
648 2032 79 54 ex
675 2032 66 54 re-

129 2070 100 46 bus
186 2070 201 46 diuersorum
344 2070 301 46 praedicamentorum,
601 2070 115 46 puta
659 2070 57 46 ex

133 2113 173 44 absoluto,
266 2113 67 44 &
292 2113 200 44 respectiuo,
452 2113 67 44 &
479 2113 93 44 sic
532 2113 120 44 esset
612 2113 93 44 ens
651 2113 67 44 per

111 2142 171 59 accidens

794 156 95 66 Nec
849 156 136 66 valet,
944 156 81 66 si
984 156 149 66 dicant,
1093 156 176 66 huiusmodi
1215 156 136 66 respectm

765 195 200 53 significatum
927 195 75 53 in
964 195 137 53 obliquo
1064 195 87 53 non
1114 195 100 53 esse
1176 195 75 53 de
1201 195 150 53 essentiali

766 247 174 44 ugnificato
903 247 112 44 ipsis
977 247 174 44 potentiae,
1114 247 87 44 sed
1164 247 112 44 magis
1226 247 125 44 consequi

758 281 114 49 eam,
829 281 71 49 &
858 281 100 49 sic
915 281 100 49 non
972 281 157 49 ingredi
1086 281 243 49 compositionem
1272 281 71 49 sua

758 316 197 41 essentiae.
912 316 112 41 Quia
983 316 112 41 tunc
1053 316 112 41 pero
1123 316 84 41 ab
1165 316 112 41 eis,
1222 316 126 41 quomodo

758 352 185 44 praefatus
900 352 185 44 respectus
1042 352 213 44 consequatur
1212 352 128 44 istam
1283 352 71 44 rem

757 389 195 42 absolutam,
911 389 112 42 quae
980 389 209 42 denominatur
1148 389 181 42 potentia;
1287 389 98 42 nam

761 421 93 51 vel
814 421 199 51 consequitur
973 421 106 51 eam,
1039 421 80 51 vt
1079 421 146 51 aliquid
1185 421 172 51 pertinens
1304 421 53 51 ad

761 456 99 47 uam
817 456 198 47 essentiam,
973 456 99 47 vel
1030 456 85 47 vt
1072 456 156 47 quaedam
1171 456 184 47 proprietas;

759 492 86 41 Si
802 492 144 41 dicant
903 492 158 41 primum,
1018 492 158 41 habemus
1133 492 216 41 propositum,
1291 492 58 41 si

758 527 104 48 vero
823 527 130 48 dicant
915 527 157 48 secudum,
1032 527 170 48 sequitur,
1162 527 104 48 quod
1228 527 104 48 ista
1280 527 65 48 res

760 562 165 40 absoluta,
887 562 140 40 quantum
989 562 89 40 est
1040 562 76 40 de
1078 562 89 40 se,
1128 562 127 40 possit
1205 562 152 40 intelligi,

763 596 68 46 &
791 596 164 46 definiri
914 596 109 46 sine
982 596 178 46 respectu,
1119 596 109 46 quod
1187 596 123 46 patet
1255 596 96 46 essei

622 633 728 47 falsum..

776 662 149 48 Secundo
885 662 163 48 deficit,
1007 662 81 48 in
1048 662 95 48 suo
1102 662 203 48 fundamento;
1251 662 95 48 vide-

751 704 94 42 tur
804 704 108 42 enim
872 704 81 42 se
912 704 148 42 fundare
1020 704 121 42 super
1101 704 108 42 hoc,
1169 704 108 42 quod
1223 704 121 42 relati-

761 741 82 39 ua
802 741 164 39 secundum
925 741 109 39 dici
994 741 137 39 dicant
1089 741 150 39 aliquid
1185 741 150 39 absolutun

754 773 77 42 in
793 773 128 42 recto,
883 773 64 42 &
908 773 154 42 aliquid,
1024 773 193 42 respectiuum
1178 773 77 42 in
1217 773 154 42 obliquo,

762 807 134 48 quod
846 807 168 48 reputo
964 807 185 48 falsum.

784 845 147 41 Primo,
887 845 117 41 quia
961 845 220 41 sequeretur,
1137 845 117 41 quod
1195 845 162 41 fundamen-

751 879 92 47 tum
803 879 184 47 relationis
948 879 118 47 esset
1027 879 105 47 quid
1092 879 184 47 relatiuum,
1237 879 105 47 quod
1289 879 66 47 est

757 910 140 47 falsum
855 910 224 47 Consequentia
1037 910 126 47 patet
1121 910 98 47 per
1177 910 154 47 eosmes,
1275 910 84 47 quia

762 950 111 48 psi,
832 950 153 48 ponunt,
943 950 111 48 quod
1012 950 180 48 relatiuum
1151 950 167 48 secundum
1262 950 83 48 dici

754 982 157 41 importet
872 982 79 41 in
911 982 118 41 recto
990 982 144 41 aliquid
1094 982 183 41 absolutum.
1238 982 92 41 vel
1278 982 65 41 er-

757 1023 89 44 go
802 1023 149 44 dicent
906 1023 193 44 huiusmodi
1055 1023 193 44 absolutum
1188 1023 149 44 secundum

758 1050 77 46 se
797 1050 154 46 sumptum,
913 1050 103 46 esse
977 1050 180 46 relatiuum,
1118 1050 167 46 scetindum
1247 1050 116 46 dici,

750 1085 102 41 vel
809 1085 175 41 quatenus
940 1085 219 41 fundamentum
1115 1085 131 41 talis
1188 1085 160 41 respectus

754 1125 160 48 importat
874 1125 80 48 in
914 1125 160 48 obliquo;
1034 1125 93 48 Non
1087 1125 147 48 possunt
1193 1125 133 48 dicere
1273 1125 67 48 pri

753 1156 118 48 mum,
827 1156 133 48 quia,
916 1156 148 48 nullum
1020 1156 192 48 absolutum
1167 1156 178 48 secundum
1286 1156 59 48 se

755 1191 153 44 sumptum
867 1191 98 44 est
922 1191 195 44 relatiuum;
1076 1191 84 44 Si
1118 1191 126 44 autem
1202 1191 140 44 dicant
1285 1191 70 44 se-

754 1231 125 47 cundum
842 1231 151 47 habemus,
955 1231 151 47 ppositum
1068 1231 113 47 probo
1143 1231 176 47 falsitate,
1269 1231 75 47 quia

745 1269 227 37 fundamentum
927 1269 91 37 in
972 1269 167 37 quantum
1093 1269 242 37 fundamentum,
1275 1269 76 37 non

745 1301 158 39 includit
863 1301 197 39 relationem,
1021 1301 158 39 alioquin
1139 1301 145 39 relatio
1231 1301 105 39 funda-

754 1331 92 48 ret
806 1331 79 48 se
846 1331 131 48 ipsam,
938 1331 171 48 relatiuum
1069 1331 118 48 autem
1148 1331 158 48 secundum
1266 1331 118 48 dici

743 1372 167 44 includit
868 1372 209 44 relationem,
1035 1372 111 44 quia
1105 1372 139 44 semper
1188 1372 167 44 concretum.

752 1410 169 43 ncludit
874 1410 153 43 formam
966 1410 230 43 denominantem,

784 1436 160 47 Secundo
900 1436 218 47 sequeretur,
1074 1436 116 47 quod
1146 1436 189 47 relatiuum
1277 1436 73 47 se-

751 1475 133 41 cundum
844 1475 106 41 dici
910 1475 120 41 esset
990 1475 173 41 relatiuum
1123 1475 160 41 secundum
1243 1475 120 41 esse,

747 1513 73 42 &
777 1513 73 42 e
806 1513 191 42 conuerso,
953 1513 250 42 Consequentiam
1159 1513 147 42 probo.
1247 1513 88 42 Quia

754 1554 111 41 ipsi,
827 1554 135 41 ponunt,
926 1554 98 41 quod
987 1554 98 41 illa
1049 1554 147 41 relatio,
1159 1554 98 41 quae
1208 1554 123 41 importa-

753 1585 89 40 tut
804 1585 89 40 per
855 1585 165 40 relatiuum
982 1585 152 40 secundum
1096 1585 114 40 dici,
1172 1585 89 40 sit
1223 1585 102 40 vera
1274 1585 63 40 re-

753 1615 104 44 atio
818 1615 156 44 secundum
935 1615 104 44 esse
1000 1615 78 44 de
1039 1615 130 44 genere
1131 1615 195 44 relationis.
1274 1615 65 44 Si-

751 1654 92 38 cut
803 1654 105 38 ergo
869 1654 92 38 vna
922 1654 132 38 albedo
1014 1654 92 38 non
1067 1654 184 38 constituit
1211 1654 105 38 nisi
1264 1654 79 38 vnum

750 1687 122 42 album,
835 1687 85 42 ita
884 1687 85 42 vna
933 1687 134 42 relatio
1031 1687 85 42 non
1080 1687 171 42 constituit
1214 1687 98 42 nisi
1263 1687 73 42 vnum

744 1723 179 40 relatiuum,
885 1723 89 40 vel
936 1723 102 40 ergo
1000 1723 115 40 illud
1077 1723 179 40 relatiuum,
1217 1723 102 40 quod
1268 1723 77 40 con-

745 1757 155 39 stituit,
861 1757 90 39 est
913 1757 129 39 tantum
1003 1757 168 39 relatiuum
1132 1757 155 39 secundum
1249 1757 116 39 esse,

750 1796 72 40 &
778 1796 115 40 tunc
850 1796 186 40 carebimus
993 1796 172 40 relatiuo
1122 1796 172 40 secundum
1237 1796 100 40 dici;

748 1822 95 48 vel
803 1822 95 48 est
857 1822 136 48 tantum
953 1822 177 48 relatiuum
1089 1822 163 48 secundum
1211 1822 123 48 dici,
1293 1822 68 48 &

743 1863 92 39 hoc
795 1863 92 39 non
848 1863 144 39 videtur
952 1863 131 39 verum,
1044 1863 118 39 quia,
1123 1863 92 39 cum
1175 1863 92 39 sit
1227 1863 105 39 vera
1280 1863 52 39 re

748 1899 125 41 latio,
835 1899 175 41 necessario
973 1899 188 41 constituit,
1123 1899 163 41 relatiuum
1235 1899 100 41 secun-

742 1936 87 42 dum
791 1936 112 42 esse,
866 1936 124 42 isicut
953 1936 112 42 aliae
1027 1936 186 42 relationes.
1176 1936 186 42 Relinquitur

750 1970 113 40 ergo,
826 1970 101 40 quod
889 1970 113 40 illud
965 1970 177 40 relatiuum,
1103 1970 101 40 quod
1166 1970 189 40 constituit,
1305 1970 38 40 q

746 1999 93 49 sit
799 1999 120 49 simub
879 1999 173 49 relatiuum
1012 1999 107 49 scdm
1079 1999 120 49 esse,
1159 1999 67 49 &
1185 1999 107 49 sedm
1252 1999 120 49 dici

784 2032 135 43 Tertio
878 2032 175 43 sequitur,
1012 2032 108 43 quod
1080 2032 175 43 relatiuum
1201 2032 148 43 secundum.

743 2069 99 50 dici
804 2069 86 50 non
854 2069 99 50 sit,
915 2069 160 50 relatiuum
1038 2069 74 50 ex
1075 2069 111 50 alio,
1149 2069 99 50 nisi
1211 2069 99 50 quia
1260 2069 86 50 illud

746 2106 178 55 absolutum,
886 2106 102 55 quod
950 2106 178 55 significat
1089 2106 76 55 in
1128 2106 127 55 recto,
1204 2106 127 55 necessa-

744 2141 95 53 rio
798 2141 135 53 fundat
892 2141 203 53 relationem,
1054 2141 81 53 vt
1095 2141 81 53 ad
1135 2141 162 53 listetam
1243 2141 108 53 viden
