1500 2315
157 166 155 58 Praeterea
277 166 132 58 deficit
372 166 143 58 praefata
480 166 132 58 solutio
575 166 72 58 in
599 166 96 58 duobus

132 222 123 36 alijs.
218 222 123 36 Primum
304 222 98 36 est,
365 222 98 36 quia
426 222 135 36 videtur
524 222 135 36 ponere,
610 222 74 36 quod

138 245 160 44 infinitas
260 245 86 44 non
310 245 172 44 includatur
445 245 74 44 in
481 245 135 44 ratione
567 245 123 44 deitatis

131 280 163 46 absoluta,
256 280 113 46 cuius
331 280 175 46 contrariam
468 280 150 46 superius
581 280 100 46 fuit
631 280 63 46 pro

136 314 132 36 batum.
228 314 158 36 Secundum
347 314 105 36 est,
412 314 105 36 quia
478 314 132 36 ponit,
570 314 105 36 quod
623 314 66 36 in-

142 349 128 42 finitas
236 349 82 42 non
282 349 152 42 obijcitur
399 349 163 42 Theologiae
528 349 140 42 nostrae,
633 349 82 42 sed

134 383 132 36 tantum
226 383 106 36 Dei,
292 383 79 36 ex
332 383 92 36 quo
385 383 158 36 sequitur
503 383 172 36 oppositum
622 383 66 36 non

138 415 117 41 strum
216 415 65 41 &
242 415 181 41 contrarium
384 415 117 41 eius,
462 415 104 41 quod
527 415 104 41 ipsi
578 415 117 41 intende

140 448 112 39 bant,
214 448 87 39 nam
264 448 75 39 ex
301 448 75 39 eo
338 448 99 39 quod
400 448 137 39 aliquid
500 448 99 39 plus
549 448 137 39 obiicitus

135 482 182 50 Theologiae
278 482 91 50 Dei
330 482 78 50 de
369 482 156 50 obiecto,
485 482 104 50 quam
537 482 156 50 Theologiae

143 514 143 43 nostrae,
250 514 143 43 sequitur
357 514 178 43 necessario,
500 514 95 43 quod
559 514 95 43 tale
607 514 83 43 obie-

134 550 103 43 ctum
198 550 205 43 restringatur
365 550 90 43 per
417 550 141 43 aliquam
519 550 154 43 rationem
622 550 64 43 spi

145 584 134 50 cialem,
242 584 109 50 prout
315 584 158 50 obijcitur
437 584 170 50 Theologiae
558 584 122 50 nostrae.

171 617 139 39 Secunda
273 617 114 39 eorum
348 617 114 39 ratio
424 617 152 39 deficit,
538 617 101 39 quia
589 617 101 39 ponit,

137 647 105 46 quod
202 647 157 46 finitum,
320 647 65 46 &
346 647 170 46 infinitum
477 647 105 46 sunt
529 647 170 46 conditiones

145 683 156 41 attributae
267 683 145 41 scientiae
379 683 78 41 non
424 683 123 41 ratione
513 683 134 41 obiecti,
613 683 78 41 sed
646 683 45 41 ra

141 717 113 51 tione
217 717 151 51 subiecti
330 717 76 51 in
368 717 101 51 quo,
431 717 113 51 cuius
507 717 176 51 contrarium
633 717 63 51 su-

142 749 131 51 perius
234 749 92 51 est
273 749 131 51 ostensum

181 761 117 60 Tertia
263 761 117 60 ratio,
345 761 59 60 &
369 761 129 60 solutio
463 761 152 60 similiter
580 761 141 60 deficit,

143 820 94 42 quia
202 820 82 42 non
249 820 164 42 requiritur
377 820 164 42 adaequatio
506 820 105 42 inter
564 820 129 42 obiectum.

140 853 69 45 &
168 853 137 45 actum,
264 853 96 45 seu
319 853 165 45 habitum,
443 853 151 45 quantum
553 853 82 45 ad
580 853 110 45 verita

151 887 80 39 tem
196 887 137 39 speciei,
299 887 69 39 vt
334 887 137 39 scientia
437 887 92 39 vere
494 887 80 39 sit
540 887 137 39 lapidea,
631 887 69 39 quia

150 923 88 40 est
201 923 76 40 de
239 923 139 40 lapide,
339 923 88 40 sed
390 923 113 40 solum
466 923 176 40 requiritur
592 923 113 40 quantum

148 951 75 44 ad
185 951 187 44 quantitatem
335 951 162 44 virtutis;
459 951 87 44 nam
509 951 87 44 (vt
559 951 125 44 dictum
634 951 62 44 est

152 985 158 43 superius)
274 985 73 43 ex
310 985 134 43 obiecto
408 985 134 43 maiore,
505 985 146 43 arguitur
603 985 97 43 maiori

156 1021 80 37 tas
201 1021 68 37 in
235 1021 137 37 virente,
338 1021 57 37 &
361 1021 91 37 ideo
417 1021 68 37 si
452 1021 137 37 tollatur
554 1021 91 37 haec
600 1021 102 37 adaequa

152 1058 90 38 tio,
208 1058 101 38 nulla
275 1058 90 38 erit
331 1058 101 38 ratio
399 1058 202 38 adaequationis.
567 1058 101 38 Actus
623 1058 79 38 ergo,

147 1089 64 43 &
173 1089 142 43 habitus
276 1089 167 43 tecipiunt
405 1089 155 43 speciem,
521 1089 64 43 &
534 1089 167 43 quantitaten

149 1120 79 49 ex
188 1120 145 49 obiecto
294 1120 211 49 diuersimode,
465 1120 92 49 nam
518 1120 145 49 quantum
623 1120 79 49 ad
649 1120 53 49 de

146 1157 210 40 terminationem
319 1157 136 40 speciei
418 1157 148 40 vtrumque
529 1157 136 40 recipit
615 1157 87 40 eoden

147 1187 116 46 modo,
225 1187 116 46 sicut
302 1187 103 46 enim
366 1187 155 46 obiectum
483 1187 181 46 determinat
612 1187 90 46 actum

156 1223 67 40 &
182 1223 147 40 habitum
290 1223 80 40 ad
330 1223 161 40 speciem,
450 1223 94 40 ita
504 1223 188 40 determinat
638 1223 67 40 eos

152 1258 73 36 ad
188 1258 182 36 quantitatem
334 1258 97 36 suae
394 1258 157 36 virtutis,
515 1258 61 36 &
540 1258 109 36 sicut
612 1258 85 36 non
649 1258 48 36 ob

148 1288 128 43 stante
238 1288 231 43 determinatione
430 1288 128 43 actus,
520 1288 64 43 &
545 1288 141 43 habitus
635 1288 64 43 per

155 1322 166 44 obiectum,
283 1322 90 44 non
334 1322 102 44 sunt
398 1322 141 44 eiusdem
500 1322 141 44 speciei
603 1322 90 44 cum
641 1322 64 44 ob-

152 1355 126 39 iecto,
241 1355 88 39 ita
291 1355 88 39 non
341 1355 151 39 obstante
455 1355 227 39 determinatione
631 1355 76 39 quan

152 1393 95 35 tum
207 1393 81 35 ad
247 1393 204 35 quantitatem
410 1393 176 35 virtutis,
546 1393 122 35 eorum
614 1393 95 35 tamen

150 1426 155 40 quantitas
270 1426 84 40 non
317 1426 84 40 est
365 1426 132 40 eiusdem
461 1426 143 40 speciei,
568 1426 84 40 nec
604 1426 96 40 ratio.

145 1463 96 33 nis
200 1463 96 33 cum
255 1463 192 33 quantitate
406 1463 164 33 obiecti.
529 1463 151 33 Quantum
625 1463 82 33 ergo

155 1495 75 38 ad
192 1495 112 38 talem
267 1495 237 38 determinationem
466 1495 87 38 est
516 1495 87 38 ibi
553 1495 150 38 similitudo

152 1526 86 37 cum
201 1526 184 37 diuersitate
348 1526 148 37 speciei,
459 1526 86 37 sed
508 1526 135 37 quantum
607 1526 74 37 ad
631 1526 74 37 com-

156 1556 224 44 mensurationem
340 1556 92 44 est
393 1556 92 44 ibi
446 1556 237 44 dissimilitudo,
630 1556 79 44 quia

147 1589 136 45 actus,
243 1589 68 45 &
270 1589 150 45 habitus
379 1589 245 45 commensurantur
569 1589 136 45 obiecto,

147 1625 99 47 non
204 1625 170 47 secundum
331 1625 114 47 suam
402 1625 170 47 speciem,
530 1625 99 47 sed
573 1625 142 47 secundum

154 1660 176 38 quantitatem
295 1660 153 38 virtutis,
413 1660 94 38 quia
471 1660 94 38 tota
530 1660 117 38 virtus
612 1660 117 38 actus,

159 1692 87 43 vel
208 1692 136 43 habitus
307 1692 149 43 attingit
419 1692 112 43 totam
493 1692 186 43 quantitatem
630 1692 74 43 obio

153 1724 93 42 cti
206 1724 106 42 sibi
272 1724 172 42 adaequati
405 1724 93 42 per
458 1724 146 42 quandam
551 1724 159 42 commensura

156 1765 126 37 tionem
245 1765 177 37 virtualem,
384 1765 101 37 quae
447 1765 88 37 non
497 1765 126 37 potest
586 1765 101 37 esse
636 1765 76 37 sine

159 1790 196 46 aequalitate,
318 1790 61 46 &
343 1790 98 46 ideo
404 1790 123 46 optime
490 1790 74 46 ex
527 1790 172 46 infinitate
650 1790 61 46 ob-

157 1826 104 46 iecti
227 1826 116 46 potest
308 1826 104 46 argui
377 1826 150 46 infinitas
493 1826 116 46 actus,
574 1826 58 46 &
597 1826 81 46 sic
632 1826 81 46 appa-

158 1862 93 41 ret
211 1862 107 41 quod
278 1862 107 41 ipsi
344 1862 173 41 procedunt
477 1862 213 41 argumentando
650 1862 67 41 a
664 1862 53 41 se

158 1894 135 45 cundum
252 1894 108 45 quid
320 1894 81 45 ad
360 1894 203 45 simpliciter
522 1894 176 45 negatiue;
644 1894 68 45 nam

162 1928 91 43 cum
214 1928 156 43 dicitur,
331 1928 104 43 quod
396 1928 156 43 habitus,
512 1928 65 43 &
538 1928 156 43 obiectum
642 1928 65 43 non

157 1956 106 47 sunt
223 1956 172 47 adaequata
355 1956 158 47 secundum
473 1956 158 47 virtutem
579 1956 132 47 speciei,

167 1991 154 46 loquuntur
285 1991 71 46 de
321 1991 189 46 adaequatione
475 1991 189 46 simpliciter,
628 1991 83 46 cum
664 1991 47 46 po

164 2024 97 38 stea
225 2024 146 38 inferunt
334 2024 97 38 ergo
395 2024 85 38 non
444 2024 97 38 sunt
504 2024 170 38 adaequata,
626 2024 85 38 secu-

165 2058 90 54 dum
217 2058 206 54 aequalitatem
384 2058 206 54 quantitatis,
552 2058 167 54 loquuntur
667 2058 52 54 de

705 177 230 52 adequatione
889 177 184 52 secundum
1012 177 92 52 quid

745 217 152 51 VIterius
859 217 152 51 rationes
973 217 114 51 eorum
1049 217 89 51 non
1100 217 190 51 concludunt,

699 249 177 48 quibus
823 249 124 48 sic
877 249 248 48 respondetur.

739 287 82 38 Ad
780 287 151 38 primam,
890 287 96 38 cum
945 287 164 38 quaerunt
1068 287 110 38 quid
1137 287 96 38 sit
1178 287 82 38 ista

709 320 105 37 ratio
779 320 163 37 specialis,
907 320 186 37 respondetur,
1058 320 93 37 quod
1116 320 81 37 est
1151 320 105 37 quaedam

711 357 149 40 praecisio
825 357 149 40 virtualis
939 357 137 40 existens
1042 357 69 40 in
1076 357 114 40 diuina
1145 357 114 40 essentia

709 387 115 42 prout
786 387 115 42 habet
862 387 153 42 rationem
977 387 140 42 obiecti
1079 387 153 42 respectu
1182 387 89 42 scien

705 420 106 36 tiae
771 420 159 36 nostrae,
890 420 199 36 quemadmodum
1050 420 106 36 esse
1103 420 159 36 mensuratum

705 449 76 42 in
743 449 101 42 motu
807 449 101 42 Celi
870 449 89 42 est
921 449 127 42 quedam
1010 449 139 42 diuisio
1111 449 177 42 virtualis,

709 490 103 41 quam
773 490 116 41 habet
851 490 116 41 motus
928 490 116 41 prout
1005 490 167 41 obijcitur
1133 490 116 41 actui
1198 490 64 41 ani

707 522 89 44 mae
758 522 139 44 nostrae
859 522 203 44 mensurantis:
1024 522 89 44 qua
1075 522 139 44 propter
1176 522 114 44 sicut

703 548 103 51 illa
767 548 141 51 diuisio
870 548 90 51 non
921 548 116 51 addit
998 548 141 51 aliquam
1101 548 90 51 rem
1152 548 116 51 supra
1217 548 51 51 mo

710 583 98 47 tum,
771 583 86 47 nec
820 583 86 47 sit
869 583 86 47 per
918 583 135 47 aliquid
1017 583 160 47 positiuum
1127 583 135 47 intrinse-

707 616 104 50 cum,
772 616 91 50 sed
824 616 91 50 per
876 616 117 50 actum
954 616 130 50 animae
1044 616 182 50 existentis
1174 616 91 50 extra

710 660 120 40 motum,
794 660 84 40 ita
842 660 156 40 praecisio
962 660 96 40 haec
1022 660 156 40 virtualis
1142 660 72 40 in
1166 660 96 40 diuina

709 688 158 39 essentia
827 688 92 39 non
880 688 119 39 addit
959 688 145 39 aliquam
1064 688 92 39 rem
1117 688 119 39 supra
1183 688 79 39 eam:

714 721 81 43 nec
761 721 81 43 fit
807 721 81 43 per
853 721 127 43 aliquid
945 721 127 43 positum
1037 721 69 43 ab
1071 721 115 43 intra,
1152 721 81 43 sed
1186 721 81 43 solum

709 756 88 35 fit
760 756 88 35 per
810 756 213 35 coexistentiam
985 756 125 35 nostri
1072 756 150 35 habitus,
1185 756 63 35 &
1197 756 63 35 no-

715 784 92 41 stri
773 784 104 41 actus
843 784 81 41 sic
889 784 162 41 exigentis.
1016 784 69 41 Et
1050 784 92 41 ideo
1108 784 104 41 sicut
1178 784 81 41 non
1212 784 58 41 ob-

717 814 122 52 stante
802 814 97 52 quod
863 814 97 52 illa
924 814 134 52 diuisio
1021 814 85 52 non
1069 814 85 52 sit
1118 814 85 52 per
1155 814 109 52 aliquid

709 857 143 44 additum
813 857 78 44 ad
852 857 130 44 intra,
943 857 117 44 facit
1022 857 117 44 tamen
1100 857 117 44 motum
1165 857 104 44 differ

710 891 73 37 re
746 891 60 37 a
770 891 133 37 seipso,
867 891 60 37 &
891 891 97 37 esse
952 891 145 37 alterius
1060 891 145 37 rationis
1157 891 109 37 trahens

718 928 110 39 etiam
791 928 110 39 ipsum
865 928 74 39 ad
902 928 110 39 aliud
975 928 123 39 genus,
1061 928 86 39 ita
1110 928 159 39 praecisio
1220 928 49 39 in

721 954 114 38 diuina
801 954 137 38 essentia
903 954 103 38 facit
972 954 80 38 eam
1018 954 137 38 differte
1120 954 57 38 a
1143 954 69 38 se
1178 954 91 38 ipsa
1223 954 46 38 in

718 992 148 34 tantum,
825 992 108 34 quod
893 992 121 34 actus
974 992 135 34 noster
1068 992 121 34 prout
1135 992 135 34 termina-

719 1024 78 46 tur
763 1024 67 46 ad
797 1024 78 46 eam
841 1024 78 46 sub
885 1024 89 46 tali
941 1024 178 46 praecisione,
1085 1024 122 46 dicitur
1174 1024 122 46 finita,

722 1055 59 37 &
746 1055 94 37 sine
804 1055 70 37 ea
840 1055 129 37 dicitur
934 1055 176 37 simpliciter
1063 1055 129 37 infinita.

756 1087 77 46 Ad
795 1087 128 46 formam
884 1087 102 46 ergo
948 1087 179 46 argumenti,
1088 1087 89 46 cum
1139 1087 153 46 dicitur,

716 1120 73 41 si
752 1120 109 41 ratio
825 1120 97 41 haec
886 1120 170 41 specialis,
1019 1120 85 41 est
1068 1120 109 41 idem,
1141 1120 97 41 quod
1189 1120 85 41 ratio

724 1156 151 40 deitatis,
841 1156 93 40 ista
899 1156 82 40 est
946 1156 151 40 insinita,
1062 1156 93 40 ergo
1121 1156 58 40 &
1144 1156 105 40 illa;
1202 1156 70 40 Dico

720 1192 99 34 quod
781 1192 111 34 istae
855 1192 160 34 processus
978 1192 123 34 peccat
1065 1192 74 34 in
1102 1192 148 34 materia,
1212 1192 62 34 &
1225 1192 49 34 in

717 1224 126 39 forma:
805 1224 75 39 in
843 1224 138 39 materia
943 1224 126 39 quidem
1031 1224 100 39 quia
1094 1224 113 39 licet
1157 1224 113 39 relatio

719 1259 85 39 non
767 1259 194 39 distinguatur
925 1259 73 39 ab
962 1259 158 39 essentia,
1083 1259 170 39 distinguit
1204 1259 61 39 ta-

724 1290 93 42 men
777 1290 172 42 personas,
909 1290 106 42 quod
975 1290 93 42 non
1028 1290 119 42 facit
1107 1290 172 42 essentia;
1226 1290 53 42 in

720 1327 111 36 forma
794 1327 111 36 autem
868 1327 87 36 per
918 1327 161 36 fallaciam
1042 1327 211 36 consequentis,
1203 1327 74 36 quia

721 1363 84 40 non
769 1363 120 40 valet,
853 1363 72 40 si
888 1363 120 40 aliqua
972 1363 96 40 sunt
1032 1363 96 40 idem
1092 1363 155 40 realiter,
1199 1363 72 40 ergo

722 1393 175 47 conueniunt
859 1393 75 47 in
896 1393 150 47 quolibet
1008 1393 175 47 attributo,
1145 1393 100 47 quia
1195 1393 75 47 tunc

726 1428 126 42 essent
815 1428 101 42 idem
878 1428 164 42 realiter,
1004 1428 63 42 &
1030 1428 139 42 omnibus
1118 1428 101 42 modis.

746 1458 86 39 Ad
789 1458 172 39 secundam
918 1458 158 39 concedo
1033 1458 172 39 maiorem,
1162 1458 72 39 &
1191 1458 86 39 ad
1220 1458 57 39 mi

723 1491 111 40 norem
796 1491 111 40 dico,
870 1491 98 40 quod
932 1491 98 40 illa
993 1491 111 40 ratio
1067 1491 86 40 est
1116 1491 135 40 ipsamet
1202 1491 74 40 dei-

731 1527 94 48 tas,
790 1527 106 48 prout
861 1527 189 48 restringitur
1014 1527 83 48 per
1062 1527 94 48 hanc
1121 1527 142 48 rationem
1215 1527 59 48 spe

707 1558 128 38 cialem

763 1591 73 48 Ad
799 1591 232 48 confirmationem,
995 1591 98 48 quod
1055 1591 73 48 si
1092 1591 110 48 ratio
1153 1591 122 48 glorifi-

723 1622 126 46 catoris
814 1622 103 46 esset
883 1622 126 46 finita,
974 1622 80 46 non
1020 1622 137 46 satiaret
1123 1622 126 46 beatos,
1203 1622 69 46 nego

719 1658 269 44 consequentiam.
943 1658 90 44 Ad
988 1658 224 44 probationem
1167 1658 134 44 dico,

726 1701 99 39 quod
787 1701 111 39 verum
861 1701 99 39 est,
923 1701 74 39 si
960 1701 86 39 ita
1009 1701 86 39 sit
1058 1701 148 39 finitum,
1169 1701 99 39 quod
1218 1701 62 39 non

725 1734 145 39 repleat
830 1734 197 39 capacitatem
988 1734 197 39 voluntatis,
1146 1734 92 39 hoc
1185 1734 92 39 autem

726 1761 84 49 non
774 1761 84 49 est
822 1761 72 49 in
858 1761 167 49 proposito.
989 1761 120 49 Potest
1073 1761 108 49 etiam
1144 1761 108 49 dici,
1204 1761 72 49 quod

734 1793 130 49 diuina
825 1793 156 49 essentia
942 1793 130 49 satiat
1034 1793 169 49 appetitum
1151 1793 130 49 nostrum,

729 1832 92 42 non
781 1832 79 42 in
821 1832 144 42 quantum
926 1832 92 42 est
978 1832 171 42 infinita,
1109 1832 92 42 sed
1162 1832 79 42 in
1188 1832 92 42 quan-

725 1866 88 42 tum
776 1866 88 42 est
826 1866 138 42 vltimus
927 1866 126 42 finis,
1015 1866 88 42 qui
1065 1866 88 42 non
1115 1866 164 42 reducitur
1229 1866 50 42 in

729 1898 121 48 alium
809 1898 67 48 :
836 1898 121 48 Verum
916 1898 94 48 est
970 1898 134 48 tamen,
1064 1898 107 48 quod
1131 1898 107 48 vnum
1184 1898 94 48 isto-

730 1926 139 43 tum
810 1926 258 43 sequitur,
1008 1926 119 43 ad
1048 1926 159 43 aliud.

765 1963 78 48 Ad
804 1963 144 48 tertiam
909 1963 91 48 cum
961 1963 170 48 quaeritur
1091 1963 104 48 quid
1156 1963 91 48 sit
1196 1963 91 48 ratio

734 1991 228 52 glorificatoris,
926 1991 168 52 respondeo,
1057 1991 96 52 quod
1117 1991 84 52 est
1165 1991 96 52 idem
1213 1991 72 52 quod

739 2031 80 38 vis
784 2031 205 38 glorificatiua,
955 2031 57 38 &
978 2031 80 38 cum
1024 2031 137 38 additur,
1126 2031 91 38 illa
1183 2031 80 38 est
1218 2031 68 38 infi

733 2064 110 51 nita,
806 2064 110 51 dico,
880 2064 98 51 quod
941 2064 86 51 est
990 2064 147 51 infinita
1101 2064 74 51 in
1138 2064 86 51 se,
1187 2064 86 51 sed
1224 2064 61 51 non
