1500 2373
165 164 120 36 bant,
245 164 107 36 quia
311 164 174 36 producens
445 164 160 36 realiter
565 164 93 36 est
605 164 147 36 producens

173 198 144 46 ratione
278 198 184 46 principij;
422 198 118 46 sicut
501 198 171 46 productum
619 198 131 46 realiter

175 232 96 40 est
230 232 178 40 productum
367 232 151 40 ratione
477 232 164 40 termini;
600 232 69 40 &
628 232 110 40 ideo
682 232 69 40 di-

173 269 158 40 stinctio
291 269 132 40 realis
384 269 119 40 inter
463 269 79 40 ea
502 269 145 40 videtur
608 269 145 40 sumenda
700 269 53 40 ex

174 304 184 45 principio,
318 304 66 45 &
344 304 144 45 termino
449 304 66 45 :
476 304 105 45 erit
541 304 105 45 ergo
594 304 157 45 proprietas

171 336 150 44 relatiua
284 336 125 44 patris
372 336 175 44 principium
509 336 125 44 illius
597 336 175 44 generatio¬

178 371 95 39 nis,
238 371 60 39 &
262 371 167 39 proprietas
393 371 143 39 relatiua
500 371 107 39 filij
572 371 95 39 erit
620 371 131 39 terminus.

169 410 80 36 Et
209 410 106 36 quia
275 410 186 36 proprietas
421 410 93 36 non
475 410 133 36 potest
568 410 106 36 essc
621 410 133 36 communi-

168 442 126 42 catiua
257 442 177 42 essentiae,
396 442 88 42 cum
446 442 88 42 eam
497 442 88 42 non
547 442 177 42 contineat,
686 442 88 42 sed

167 478 116 49 magis
245 478 207 49 contineatur,
412 478 168 49 sequitur,
541 478 103 49 quod
593 478 155 49 principium

170 513 132 38 illius
262 513 224 38 generationis,
446 513 145 38 quantum
552 513 79 38 ad
591 513 132 38 illud,
670 513 79 38 quod

166 551 82 40 est
213 551 82 40 ibi
260 551 235 40 communicationis,
460 551 82 40 sit
507 551 94 40 ipsa
565 551 153 40 essentia;
671 551 82 40 quamn

165 583 89 40 tum
216 583 101 40 vero
279 583 76 40 ad
317 583 114 40 illud
393 583 101 40 quod
457 583 89 40 est
507 583 215 40 productionis,
672 583 76 40 pri-

162 614 128 49 cipium
252 614 102 49 erit
315 614 191 49 paternitas,
468 614 89 49 nec
519 614 128 49 obstat
609 614 102 49 quod
660 614 89 49 essen

165 651 85 38 tia
213 651 85 38 sit
262 651 97 38 idem
323 651 85 38 re,
371 651 97 38 sola
432 651 133 38 ratione
529 651 158 38 distincta
650 651 61 38 a
662 651 85 38 prin-

170 686 119 46 cipio,
253 686 59 46 &
277 686 142 46 termino,
384 686 95 46 quia
443 686 142 46 sufficit
550 686 95 46 quod
609 686 83 46 sit
645 686 95 46 distin

165 723 94 38 cta
218 723 162 38 secundum
340 723 175 38 rationem,
474 723 108 38 quod
542 723 108 38 enim
596 723 148 38 principia

164 756 258 42 communicationis
382 756 68 42 &
409 756 163 42 terminus
531 756 163 42 realiter
639 756 109 42 distin

155 797 160 41 guantur
272 797 102 41 hoc
330 797 175 41 prouenit
461 797 146 41 quando
563 797 146 41 illud,
651 797 87 41 quoc

157 822 229 43 communicatur
343 822 114 43 vere
414 822 215 43 producitur,
586 822 114 43 modo
643 822 100 43 essen

162 858 96 47 tia
217 858 96 47 ita
272 858 234 47 communicatur,
465 858 110 47 quod
534 858 124 47 tamen
616 858 96 47 non
657 858 83 47 pro

91 895 400 45 ducitur.

195 933 72 44 2.
231 933 108 44 Sicut
303 933 72 44 se
339 933 120 44 habent
423 933 84 44 ea,
472 933 96 44 quae
532 933 96 44 sunt
592 933 72 44 in
628 933 108 44 filio
688 933 48 44 ad

145 960 224 41 terminandum
324 960 254 41 generationem,
534 960 105 41 ita
594 960 120 41 quae
653 960 90 41 sunt

162 999 75 46 in
199 999 112 46 patre
274 999 75 46 ad
311 999 112 46 illam
386 999 225 46 principiandum,
574 999 87 46 sed
624 999 75 46 in
649 999 87 46 filio

159 1035 155 43 essentia
275 1035 90 43 est
327 1035 155 43 terminus
443 1035 219 43 generationis,
623 1035 77 43 in
649 1035 90 43 quan-

160 1069 88 40 tum
211 1069 214 40 communicatiua
387 1069 101 40 est,
450 1069 101 40 quia
513 1069 101 40 ipsa
575 1069 151 40 realiter
676 1069 63 40 con

157 1107 198 37 municatur:
312 1107 170 37 terminus
439 1107 113 37 vero
510 1107 155 37 eiusdem
609 1107 127 37 genera-

161 1143 127 38 tionis
250 1143 76 38 in
289 1143 140 38 quantum
390 1143 191 38 productiua,
543 1143 89 38 est
594 1143 102 38 ipsa
645 1143 89 38 rela-

162 1167 101 51 tio,
225 1167 101 51 quae
288 1167 101 51 sola
351 1167 189 51 producitur,
502 1167 101 51 ergo
565 1167 63 51 &
590 1167 75 51 in
628 1167 113 51 patre
691 1167 50 51 ge

156 1209 144 37 nerante
261 1209 157 37 essentia
379 1209 105 37 erit
444 1209 184 37 principium
576 1209 157 37 generatio-

156 1242 104 43 nis,
221 1242 78 43 in
260 1242 143 43 quantum
364 1242 221 43 conmunicatiua
546 1242 104 43 est,
611 1242 65 43 &
624 1242 117 43 relatio

152 1281 114 48 erit
223 1281 200 48 principium
381 1281 172 48 eiusdem,
509 1281 86 48 in
552 1281 157 48 quantum
652 1281 86 48 pro

137 1311 136 42 ductiua

168 1347 71 44 3
196 1347 85 44 Si
239 1347 113 44 sola
309 1347 170 44 essentia
436 1347 184 44 poneretur
563 1347 170 44 principium

155 1382 148 39 alicuius
266 1382 198 39 emanationis,
426 1382 86 39 non
476 1382 123 39 posset
562 1382 111 39 reddi
636 1382 123 39 ratio,

151 1414 117 46 quare
229 1414 117 46 illae
307 1414 194 46 emanationes
462 1414 104 46 sint
527 1414 117 46 duae,
604 1414 65 46 &
630 1414 91 46 non
669 1414 65 46 plu

156 1449 100 43 res,
219 1449 88 43 nec
269 1449 175 43 pauciores,
407 1449 88 43 sed
457 1449 75 43 si
495 1449 138 43 ponatur
595 1449 163 43 essentiam

147 1485 93 49 cum
200 1485 173 49 relatione
333 1485 106 49 esse
399 1485 199 49 principium,
558 1485 106 49 tunc
611 1485 120 49 poterit

145 1518 115 46 reddi
222 1518 115 46 ratio
299 1518 77 46 de
337 1518 141 46 omnibus
440 1518 128 46 istis,
529 1518 102 46 ergo
593 1518 128 46 melius
670 1518 64 46 est

145 1553 115 47 eam
210 1553 164 47 ponere
308 1553 197 47 principium

147 1584 156 43 Contra
257 1584 125 43 hanc
334 1584 203 43 opinionem
490 1584 156 43 arguo,
599 1584 78 43 &
615 1584 109 43 etiam

152 1627 134 46 contra
246 1627 107 46 eius
313 1627 242 46 declarationem.
514 1627 121 46 Primo
595 1627 134 46 contra
675 1627 54 46 ea

146 1657 98 39 tali
207 1657 122 39 pacto.
293 1657 73 39 Si
329 1657 147 39 potentia
440 1657 159 39 generandi
562 1657 110 39 dicit
623 1657 98 39 essen-

143 1694 110 36 tiam,
216 1694 61 36 &
240 1694 183 36 relationem,
386 1694 85 36 vel
435 1694 110 36 dicit
508 1694 97 36 ista
569 1694 97 36 duo,
630 1694 73 36 vt
654 1694 73 36 sunt

149 1730 91 41 duo
201 1730 170 41 distincta
332 1730 183 41 principia,
476 1730 91 41 vel
528 1730 78 41 vt
567 1730 157 41 vniuntur
672 1730 52 41 ad

150 1760 239 44 constitutionem
349 1760 119 44 vnius
428 1760 172 44 personae,
561 1760 93 44 non
614 1760 80 44 vt
640 1760 80 44 sunt

152 1798 89 47 duo
203 1798 166 47 distincta
331 1798 178 47 principia,
471 1798 102 47 quia
535 1798 102 47 tunc
598 1798 89 47 non
637 1798 76 47 prin

146 1826 179 48 cipiabunt
284 1826 138 48 eundem
380 1826 124 48 actum
463 1826 234 48 generationis,
656 1826 96 48 sed

145 1868 128 40 alium,
235 1868 64 40 &
261 1868 128 40 alium,
351 1868 167 40 distincta
479 1868 103 40 enim
543 1868 180 40 principia,
672 1868 51 40 vt

141 1897 160 43 distincta
264 1897 111 43 sunt,
338 1897 185 43 principiant
485 1897 172 43 distinctos
621 1897 123 43 actus,

139 1940 76 47 &
169 1940 168 47 maxime,
291 1940 152 47 quando
398 1940 122 47 sunt
474 1940 91 47 in
520 1940 137 47 eodem
596 1940 122 47 genere

140 1964 142 48 causae,
243 1964 64 48 &
269 1964 90 48 non
320 1964 103 48 sunt
385 1964 206 48 subordinata,
552 1964 116 48 sicut
629 1964 90 48 est
668 1964 51 48 in

143 2001 184 47 proposito,
288 2001 105 47 quia
353 2001 105 47 ambo
419 2001 105 47 sunt
485 2001 79 47 in
525 2001 132 47 genere
604 2001 118 47 princi-

143 2035 93 47 pij
196 2035 174 47 formalis,
330 2035 67 47 &
356 2035 93 47 non
396 2035 174 47 subordinate

141 2075 102 42 Non
200 2075 87 42 vt
243 2075 174 42 vniuntur
374 2075 87 42 ad
418 2075 262 42 constitutionem
621 2075 102 42 vnius

130 2106 182 56 personae,
270 2106 112 56 quia
340 2106 112 56 tunc
410 2106 224 56 concurrerent
592 2106 126 56 eodem
662 2106 56 56 mo

766 156 84 43 do
808 156 84 43 ad
850 156 237 43 constituendum
1045 156 112 43 vnum
1115 156 98 43 per
1171 156 98 43 se,
1226 156 84 43 ex
1254 156 98 43 poten

766 197 97 53 tia
822 197 195 53 generandi,
975 197 70 53 &
1002 197 153 53 persona
1114 197 195 53 generante,
1267 197 111 53 quod

770 232 144 40 videtur
874 232 170 40 absurdum,
1005 232 105 40 quia
1071 232 105 40 tunc
1136 232 118 40 nulla
1214 232 118 40 esset
1280 232 65 40 di-

774 270 166 39 stinctio,
902 270 90 39 nec
953 270 115 39 etiam
1030 270 154 39 secundum
1145 270 166 39 rationem,
1260 270 90 39 inter

770 303 173 47 generans,
903 303 67 47 &
929 303 173 47 potentiam
1062 303 186 47 generandi,
1209 303 106 47 quod
1262 303 93 47 etiam

778 344 90 41 psi
830 344 167 41 negarent,
958 344 77 41 si
997 344 116 41 autem
1074 344 142 41 dicant,
1178 344 103 41 quod
1242 344 103 41 alio
1293 344 52 41 mo

772 376 89 42 do
817 376 209 42 concurrunt
981 376 89 42 ad
1025 376 238 42 constituedum
1204 376 149 42 personam

765 412 225 38 generantem,
945 412 75 38 &
975 412 120 38 vnum
1050 412 255 38 complectentes
1245 412 105 38 poten

770 442 111 38 tiam
839 442 194 38 generandi,
992 442 111 38 tunc
1061 442 194 38 debuissent
1200 442 152 38 assignare

768 479 127 45 istum
852 479 127 45 alium
937 479 141 45 modum,
1035 479 99 45 qui
1092 479 127 45 etiam
1176 479 99 45 non
1218 479 127 45 videtur

770 510 199 51 possibilis,
929 510 106 51 ergo
982 510 53 51 &c

796 545 65 46 2
822 545 78 46 Si
861 545 156 46 praefata
978 545 91 46 duo
1030 545 208 46 concurrerent
1198 545 78 46 ad
1237 545 130 46 ratio¬

770 580 91 46 nem
822 580 168 46 potentiae
951 580 207 46 generatiuae,
1119 580 194 46 sequeretur,
1261 580 78 46 quod

766 616 110 42 actus
839 616 110 42 esset
912 616 171 42 simplicior
1046 616 85 42 suo
1095 616 159 42 principio
1205 616 134 42 elicitiuo

767 652 105 42 quod
833 652 92 42 est
885 652 145 42 falsum,
991 652 79 42 vt
1031 652 132 42 patet.
1123 652 211 42 Consequentia
1281 652 66 42 est

764 685 177 41 manifesta:
903 685 88 41 nam
954 685 114 41 actus
1029 685 202 41 generationis
1194 685 88 41 ibi
1244 685 88 41 non
1282 685 63 41 so-

769 721 93 48 lum
822 721 93 48 est
875 721 147 48 simplex
982 721 160 48 secundum
1102 721 93 48 se,
1155 721 93 48 sed
1209 721 120 48 etiam
1275 721 67 48 se-

765 756 138 39 cundum
862 756 166 39 rationem
986 756 166 39 generis,
1110 756 110 39 quia
1179 756 166 39 pertinet
1290 756 55 39 ad

770 791 100 46 vnum
832 791 125 46 genus,
919 791 150 46 scilicet
1031 791 187 46 relationis,
1181 791 150 46 potentia
1281 791 62 46 ve-

765 827 84 44 ro
807 827 181 44 generandi
946 827 181 44 (secundum
1086 827 112 44 hanc
1156 827 126 44 viam)
1225 827 126 44 pertine

751 858 148 39 bit
835 858 127 39 ad
899 858 148 39 duo
983 858 232 39 genera;
1152 858 169 39 ergo
1236 858 106 39 &c.

787 897 64 40 3
813 897 77 40 Si
852 897 142 40 relatio
955 897 206 40 includeretur
1122 897 77 40 in
1161 897 142 40 ratione
1251 897 90 40 poten

765 929 95 40 tiae
824 929 178 40 generatiuae
967 929 83 40 (vt
1014 929 95 40 isti
1074 929 131 40 dicunt)
1169 929 95 40 tunc
1228 929 95 40 pari
1276 929 59 40 ra-

763 962 129 42 tione
849 962 172 42 deberent
978 962 201 42 concedere,
1136 962 115 42 quod
1193 962 144 42 quicquid

758 1001 188 38 necessario
905 1001 188 38 concurrit.
1053 1001 81 38 ad
1093 1001 215 38 productionem
1254 1001 81 38 ali-

764 1038 118 37 cuius
843 1038 131 37 actus,
934 1038 210 37 includeretur
1105 1038 79 37 in
1144 1038 144 37 ratione
1236 1038 105 37 poten-

758 1069 86 40 tiae
812 1069 150 40 elicitiuae
930 1069 86 40 quod
984 1069 75 40 est
1027 1069 118 40 falsum.
1113 1069 172 40 Consequentia
1252 1069 75 40 est
1284 1069 54 40 non

754 1105 82 47 ta
795 1105 82 47 ex
836 1105 191 47 fundamento
987 1105 178 47 opinionis
1123 1105 137 47 eorum.
1205 1105 137 47 Falsita-

753 1141 97 41 tem
808 1141 138 41 probo,
905 1141 97 41 nam
960 1141 165 41 videmus,
1084 1141 110 41 quod
1153 1141 83 41 ad
1181 1141 165 41 principiam

756 1175 96 39 dum
811 1175 123 39 actum
893 1175 232 39 calefactionis
1084 1175 177 39 concurrit
1207 1175 136 39 necessa-

753 1208 97 41 rio
808 1208 221 41 approximatio
988 1208 124 41 ignis
1071 1208 83 41 ad
1112 1208 180 41 materiam,
1237 1208 110 41 nullus

764 1243 116 44 tamen
841 1243 154 44 diceret,
957 1243 103 44 quod
1021 1243 154 44 potentia
1137 1243 193 44 calefactiua
1279 1243 64 44 es-

755 1281 85 40 set
804 1281 110 40 talis
877 1281 195 40 approximatio
1035 1281 110 40 ignis
1108 1281 73 40 ad
1144 1281 110 40 talem
1205 1281 122 40 materiam

752 1312 184 48 Similiter
894 1312 198 48 declaratio
1050 1312 128 48 huius
1135 1312 184 48 opinionis
1262 1312 71 48 mul

755 1350 183 39 tipliciter
899 1350 157 39 deficit.
1016 1350 118 39 Primo
1095 1350 105 39 quia
1160 1350 144 39 ponunt,
1252 1350 78 39 quod

748 1382 85 47 in
790 1382 212 47 generatione
960 1382 127 47 aliud
1045 1382 99 47 sit
1102 1382 241 47 communicatio,
1286 1382 42 47 &

755 1415 122 48 aliud
837 1415 190 48 productio.
986 1415 95 48 Nam
1040 1415 135 48 quaero
1135 1415 81 48 ab
1175 1415 108 48 eis,
1243 1415 122 48 Vtrum

751 1453 102 44 per
810 1453 292 44 communicationem,
1058 1453 73 44 &
1088 1453 234 44 productionem
1263 1453 73 44 in-

750 1488 175 42 telligant
884 1488 135 42 alium,
979 1488 67 42 &
1006 1488 121 42 alium
1086 1488 135 42 actum,
1181 1488 94 42 vel
1221 1488 108 42 alium,

752 1523 73 43 &
782 1523 131 43 alium
869 1523 189 43 terminum:
1015 1523 102 43 non
1073 1523 160 43 primum,
1189 1523 117 43 quia
1248 1523 87 43 tund

754 1557 171 42 generatio
885 1557 92 42 non
938 1557 118 42 esset
1016 1557 118 42 actus
1095 1557 157 42 simplex,
1213 1557 92 42 sed
1252 1557 79 42 com-

756 1591 130 43 plexus
847 1591 78 43 ex
886 1591 155 43 pluribus
1002 1591 155 43 actibus,
1119 1591 104 43 quod
1184 1591 142 43 videtur
1274 1591 52 43 ab

750 1626 143 39 surdum,
854 1626 104 39 quia
919 1626 117 39 etiam
997 1626 104 39 gene
1062 1626 104 39 atio
1127 1626 182 39 naturalis,
1257 1626 65 39 di-

751 1658 99 49 cit
807 1658 113 49 vnam
878 1658 184 49 simplicem
1020 1658 212 49 mutationem,
1190 1658 113 49 ergo
1246 1658 85 49 mul-

742 1697 88 45 to
786 1697 132 45 magis
874 1697 88 45 in
918 1697 175 45 diuinis.
1049 1697 102 45 Non
1108 1697 190 45 secundum,
1239 1697 88 45 quia

749 1731 115 51 vnus
820 1731 158 51 simplex
935 1731 129 51 actus
1021 1731 101 51 non
1079 1731 144 51 habet,
1179 1731 115 51 nisi
1237 1731 86 51 vnum

744 1766 176 42 simplicem
879 1766 162 42 terminum
1000 1766 95 42 per
1054 1766 95 42 se,
1108 1766 68 42 &
1135 1766 135 42 primo.

754 1804 158 39 Secundo
869 1804 158 39 deficit
983 1804 158 39 dicens,
1098 1804 115 39 quod
1170 1804 86 39 in
1199 1804 129 39 genera-

748 1836 121 43 tione
828 1836 94 43 est
882 1836 108 43 dare
949 1836 148 43 aliquem
1057 1836 161 43 terminum
1165 1836 161 43 productum,

742 1870 77 40 &
772 1870 169 40 aliquem
896 1870 262 40 communicatum:
1111 1870 123 40 quod
1188 1870 139 40 nullo
1265 1870 62 40 mo

743 1907 85 52 do
785 1907 99 52 est
842 1907 128 52 verum
927 1907 85 52 de
970 1907 156 52 termino
1083 1907 184 52 producto.
1225 1907 99 52 Nam
1267 1907 57 52 vi

747 1938 124 47 demus
830 1938 83 47 in
871 1938 206 47 generatione
1036 1938 110 47 ista
1105 1938 193 47 inferiori,
1242 1938 83 47 quod

749 1975 121 42 forma,
834 1975 97 42 quae
894 1975 85 42 est
943 1975 145 42 terminus
1052 1975 206 42 generationis,
1221 1975 85 42 non
1257 1975 61 42 ess

744 2013 165 46 producta
868 2013 165 46 secundum
991 2013 151 46 Aristo.
1101 2013 82 46 4.
1142 2013 151 46 Metaph.
1239 2013 82 46 quia

746 2051 90 38 sic
798 2051 116 38 esset
875 2051 155 38 producta
991 2051 77 38 de
1030 2051 142 38 nihilo,
1133 2051 65 38 &
1159 2051 103 38 ideo
1211 2051 103 38 compo-

737 2079 126 41 situm
821 2079 140 41 habens
919 2079 126 41 talem
1003 2079 140 41 formam
1100 2079 126 41 debet
1184 2079 112 41 dici
1240 2079 70 41 pro

746 2115 147 52 ductum,
853 2115 80 52 si
893 2115 107 52 ergo
959 2115 147 52 volunt,
1066 2115 107 52 quod
1133 2115 94 52 per
1186 2115 107 52 viam
1240 2115 80 52 gens
