1500 2321
147 163 88 56 ret
198 163 125 56 dicere
285 163 100 56 quod
348 163 100 56 eius
410 163 138 56 duratio
510 163 113 56 esset
585 163 138 56 virtute
673 163 50 56 di

146 212 101 40 uina
210 212 63 40 &
235 212 165 40 infinita,
362 212 76 40 ex
400 212 76 40 eo
438 212 101 40 quod
501 212 76 40 se
539 212 177 40 extenderet
665 212 51 40 ad

147 245 241 44 principiandum
345 245 184 44 infinitam
487 245 212 44 quantitatem
642 245 71 44 mo-

150 285 104 36 tus,
215 285 65 36 &
241 285 168 36 temporis;
370 285 91 36 ita
422 285 117 36 eodem
500 285 104 36 modo
565 285 130 36 virtus
642 285 65 36 for

148 311 82 51 mae
195 311 152 51 caelestis
312 311 105 51 esset
382 311 152 51 infinita,
499 311 94 51 quia
557 311 70 51 se
581 311 140 51 extenderet

152 347 80 44 ad
192 347 173 44 infinitam
325 347 200 44 quantitatem
485 347 107 44 suae
538 347 173 44 duratiouis;

147 384 101 45 nunc
210 384 114 45 autem
286 384 139 45 duratio
387 384 114 45 celi,
463 384 139 45 quamuis
564 384 88 45 sit
614 384 88 45 per
652 384 63 45 te-

153 412 88 43 pus
204 412 176 43 infinitum,
342 412 125 43 nullam
429 412 113 43 tamen
505 412 176 43 quantitate
630 412 88 43 habet

155 450 90 38 sub
207 450 154 38 tempore,
322 450 90 38 sed
374 450 90 38 est
425 450 154 38 simplex,
541 450 64 38 &
554 450 167 38 indiuisibi-

155 480 95 54 lis,
215 480 60 54 &
238 480 95 54 ideo
298 480 71 54 ex
334 480 95 54 tali
393 480 155 54 duratione
512 480 83 54 non
560 480 119 54 potest
632 480 83 54 argui

152 510 151 51 infinita
265 510 126 51 virtus
353 510 75 51 in
379 510 100 51 forma.

183 534 101 62 Haec
247 534 140 62 solutio
348 534 101 62 mihi
412 534 89 62 non
462 534 140 62 placet,
564 534 127 62 primo,
640 534 76 62 quia

155 581 136 47 reducit
254 581 198 47 aeternitatem
415 581 174 47 durationis
551 581 112 47 coeli
626 581 74 47 in
651 581 74 47 suam

158 617 147 39 formam
261 617 162 39 tanquam
379 617 88 39 in
423 617 206 39 principium
570 617 147 39 actiuum,

160 652 100 39 quod
223 652 138 39 videtur
324 652 138 39 falsum,
424 652 88 39 nam
474 652 75 39 si
512 652 113 39 esset
574 652 151 39 principium

150 683 127 47 actiuum
243 683 116 47 illius
324 683 174 47 durationis,
463 683 81 47 vel
510 683 104 47 illam
579 683 162 47 efficeret,

159 713 91 52 vel
211 713 130 52 saltem
302 713 182 52 prohiberet
445 713 182 52 principium
575 713 143 52 corrupti-

157 753 88 44 uum
208 753 88 44 sui
258 753 113 44 esse,
333 753 63 44 &
358 753 100 44 suae
421 753 188 44 durationis,
571 753 75 44 vt
609 753 113 44 anima
672 753 50 44 ab

164 783 125 43 Arist.
251 783 137 43 dicitur
350 783 162 43 prohibere
475 783 149 43 elementa
587 783 75 43 ne
612 783 112 43 dissol-

158 822 137 43 uantr,
254 822 82 43 ad
295 822 137 43 quorum
391 822 233 43 dissolutionem
569 822 151 43 corrumpe-

155 858 117 37 retur
233 858 142 37 animal;
336 858 130 37 primum
427 858 104 37 dici
492 858 142 37 nequit,
595 858 104 37 quia
647 858 78 37 nul-

157 886 76 40 la
195 886 114 40 forma
271 886 139 40 efficit
372 886 76 40 se
410 886 126 40 ipsam,
498 886 88 40 nec
548 886 88 40 rem
599 886 114 40 cuius
662 886 63 40 est

161 922 130 44 forma,
252 922 91 44 nec
304 922 117 44 etiam
382 922 117 44 ipsam
460 922 195 44 durationem,
603 922 130 44 secundum

166 953 106 44 etiam
237 953 83 44 est
284 953 177 44 impossibile
426 953 71 44 in
461 953 118 44 coelo,
543 953 94 44 quia
602 953 83 44 ibi
638 953 94 44 nullum

160 986 94 54 est
213 986 189 54 principium
362 986 216 54 corruptiuum,
537 986 108 54 quod
591 986 135 54 prohibea

160 1021 99 48 tur
216 1021 99 48 per
259 1021 127 48 formam.

203 1056 158 45 Praeterea
324 1056 109 45 dato,
397 1056 97 45 quod
458 1056 109 45 forma
531 1056 109 45 esset
591 1056 146 45 principium

163 1086 149 45 actiuum
272 1086 135 45 istius
367 1086 190 45 durationis
515 1086 122 45 adhuc
583 1086 149 45 haberetur

169 1124 202 42 propositum,
330 1124 94 42 nam
384 1124 148 42 quamuis
492 1124 148 42 duratio
599 1124 121 42 coeli
667 1124 67 42 sit

167 1159 145 46 simplex,
276 1159 60 46 &
300 1159 217 46 indiuisibilis,
481 1159 133 46 excedit
577 1159 109 46 tamen
650 1159 72 46 in
674 1159 60 46 vir

162 1192 120 41 tute,
242 1192 67 41 &
269 1192 187 41 nobilitate
415 1192 187 41 durationem
562 1192 160 41 infiniti
669 1192 67 41 mo-

168 1227 95 40 tus,
227 1227 166 40 quapropter
358 1227 71 40 si
393 1227 119 40 virtus
476 1227 107 40 illa,
547 1227 95 40 quae
607 1227 119 40 causat
678 1227 59 40 du-

164 1259 142 39 rationem
271 1259 142 39 infiniti
377 1259 106 39 motus
448 1259 71 39 in
484 1259 118 39 coelo,
566 1259 71 39 ex
602 1259 83 39 hoc
649 1259 106 39 dici

170 1297 86 42 tur
219 1297 160 42 infinita,
342 1297 111 42 multo
415 1297 111 42 magis
489 1297 123 42 virtus
575 1297 123 42 formae
649 1297 86 42 cele-

154 1336 99 36 stis
216 1336 112 36 debet
290 1336 99 36 dici
352 1336 161 36 infinita,
476 1336 74 36 ex
513 1336 74 36 eo
550 1336 99 36 quod
612 1336 124 36 causet
686 1336 50 36 du

174 1361 161 43 rationem
294 1361 228 43 simpliciorem,
482 1361 67 43 &
509 1361 188 43 nobiliorem
643 1361 94 43 poten

173 1394 95 44 tem
228 1394 189 44 coexistere
376 1394 95 44 cum
430 1394 162 44 infinito
552 1394 122 44 motu,
633 1394 68 44 &
646 1394 95 44 tempo

169 1426 86 47 re.
218 1426 136 47 Accedit
317 1426 99 47 quod
378 1426 148 47 praefata
489 1426 136 47 solutio
588 1426 136 47 videtur
674 1426 62 47 co-

165 1460 163 38 incidere
287 1460 95 38 cum
342 1460 176 38 solutione
477 1460 190 38 Commentat.
627 1460 81 38 si
654 1460 81 38 quid

173 1500 163 36 veritatis
298 1500 163 36 continet;
423 1500 88 36 nam
473 1500 75 36 si
510 1500 163 36 quaeratur
635 1500 75 36 ab
660 1500 75 36 isto

177 1530 151 42 Doctore,
290 1530 113 42 quare
366 1530 138 42 duratio
466 1530 151 42 corporis
579 1530 151 42 celestis
679 1530 63 42 non

179 1564 115 43 habeat
260 1564 185 43 quantitatem,
410 1564 81 43 sed
456 1564 81 43 sit
502 1564 208 43 indiuisibilis:
664 1564 69 43 Rni-

173 1599 95 39 det
228 1599 108 39 quod
295 1599 108 39 ideo
363 1599 108 39 est,
431 1599 95 39 qua
485 1599 122 39 ipsum
566 1599 122 39 celum
647 1599 81 39 in
674 1599 68 39 suo

179 1630 109 44 esse,
252 1630 61 44 &
276 1630 73 44 in
312 1630 85 44 sua
361 1630 157 44 duratione
482 1630 85 44 est
530 1630 194 44 inuariabile,
687 1630 61 44 &
700 1630 48 44 si

182 1664 144 47 vlterius
290 1664 156 47 quaeratur
410 1664 72 47 ab
446 1664 84 47 eo,
493 1664 108 47 quare
565 1664 84 47 est
601 1664 144 47 inuariabi-

185 1697 70 39 le
220 1697 70 39 in
255 1697 81 39 suo
302 1697 105 39 esse,
372 1697 58 39 &
395 1697 70 39 in
430 1697 81 39 sua
476 1697 163 39 duratione:
604 1697 128 39 oportet
686 1697 58 39 eum

184 1734 172 39 necessario
319 1734 135 39 dicere,
418 1734 98 39 quod
479 1734 86 39 hoc
528 1734 98 39 est,
590 1734 98 39 quia
652 1734 86 39 non
688 1734 62 39 est

184 1764 71 45 in
220 1764 71 45 eo
255 1764 142 45 potentia
362 1764 71 45 ad
398 1764 83 45 non
445 1764 107 45 esse,
517 1764 95 45 quae
576 1764 83 45 est
612 1764 142 45 principium

180 1801 210 45 corruptionis,
353 1801 62 45 &
377 1801 198 45 variationis,
538 1801 99 45 ergo
600 1801 74 45 de
637 1801 111 45 primo
699 1801 49 45 ad

189 1834 161 41 vltimum,
309 1834 107 41 ideo
376 1834 121 41 celum
457 1834 94 41 non
511 1834 161 41 requirit
618 1834 134 41 virtutem

187 1867 170 47 infinitam,
320 1867 73 47 vt
357 1867 182 47 conseruetur
502 1867 73 47 in
539 1867 109 47 esse,
612 1867 61 47 &
636 1867 73 47 in
660 1867 85 47 dura-

189 1899 124 45 tione,
275 1899 99 45 quia
338 1899 87 45 non
387 1899 112 45 habet
462 1899 161 45 potentiam
586 1899 74 45 ad
623 1899 87 45 non
660 1899 87 45 esse,

183 1935 146 47 ratione
289 1935 119 47 cuius
368 1935 159 47 indigeat
487 1935 185 47 conseruari
633 1935 66 47 a
646 1935 106 47 corru-

184 1968 137 52 ptione,
283 1968 87 52 sed
333 1968 99 52 ista
395 1968 87 52 est
444 1968 137 52 solutio
544 1968 112 52 Comm.
618 1968 99 52 ergo
668 1968 87 52 coin-

191 2003 111 44 cidit
265 2003 99 44 haec
326 2003 86 44 cum
363 2003 74 44 illa

220 2035 202 53 Quapropter
378 2035 159 53 solutio
493 2035 115 53 Comm
566 2035 115 53 mihi
623 2035 130 53 videtur

188 2071 106 57 bona,
259 2071 71 57 si
295 2071 95 57 bene
354 2071 201 57 intelligatur,
519 2071 71 57 ad
555 2071 106 57 cuius
614 2071 142 57 euidentiam

728 168 131 51 dico,
816 168 117 51 quod
889 168 175 51 secundum
1020 168 160 51 Aristo.
1137 168 73 51 &
1166 168 117 51 Comm
1224 168 73 51 non

734 215 83 34 est
782 215 83 34 par
829 215 107 34 ratio
900 215 71 34 de
936 215 71 34 re
972 215 202 34 corruptibili,
1138 215 59 34 &
1150 215 142 34 incorrupti

734 246 110 36 bili,
807 246 85 36 nam
856 246 146 36 duratio,
966 246 61 36 &
990 246 183 36 conseruatio
1136 246 85 36 rei
1173 246 122 36 corrupti

737 278 119 48 bilis
816 278 132 48 pendet
908 278 66 48 a
934 278 145 48 duplici
1040 278 132 48 causa,
1132 278 119 48 primo
1211 278 66 48 a
1224 278 66 48 Deo

732 311 169 46 benedicto
862 311 143 46 tanquam
966 311 65 46 a
992 311 143 46 virtute
1095 311 195 46 extrinseca,
1238 311 65 46 se-

733 352 118 41 cundo
811 352 78 41 ab
851 352 105 41 ipsa
916 352 118 41 forma
994 352 105 41 rei,
1060 352 144 41 tanquam
1164 352 65 41 a
1177 352 118 41 virtute

730 380 184 45 intrinseca,
877 380 74 45 ex
914 380 123 45 Arist.
1000 380 74 45 1.
1036 380 74 45 de
1073 380 110 45 anima
1147 380 123 45 dicete
1220 380 74 45 quod

731 412 117 44 anima
809 412 182 44 praeseruat
952 412 130 44 animal
1044 412 65 44 a
1070 412 221 44 dissolutione,
1252 412 65 44 &

736 447 202 47 corruptione
897 447 188 47 conseruado
1045 447 121 47 vnita
1126 447 108 47 ipsa
1180 447 121 47 elemen-

732 483 84 45 ta,
780 483 120 45 quanto
864 483 120 45 igirur
948 483 120 45 aliqua
1031 483 108 45 forma
1103 483 84 45 est
1151 483 132 45 maioris
1235 483 60 45 vir

734 517 114 43 tutis,
814 517 103 43 tanto
882 517 103 43 magis
951 517 137 43 resistet
1053 517 160 43 contrarijs
1167 517 126 43 corruptio

739 550 130 39 nibus,
830 550 65 39 &
856 550 117 39 tanto
934 550 130 39 maiori
1025 550 143 39 tempore
1115 550 182 39 praeseruabit

733 586 88 40 rem
784 586 114 40 cuius
860 586 88 40 est
910 586 114 40 forma
986 586 63 40 a
1011 586 202 40 corruptione;
1175 586 63 40 &
1200 586 101 40 ideo
1251 586 50 40 si

738 618 113 47 esset
814 618 125 47 aliqua
902 618 113 47 forma
977 618 100 47 quae
1040 618 151 47 infinito
1152 618 138 47 tempore
1240 618 63 47 pos

741 649 78 45 set
786 649 146 45 resistere
898 649 202 45 corruptionibus
1066 649 168 45 contrarijs,
1200 649 90 45 illa
1245 649 56 45 pos

743 684 85 40 set
792 684 183 40 praeseruare
938 684 85 40 rem
986 684 73 40 in
1023 684 170 40 infinitum,
1157 684 61 40 &
1181 684 85 40 sic
1218 684 85 40 argue

740 719 107 37 retur
812 719 167 37 necessario
943 719 84 37 eam
991 719 95 37 esse
1050 719 143 37 virtutis
1146 719 143 37 infinitae.

769 754 94 45 Non
822 754 120 45 autem
902 754 94 45 sic
956 754 94 45 est
1009 754 160 45 dicendum
1129 754 80 45 de
1156 754 147 45 duratione

743 784 80 47 rei
788 784 229 47 incorruptibilis,
983 784 103 47 sicut
1052 784 80 47 est
1098 784 126 47 coelum,
1189 784 92 47 quia
1235 784 69 47 exi-

739 819 151 44 stentia,
853 819 63 44 &
878 819 139 44 duratio
979 819 101 44 eius
1042 819 88 44 non
1092 819 164 44 dependet,
1218 819 101 44 nisi
1268 819 38 44 a

747 854 132 42 virtute
843 854 167 42 extrinseca
974 854 179 42 conseruante
1118 854 143 42 scilicet
1225 854 60 42 a
1237 854 72 42 Deo;

750 891 103 42 quod
815 891 142 42 apparet
918 891 90 42 per
969 891 142 42 Aristo.
1073 891 77 42 12
1111 891 103 42 Met.
1163 891 142 42 dicentem,

749 920 105 46 quod
815 920 79 46 ab
854 920 105 46 ipso
920 920 119 46 primo
999 920 158 46 dependet
1118 920 132 46 coelum
1210 920 66 46 &
1223 920 79 46 tota

741 963 143 34 natura;
845 963 65 34 &
871 963 91 34 per
923 963 156 34 Comment.
1040 963 78 34 in
1079 963 78 34 de
1118 963 182 34 substantia
1248 963 65 34 or-

752 989 99 44 bis,
813 989 86 44 vbi
863 989 111 44 dicit
936 989 99 44 quod
998 989 136 44 indiget
1097 989 86 44 non
1146 989 111 44 solum
1207 989 99 44 virtu-

748 1026 78 36 te
787 1026 144 36 mouente
892 1026 118 36 ipsum
970 1026 157 36 secundum
1088 1026 131 36 locum,
1179 1026 92 36 sed
1219 1026 92 36 etiam

751 1058 132 45 virtute
847 1058 156 45 largiente
967 1058 96 45 sibi
1027 1058 156 45 lationem,
1146 1058 60 45 &
1170 1058 72 45 in
1206 1058 84 45 sua
1242 1058 60 45 sub

748 1092 136 44 stantia
847 1092 198 44 permanentiam
1008 1092 161 44 aeternam,
1132 1092 136 44 praeter
1218 1092 87 44 auten

753 1123 110 45 stam
822 1123 166 45 virtutem
946 1123 207 45 extrinsecam
1098 1123 207 45 conseruantem,

750 1156 86 45 non
799 1156 86 45 est
848 1156 159 45 quaerenda
970 1156 122 45 aliqua
1055 1156 98 45 alia
1116 1156 122 45 virtus
1190 1156 122 45 intrinse

745 1191 88 48 ca,
796 1191 100 48 quae
858 1191 113 48 ipsum
933 1191 175 48 praeseruet
1071 1191 63 48 a
1096 1191 200 48 corruptione,
1246 1191 63 48 cum

746 1227 92 43 non
798 1227 131 43 habeat
890 1227 145 43 aliquod
996 1227 184 43 contrarium
1127 1227 184 43 corruptiuum,

753 1267 85 37 cui
801 1267 146 37 oporteat
911 1267 158 37 resistere
1032 1267 85 37 per
1081 1267 146 37 virtutem
1190 1267 97 37 suae
1239 1267 73 37 for-

750 1290 88 46 mae
801 1290 201 46 intrinsecae:
964 1290 75 46 Ex
1002 1290 126 46 quibus
1090 1290 113 46 patet
1153 1290 151 46 demonstra-

755 1329 130 37 tionem
846 1329 130 37 Arist.
937 1329 91 37 qua
989 1329 143 37 probat,
1092 1329 104 37 quod
1157 1329 78 37 in
1183 1329 130 37 magnitu-

750 1361 92 37 dine
808 1361 115 37 finita
889 1361 81 37 non
935 1361 115 37 possit
1015 1361 127 37 fundari
1108 1361 115 37 virtus
1188 1361 150 37 infinita,

754 1395 100 36 esse
816 1395 125 36 bonam,
904 1395 100 36 quia
966 1395 113 36 etiam
1041 1395 75 36 si
1079 1395 125 36 corpus
1166 1395 138 36 celesse
1254 1395 63 36 du-

754 1431 90 40 rat
805 1431 90 40 per
857 1431 167 40 insinitum
985 1431 141 40 tempus,
1087 1431 77 40 ex
1126 1431 90 40 hoc
1177 1431 115 40 tamen
1254 1431 90 40 non

758 1467 134 42 potest
852 1467 121 42 argui
932 1467 108 42 quod
999 1467 134 42 habeat
1094 1467 148 42 aliquam
1188 1467 134 42 virtutem

755 1494 182 49 intrinsecam
900 1494 170 49 infinitam,
1033 1494 73 49 vt
1070 1494 109 49 visum
1130 1494 85 49 fuit.

788 1526 166 49 Concludo
913 1526 152 49 igitur,
1023 1526 111 49 quod
1093 1526 97 49 cum
1148 1526 111 49 Deus
1217 1526 97 49 sit
1259 1526 69 49 vir

759 1561 107 49 tutis
830 1561 166 49 infinitae,
961 1561 71 49 vt
996 1561 71 49 ad
1032 1561 142 49 praesens
1138 1561 178 49 supponitur,
1269 1561 59 49 non

760 1597 89 43 est
811 1597 76 43 in
849 1597 127 43 aliqua
937 1597 202 43 magnitudine;
1102 1597 63 43 &
1127 1597 89 43 sic
1178 1597 114 43 nullo
1241 1597 76 43 modo

760 1636 86 42 est
809 1636 147 42 quantus,
919 1636 86 42 nec
968 1636 86 42 per
1016 1636 86 42 se,
1065 1636 86 42 nec
1114 1636 86 42 per
1163 1636 159 42 accidens,
1285 1636 61 42 &

764 1663 97 45 per
820 1663 195 45 consequens
973 1663 125 45 nullo
1056 1663 111 45 modo
1126 1663 195 45 compositus
1265 1663 56 45 ex

767 1698 138 47 partibus
870 1698 207 47 quantitatiuis.

811 1770 311 46 ARTICVLVS
1051 1770 192 46 TERT
1146 1770 120 46 VS.

787 1836 114 41 Vtrum
863 1836 101 41 Deus
927 1836 89 41 sit
977 1836 177 41 compositus
1116 1836 76 41 ex
1142 1836 164 41 substantia,

947 1865 72 46 &
961 1865 173 46 accidente.

854 1994 66 56 D
880 1994 93 56 hoc
933 1994 172 56 respondeo
1066 1994 172 56 breuiter,
1198 1994 106 56 quod
1251 1994 80 56 non,

770 2012 85 73 &
804 2012 152 73 probo
888 2012 288 73 quadrupliciter.

797 2062 138 62 Primo,
894 2062 110 62 quia
963 2062 207 62 sequeretur,
1128 2062 110 62 quod
1197 2062 97 62 non
1238 2062 97 62 esset
