1500 2345
180 176 120 47 summe
260 176 187 47 perfectus:
406 176 227 47 Consequentiam
593 176 133 47 probo,
673 176 80 47 quia

177 221 205 42 perficeretur
344 221 90 42 per
395 221 154 42 accidens
510 221 154 42 additum,
625 221 64 42 &
651 221 90 42 ita
689 221 64 42 non

186 251 115 50 esset
263 251 166 50 perfectus
391 251 89 50 per
442 251 102 50 suam
505 251 179 50 essentiam,
646 251 89 50 sed
684 251 64 50 per

181 288 256 46 participationem
396 288 175 46 alterius,
530 288 67 46 &
557 288 94 46 per
598 288 161 46 consequens

181 317 93 52 non
234 317 119 52 esset
313 317 119 52 summe
380 317 159 52 perfectus.

208 352 163 41 Secundo,
331 352 204 41 sequeretur,
494 352 109 41 quod
562 352 95 41 non
616 352 122 41 esset
684 352 68 41 ens

177 391 175 37 infinitum,
315 391 100 37 quia
378 391 163 37 reciperet
503 391 188 37 additionem,
640 391 113 37 Infini-

181 427 95 41 tum
236 427 122 41 autem
317 427 135 41 nullam
411 427 149 41 recipit
519 427 203 41 additionem,
668 427 81 41 &con

180 457 163 41 firmatur
302 457 95 41 per
357 457 149 41 boetium
465 457 81 41 in
506 457 95 41 lib
560 457 81 41 de
587 457 163 41 hebdomadi-

183 491 96 39 bus,
243 491 84 39 ubi
291 491 96 39 ait,
351 491 96 39 quod
411 491 96 39 hoc,
471 491 60 39 &
496 491 108 39 illud
568 491 84 39 ens
616 491 120 39 potest
688 491 60 39 ha-

182 527 105 47 bere
247 527 131 47 aliud,
339 527 66 47 &
366 527 118 47 aliud
444 527 184 47 adiunctum,
589 527 118 47 ipsum
654 527 92 47 tamen

181 559 97 41 esse
242 559 85 41 nil
290 559 110 41 aliud
363 559 158 41 adiunctum
485 559 122 41 potest
570 559 134 41 habere,
668 559 61 41 &
680 559 73 41 quia

187 594 97 40 Deus
248 594 85 40 est
296 594 110 40 ipsum
369 594 110 40 esse,
443 594 85 40 cum
491 594 73 40 in
528 594 73 40 eo
564 594 85 40 sit
613 594 97 40 idem
662 594 85 40 esse,

183 630 68 36 &
211 630 136 36 habens
305 630 122 36 esse,
387 630 163 36 sequitur
509 630 108 36 quod
577 630 95 36 non
617 630 136 36 patiatur

175 663 198 39 additionem
331 663 170 39 aliquam:
458 663 198 39 imaginatur
614 663 113 39 enim
670 663 85 39 Poe-

177 696 110 40 tius,
250 696 98 40 quod
312 696 110 40 ipsum
385 696 98 40 esse
446 696 74 40 de
483 696 74 40 se
520 696 86 40 non
569 696 86 40 sit
606 696 147 40 limitatum,

182 732 86 40 sed
231 732 159 40 limitetur
353 732 73 40 in
390 732 159 40 creatura,
512 732 73 40 eo
548 732 98 40 quod
610 732 122 40 habeat
683 732 61 40 es-

176 765 73 41 se
212 765 194 41 participate;
370 765 61 41 &
395 765 97 41 ideo
455 765 134 41 ratione
553 765 85 41 sui
601 765 85 41 non
638 765 109 41 recipit

183 799 189 46 additionem,
334 799 88 46 sed
385 799 138 46 ratione
485 799 126 46 illius
573 799 75 46 in
611 799 88 46 quo
661 799 101 46 est,
711 799 38 46 &

186 829 99 50 quia
247 829 74 50 in
284 829 86 50 Deo
334 829 99 50 idem
395 829 86 50 est
445 829 111 50 esse,
519 829 62 50 &
543 829 123 50 habens
630 829 111 50 esse,
691 829 62 50 si-

187 862 85 43 cut
235 862 146 43 repugnat
345 862 97 43 sibi
406 862 146 43 recipere
515 862 170 43 additionem
649 862 122 43 ratio¬

180 898 73 43 ne
216 898 97 43 sui,
277 898 85 43 ita
325 898 109 43 etiam
398 898 133 43 ratione
495 898 145 43 habentis
604 898 109 43 esse:
664 898 85 43 arguo

182 935 115 39 igitur
263 935 58 39 a
286 935 139 39 fortiori
390 935 92 39 sic;
448 935 104 39 Magis
517 935 81 39 est
563 935 173 39 illimitatum
690 935 58 39 ens

182 967 191 41 increatum,
332 967 109 41 quam
401 967 95 41 ens
455 967 164 41 creatum,
578 967 109 41 quod
632 967 123 41 dicitur

187 1006 80 44 de
227 1006 120 44 decem
307 1006 253 44 praedicamentis,
520 1006 93 44 sed
573 1006 93 44 ens
613 1006 133 44 creatum.

182 1035 109 41 quod
250 1035 150 41 dicitur
359 1035 82 41 de
400 1035 122 41 decem
482 1035 259 41 praedicamentis,
686 1035 68 41 ra-

185 1072 114 44 tione
261 1072 101 44 suae
324 1072 252 44 transcendentiae,
539 1072 63 44 &
551 1072 202 44 illimitationis

183 1106 93 46 non
236 1106 133 46 potest
329 1106 159 46 recipere
448 1106 199 46 additionem,
608 1106 106 46 ergo
661 1106 93 46 multo

178 1138 127 52 magis
262 1138 98 52 ens
319 1138 197 52 increatum,
473 1138 112 52 quod
543 1138 98 52 est
586 1138 98 52 Deus.

225 1180 62 39 i
249 1180 125 39 ertio,
337 1180 187 39 sequeretur,
487 1180 100 39 quod
549 1180 87 39 non
599 1180 112 39 esset
662 1180 87 39 purus

182 1209 127 40 actus,
271 1209 101 40 quod
334 1209 89 40 est
385 1209 139 40 falsum,
486 1209 203 40 Consequentia
651 1209 127 40 patet,

181 1245 119 43 quiae
260 1245 119 43 nihil
339 1245 185 43 componitur
484 1245 92 43 cum
537 1245 185 43 accidente,
669 1245 79 43 quod

187 1278 84 39 non
235 1278 84 39 sit
283 1278 72 39 in
319 1278 144 39 potentia
427 1278 72 39 ad
463 1278 108 39 illud
534 1278 192 39 recipiendum,
690 1278 84 39 sed

186 1309 116 48 purus
263 1309 116 48 actus
340 1309 116 48 omnem
417 1309 154 48 excludit
520 1309 231 48 potentialitatem,

182 1342 105 45 ergo
248 1342 92 45 non
300 1342 92 45 est
353 1342 184 45 compositus
497 1342 79 45 ex
523 1342 158 45 accidente.

220 1374 139 46 Quarto,
322 1374 190 46 sequeretur,
474 1374 101 46 quod
537 1374 89 46 non
587 1374 114 46 esset
651 1374 101 46 primum

190 1410 99 46 ens,
252 1410 199 46 Consequentia
413 1410 124 46 patet,
500 1410 99 46 quia
563 1410 99 46 illa
612 1410 137 46 composito

188 1448 99 42 qua
244 1448 225 42 componeretur
427 1448 99 42 cum
484 1448 197 42 accidente,
624 1448 127 42 haberet

170 1479 149 46 aliquam
278 1479 135 46 causam
372 1479 203 46 effectiuam,
534 1479 108 46 quae
602 1479 135 46 quidem
683 1479 68 46 non

191 1513 111 35 esset
265 1513 99 35 ipsa
327 1513 173 35 substantia
462 1513 99 35 Dei,
524 1513 86 35 nec
574 1513 111 35 illud
635 1513 124 35 accidens

187 1548 162 50 additum,
308 1548 94 50 nam
362 1548 215 50 componibilia
537 1548 94 50 non
590 1548 148 50 possunt
685 1548 67 50 ef-

189 1581 131 46 ficere
281 1581 105 46 suam
346 1581 236 46 compositionem,
543 1581 92 46 cum
596 1581 105 46 sint
661 1581 79 46 in
687 1581 66 46 po-

194 1615 121 45 tentia
279 1615 73 45 ad
315 1615 85 45 eam
364 1615 73 45 vt
400 1615 170 45 dicebatur,
534 1615 158 45 oporteret
655 1615 97 45 ergo
703 1615 49 45 da

185 1650 77 45 re
224 1650 142 45 aliquam
327 1650 116 45 aliam
404 1650 129 45 causam
494 1650 193 45 efficientem
636 1650 116 45 superio

181 1687 107 50 rem,
247 1687 67 50 &
274 1687 107 50 ideo
341 1687 93 50 non
394 1687 107 50 erit
461 1687 107 50 Deus
527 1687 120 50 prima
607 1687 133 50 causa,
687 1687 67 50 nec

188 1722 158 50 primum
283 1722 79 50 ens

226 1753 193 42 Confirmatur
381 1753 116 42 ratio
458 1753 193 42 auctoritate
612 1753 90 42 Aug
651 1753 103 42 quinto

190 1785 72 42 de
226 1785 156 42 trinitate
346 1785 96 42 cap.
406 1785 72 42 1.
442 1785 144 42 dicentis
550 1785 96 42 Deus
610 1785 96 42 est,
670 1785 72 42 in
694 1785 60 42 quo

192 1825 91 39 non
244 1825 91 39 est
296 1825 143 39 aliquid
400 1825 143 39 tanquam
505 1825 78 39 in
544 1825 169 39 subiecto,
674 1825 65 39 &
687 1825 65 39 ne-

190 1856 84 40 fas
238 1856 84 40 est
286 1856 120 40 dicere
370 1856 96 40 quod
430 1856 96 40 ipse
491 1856 120 40 subsit
575 1856 96 40 suae
623 1856 132 40 bonitati;

190 1893 67 36 &
216 1893 148 36 Commen.
324 1893 108 36 xij.
391 1893 94 36 Met
445 1893 108 36 com.
512 1893 94 36 28.
566 1893 108 36 uult
633 1893 108 36 quod
687 1893 67 36 sub

188 1925 147 34 stantiae
298 1925 135 34 intelle
396 1925 110 34 uales
469 1925 171 34 abstractae
604 1925 98 34 sint
665 1925 98 34 sine
714 1925 49 34 om

188 1957 76 40 ni
226 1957 178 40 accidente,
366 1957 140 40 quamuis
467 1957 127 40 falsum
556 1957 127 40 dicat,
632 1957 127 40 absolute

197 1993 158 36 loquendo,
318 1993 85 36 nam
367 1993 73 36 in
403 1993 133 36 omnibus
500 1993 109 36 illis
573 1993 182 36 substantijs
706 1993 49 36 ex

189 2026 116 49 cepta
266 2026 129 49 prima,
357 2026 103 49 quae
421 2026 90 49 est
473 2026 116 49 Deus,
550 2026 167 49 inuenitur
666 2026 90 49 compo

193 2056 107 45 sitio
265 2056 72 45 ex
300 2056 179 45 substantia,
444 2056 60 45 &
468 2056 167 45 accidente;
599 2056 143 45 sufficit
694 2056 60 45 aut

188 2093 114 58 quod
259 2093 143 58 faciat
359 2093 86 58 ad
402 2093 200 58 propositum
558 2093 128 58 quoad
630 2093 128 58 primam.

811 168 155 56 Oecurrit
928 168 117 56 tamen
1005 168 91 56 hic
1057 168 181 56 dubitatio,
1200 168 104 56 quae
1251 168 91 56 tacta

765 219 113 37 fuit
836 219 85 37 in
878 219 184 37 arguendo,
1020 219 99 37 nam
1076 219 99 37 per
1133 219 85 37 P.
1175 219 142 37 August
1260 219 85 37 Deus

777 254 99 43 vere
838 254 86 43 est
888 254 185 43 substantia,
1036 254 173 43 substantia
1172 254 111 43 autem
1234 254 111 43 dicitur

767 284 66 53 a
793 284 171 53 substando
924 284 223 53 accidentibus,
1108 284 105 53 ergo
1160 284 66 53 &c.

802 319 85 43 Ad
844 319 99 43 hoc
901 319 184 43 dicendum,
1043 319 114 43 quod
1114 319 199 43 substantia
1270 319 99 43 non

764 354 122 37 solum
846 354 150 37 dicitur
955 354 68 37 a
982 354 190 37 substando,
1131 354 95 37 sed
1186 354 122 37 etiam
1267 354 68 37 a
1281 354 68 37 per

770 390 79 38 se
809 390 158 38 essendo;
928 390 184 38 substantia
1073 390 105 38 ergo
1138 390 105 38 vere
1204 390 145 38 dicitur
1296 390 53 38 de

764 420 101 41 Deo
821 420 130 41 penes
908 420 174 41 secundam
1038 420 188 41 rationem,
1183 420 116 41 quae
1241 420 101 41 dicit

767 460 223 43 perfectionem,
950 460 144 43 secunda
1055 460 105 43 vero
1120 460 131 43 potius
1212 460 118 43 dicit
1278 460 65 43 im

753 491 209 51 perfectionem.

806 518 148 48 Videtur
913 518 121 48 tamen
994 518 94 48 hoc
1047 518 94 48 non
1101 518 188 48 sufficere,
1249 518 94 48 nam
1289 518 54 48 pa

776 556 74 43 ri
813 556 135 43 ratione
911 556 123 43 posset
997 556 98 43 dici
1058 556 74 43 de
1095 556 172 43 accidente,
1230 556 98 43 quod
1279 556 61 43 in-

765 595 141 44 uenitur
868 595 77 44 in
906 595 90 44 Deo
958 595 154 44 secundum
1073 595 116 44 illud
1150 595 103 44 quod
1215 595 116 44 dicit
1279 595 64 44 per

765 631 188 38 fectionem,
912 631 134 38 remota
1006 631 241 38 imperfectione,
1207 631 94 38 non
1247 631 94 38 tamen

769 664 202 38 simpliciter
930 664 161 38 negandum
1051 664 94 38 est
1105 664 161 38 accidens
1212 664 121 38 inueni-

761 696 80 41 ri
801 696 80 41 in
828 696 80 41 Deo.

800 731 185 43 Respondeo,
945 731 106 43 quod
1011 731 92 43 non
1064 731 92 43 est
1117 731 145 43 simile,
1222 731 106 43 quia
1275 731 66 43 ac-

764 756 148 48 cidens
868 756 177 48 secundum
1000 756 118 48 suam
1074 756 177 48 propriam
1192 756 148 48 rationem

769 799 159 38 includit
888 799 252 38 imperfectionem,
1101 799 106 38 quod
1167 799 120 38 patet
1234 799 106 38 secun-

764 831 106 40 dum
824 831 121 40 suam
900 831 151 40 primam
1006 831 242 40 impositionem
1188 831 151 40 nominis,

771 865 68 39 &
799 865 109 39 suum
867 865 137 39 primum
963 865 219 39 intellectum,
1140 865 96 39 nam
1195 865 123 39 dicit
1263 865 82 39 quod

763 899 102 50 dam
822 899 102 50 ens
880 899 204 50 diminutum,
1040 899 73 50 &
1069 899 189 50 dependens
1214 899 73 50 a
1243 899 102 50 qua
1287 899 58 50 de

769 937 170 43 pendentia
899 937 117 43 nullo
978 937 104 43 modo
1043 937 130 43 potest
1134 937 157 43 absolui,
1252 937 91 43 nec
1291 937 52 43 se

767 970 151 40 cundum
872 970 120 40 rem,
948 970 105 40 nec
1008 970 181 40 secundum
1128 970 211 40 intellectum;

779 1010 141 37 propter
882 1010 103 37 quod
946 1010 193 37 simpliciter
1101 1010 141 37 negatur
1204 1010 64 37 a
1229 1010 103 37 Deo.
1281 1010 64 37 Sub

763 1041 163 42 stantia
882 1041 134 42 autem
971 1041 178 42 secundum
1105 1041 119 42 suam
1179 1041 148 42 primam
1268 1041 74 42 no-

770 1072 122 38 minis
852 1072 230 38 impositionem,
1041 1072 122 38 dicit
1122 1072 149 38 quoddam
1230 1072 95 38 ens
1270 1072 68 38 por

762 1107 84 38 se
804 1107 211 38 subsistens,
973 1107 197 38 perfectum,
1128 1107 70 38 &
1142 1107 197 38 independens,

770 1138 98 45 quia
831 1138 98 45 ipsa
892 1138 86 45 est
941 1138 110 45 prior
1015 1138 110 45 alijs
1088 1138 135 45 entibus
1174 1138 159 45 cognitione,

772 1178 156 43 natura,
885 1178 71 43 &
914 1178 170 43 tempore,
1041 1178 85 43 vt
1084 1178 128 43 patet
1169 1178 85 43 5.
1211 1178 142 43 Metaph
1296 1178 43 43 &

766 1207 112 36 ideo
836 1207 98 36 non
892 1207 168 36 includit
1018 1207 154 36 aliquam
1116 1207 224 36 imperfectionem

765 1242 77 40 in
804 1242 90 40 suo
855 1242 154 40 primario
971 1242 193 40 intellectu,
1125 1242 90 40 sed
1176 1242 116 40 habet
1253 1242 77 40 ea
1279 1242 64 40 qua

767 1279 75 33 si
804 1279 137 33 adnexam
904 1279 137 33 ratione
1004 1279 100 33 suae
1066 1279 212 33 limitationis,
1229 1279 112 33 propter

767 1313 107 38 quod
834 1313 134 38 potest
927 1313 80 38 ab
968 1313 80 38 ea
1008 1313 161 38 seiungi,
1129 1313 67 38 &
1155 1313 147 38 secudum
1249 1313 94 38 intel

768 1345 153 47 lectum,
880 1345 70 47 &
908 1345 167 47 secundum
1033 1345 112 47 rem,
1103 1345 70 47 &
1131 1345 98 47 per
1173 1345 167 47 consequens

769 1379 112 41 vere
839 1379 154 41 dicitur
951 1379 84 41 de
979 1379 84 41 Deo.

800 1439 328 57 ARTICVLVS
1027 1439 278 57 QV.ARTVS.

765 1516 88 44 An
809 1516 117 44 Deus
883 1516 205 44 componatur
1044 1516 103 44 cum
1102 1516 147 44 aliquo
1205 1516 132 44 sicut
1278 1516 59 44 mo

953 1548 98 40 tor
1009 1548 98 40 cum
1051 1548 126 40 mobili.

804 1714 88 45 Ste
855 1714 164 45 articulus
981 1714 139 45 videtur
1082 1714 126 45 habere
1170 1714 164 45 specialem
1284 1714 63 45 dif

795 1756 191 41 ficultatem
945 1756 150 41 propter
1055 1756 136 41 primum
1150 1756 136 41 orben,
1246 1756 82 41 ad
1273 1756 68 41 que

779 1788 74 40 ta
816 1788 137 40 videtur
915 1788 74 40 se
952 1788 124 40 habere
1039 1788 112 40 Deus,
1114 1788 112 40 sicut
1176 1788 161 40 intelligen-

778 1822 98 42 tiae
839 1822 73 42 ad
875 1822 171 42 inferiores
1010 1822 122 42 orbes;
1095 1822 98 42 vnde
1156 1822 110 42 sicut
1217 1822 134 42 quaelibet

776 1858 221 46 intelligentia
958 1858 182 46 componitur
1102 1858 91 46 suo
1154 1858 117 46 orbi,
1219 1858 117 46 tanquam

779 1891 122 46 motor
861 1891 216 46 appropriatus
1036 1891 95 46 cum
1091 1891 135 46 mobili
1185 1891 95 46 suo
1226 1891 108 46 pprio;

776 1923 92 35 ita
828 1923 145 35 videtur
934 1923 158 35 dicendum
1052 1923 105 35 esse
1118 1923 79 35 de
1144 1923 79 35 Deo.

812 1954 80 54 Ad
852 1954 120 54 cuius
932 1954 187 54 euidentiam
1079 1954 94 54 est
1119 1954 214 54 intelligendum,

771 1987 112 46 quod
841 1987 112 46 Deum
911 1987 169 46 coniungi
1038 1987 126 46 primo
1122 1987 112 46 orbi
1192 1987 141 46 potest
1277 1987 56 46 in

777 2024 159 41 telligi
892 2024 159 41 quinque
1007 2024 144 41 modis,
1108 2024 130 41 primo
1195 2024 115 41 modo
1252 2024 87 41 quod

771 2064 200 39 coniungatur
931 2064 107 39 sibi
998 2064 94 39 per
1051 2064 147 39 quandam
1145 2064 187 39 appropriatio

774 2095 107 55 nem,
840 2095 160 55 secundo,
961 2095 80 55 ex
1001 2095 134 55 quadam
1094 2095 160 55 naturali
1201 2095 134 55 necessi
