1500 2311
190 159 315 69 ARTICVLVS
408 159 266 69 QV.ARTVS.

164 243 82 47 An
205 243 165 47 veritas,
329 243 110 47 quam
398 243 137 47 scimus
494 243 82 47 de
535 243 96 47 Deo
576 243 151 47 continea-

234 277 84 45 tur
282 277 84 45 sub
330 277 131 45 obiecto
425 277 119 45 nostri
497 277 167 45 intellectus.

180 342 83 47 Vide
231 342 73 47 pro
273 342 73 47 hoc
314 342 83 47 art.
366 342 93 47 doct.
429 342 114 47 citatos
512 342 62 47 in
543 342 135 47 principio
636 342 83 47 quaest

222 383 112 40 Irca
292 383 195 40 praesentem
445 383 181 40 articulum
585 383 139 40 quedam
668 383 56 40 oc

166 391 172 71 currunt,
295 391 115 71 quae
366 391 172 71 videntur
495 391 143 71 facere
581 391 143 71 difficul

167 448 133 41 tatem.
260 448 133 41 Primum
353 448 107 41 est,
420 448 107 41 quia
486 448 93 41 cum
540 448 133 41 fuerit
619 448 107 41 decla-

161 481 117 45 ratum
239 481 78 45 in
278 481 117 45 primo
356 481 156 45 articulo
473 481 117 45 huius
538 481 182 45 quaestionis,

168 515 108 43 quod
235 515 162 43 obiectum
357 515 189 43 adaequatum
505 515 203 43 intellectus
654 515 68 43 no-

171 552 98 42 stri
232 552 86 42 sit
281 552 86 42 ens
330 552 208 42 vninersaliter
501 552 147 42 sumptum,
611 552 110 42 prout
672 552 61 42 est

167 583 169 36 reducibile
300 583 73 36 in
336 583 109 36 omnes
409 583 97 36 eius
469 583 133 36 causas,
566 583 60 36 &
578 583 145 36 principia,

168 615 76 38 si
206 615 151 38 dicatur,
320 615 101 38 quod
383 615 151 38 veritas,
496 615 101 38 quam
559 615 101 38 scit
610 615 113 38 Theolo-

165 649 94 45 gus
218 649 81 45 de
259 649 94 45 Deo
313 649 202 45 contineatur
474 649 94 45 sub
528 649 148 45 obiecto
622 649 108 45 nostri

173 681 208 43 intellectus,
342 681 195 43 sequeretur,
499 681 104 43 quod
564 681 104 43 Deus
616 681 117 43 haberet

175 718 129 41 causas,
269 718 59 41 &
293 718 164 41 principia,
422 718 70 41 in
457 718 94 41 quae
516 718 117 41 posset
598 718 129 41 reduci,
692 718 59 41 &

173 756 102 38 quod
237 756 115 38 esset
314 756 154 38 scibilis
429 756 141 38 Veritas
532 756 179 38 Theologica
660 756 64 38 mo-

177 787 70 44 do
212 787 151 44 naturali,
329 787 105 44 sicut
399 787 105 44 aliae
469 787 163 44 veritates,
597 787 58 44 &
620 787 82 44 per
655 787 70 44 con-

173 816 138 41 sequens
274 816 88 41 non
324 816 189 41 indigeremus
475 816 126 41 aliqua
563 816 151 41 scientia
664 816 63 41 di-

177 853 137 51 uinitus
263 853 137 51 inspirata

206 880 142 48 AIterum,
313 880 95 48 quod
372 880 107 48 facit
443 880 202 48 difficultatem
609 880 95 48 est,
657 880 71 48 quia

177 918 90 44 cum
229 918 116 44 prima
306 918 167 44 principia
434 918 206 44 contineantur
601 918 90 44 sub
640 918 90 44 obie-

173 953 89 40 cto
224 953 165 40 adaequato
351 953 191 40 intellectus
504 953 140 40 nostri,
606 953 64 40 &
619 953 114 40 ipsamet

178 989 181 43 contineant
320 989 116 43 omnes
397 989 168 43 veritates
527 989 181 43 sequeretur
656 989 77 43 quod

177 1020 172 41 continerent
314 1020 92 41 etem
371 1020 103 41 omnes
440 1020 149 41 veritates
555 1020 183 41 Theologicas,
704 1020 57 41 &

184 1058 84 44 per
232 1058 167 44 consequens
363 1058 131 44 possent
459 1058 107 44 sciri
530 1058 119 44 lumine
602 1058 131 44 naturali.

217 1089 83 42 Ad
259 1089 138 42 primum
355 1089 179 42 tenentes,
493 1089 110 42 quod
562 1089 166 42 obiectum
673 1089 55 42 ad

175 1120 164 39 aequatum
298 1120 95 39 sit
353 1120 95 39 ens
407 1120 82 39 in
448 1120 150 39 quantum
557 1120 109 39 ens,
611 1120 123 39 respon-

182 1154 115 45 dent,
259 1154 102 45 quod
322 1154 153 45 possumus
437 1154 115 45 loqui
513 1154 76 45 de
552 1154 140 45 obiecto
641 1154 89 45 adae-

179 1190 125 46 quato
263 1190 209 46 dupliciter,
430 1190 97 46 vno
485 1190 111 46 modo
555 1190 167 46 secundum
666 1190 56 46 na

182 1223 121 45 turam
262 1223 214 45 intellectus,
436 1223 67 45 &
463 1223 94 45 sic
517 1223 188 45 concedunt,
651 1223 80 45 quod

184 1251 141 44 veritas
287 1251 179 44 Theologica
428 1251 192 44 contineatur
581 1251 90 44 sub
620 1251 115 44 obiecto

178 1294 173 45 adaequato
311 1294 213 45 intellectus:
484 1294 107 45 alio
551 1294 107 45 modo
604 1294 133 45 possumus

179 1329 116 37 loqui
257 1329 78 37 de
295 1329 142 37 obiecto
399 1329 168 37 adaequato
528 1329 194 37 intellectus
670 1329 65 37 pro

188 1357 158 43 praesenti
310 1357 122 43 statu,
395 1357 61 43 &
419 1357 97 43 isto
480 1357 97 43 modo
541 1357 134 43 dicunt,
639 1357 97 43 quod
687 1357 49 43 ve

186 1393 149 39 titates,
297 1393 99 39 quas
359 1393 99 39 scit
421 1393 161 39 Theologus
545 1393 74 39 de
582 1393 87 39 Deo
632 1393 87 39 non
669 1393 62 39 con

184 1424 143 46 tinentur
291 1424 83 46 sub
339 1424 131 46 obiecto
434 1424 179 46 intellectus
577 1424 131 46 nostri,
661 1424 71 46 quia

182 1457 101 47 isto
245 1457 101 47 modo
308 1457 151 47 obiectum
422 1457 189 47 intellectus
573 1457 88 47 est
624 1457 88 47 ens
661 1457 76 47 pos-

183 1495 120 38 sibile
267 1495 205 38 repraesentari
436 1495 72 38 in
472 1495 193 38 phantasmate,
629 1495 96 38 quae
677 1495 60 38 re-

184 1528 154 45 strictio,
303 1528 59 45 &
326 1528 154 45 limitatio
445 1528 118 45 oritur
528 1528 83 45 vel
575 1528 71 45 ex
611 1528 95 45 pena
658 1528 83 45 pecca

182 1558 79 41 ti
221 1558 198 41 originalis,
379 1558 92 41 vel
432 1558 145 41 propter
537 1558 198 41 connexionem
682 1558 53 41 ad

184 1597 199 42 phantasiam,
343 1597 93 42 vel
396 1597 146 42 propter
502 1597 146 42 aliquam
608 1597 119 42 aliam
675 1597 66 42 cau

182 1628 109 42 sam.
250 1628 190 42 Quapropter
400 1628 95 42 cum
454 1628 95 42 non
508 1628 163 42 possimus
630 1628 81 42 ad
671 1628 95 42 eam

185 1664 156 44 peruenire
305 1664 72 44 in
341 1664 156 44 praesenti
461 1664 108 44 statu
533 1664 132 44 viribus
617 1664 120 44 intelle-

183 1692 109 48 ctus,
256 1692 158 48 indigemus
377 1692 121 48 aliqua
462 1692 146 48 scientia
571 1692 158 48 diuinitus
680 1692 61 48 re

168 1731 123 44 uelata

221 1759 104 47 lste
286 1759 117 47 autem
364 1759 117 47 modus
442 1759 143 47 dicendi
545 1759 104 47 mihi
610 1759 91 47 non
649 1759 91 47 satis

186 1795 126 39 facit,
275 1795 139 39 propter
376 1795 139 39 quatuor
477 1795 240 39 inconuenientia,
666 1795 76 39 quae

186 1833 81 41 ad
226 1833 121 41 illum
293 1833 161 41 sequuntur.

222 1863 120 41 Primo
302 1863 201 41 sequeretur,
462 1863 107 41 quod
529 1863 201 41 intellectus
676 1863 67 41 no-

185 1899 87 39 ster
239 1899 130 39 finitus,
337 1899 97 39 esset
402 1899 108 39 tantae
477 1899 173 39 capacitatis,
618 1899 119 39 quantae
694 1899 54 39 est

178 1929 197 39 intellectus
336 1929 92 39 Dei
388 1929 171 39 infinitus
520 1929 210 39 Consequentia
677 1929 66 39 pro

186 1961 125 43 batur,
273 1961 87 43 nam
323 1961 75 43 si
360 1961 87 43 ens
410 1961 162 43 inquantum
535 1961 87 43 ens
585 1961 112 43 esset
648 1961 87 43 obie-

182 1995 107 44 ctum
249 1995 201 44 adaequatum,
410 1995 94 44 cum
463 1995 94 44 sub
517 1995 80 44 se
557 1995 174 44 contineat
678 1995 67 44 ens

184 2028 150 41 finitum,
296 2028 62 41 &
321 2028 175 41 infinitum,
458 2028 187 41 intellectus
608 2028 125 41 noster
683 2028 62 41 es-

181 2059 82 59 set
228 2059 105 59 capax
298 2059 117 59 totius
380 2059 105 59 entis
450 2059 82 59 tam
496 2059 128 59 finiti,
589 2059 93 59 quam
636 2059 105 59 infini

744 158 83 70 ti
786 158 69 70 &
813 158 138 70 omnium
910 158 180 70 veritatum
1049 158 208 70 possibilium
1201 158 97 70 sciri

745 216 73 34 de
781 216 98 34 toto
843 216 110 34 ente,
916 216 61 34 &
940 216 98 34 quia
1002 216 110 34 extra
1075 216 110 34 totum
1148 216 86 34 ens
1197 216 86 34 non
1234 216 61 34 est

743 246 98 41 dare
804 246 146 41 aliquid,
914 246 183 41 intellectus
1060 246 134 41 diuinus
1158 246 85 41 non
1207 246 73 41 se
1231 246 61 41 ex-

739 283 155 45 tenderet
855 283 77 45 ad
894 283 129 45 plura,
984 283 103 45 quam
1049 283 142 45 noster,
1152 283 65 45 &
1178 283 90 45 per
1217 283 77 45 con-

741 313 139 50 sequens
843 313 89 50 non
893 313 114 50 esset
969 313 139 50 maioris
1070 313 202 50 capacitatis,
1222 313 76 50 quod

747 349 151 36 videtur
843 349 137 36 mirabile

772 376 151 52 Secundo
882 376 206 52 sequeretur,
1047 376 110 52 quod
1116 376 151 52 aliquod
1212 376 82 52 vio-

747 413 141 50 lentum,
850 413 64 50 &
876 413 128 50 contra
965 413 141 50 naturam
1068 413 193 50 reperiretur
1222 413 77 50 in
1248 413 51 50 to

748 448 80 41 ta
788 448 93 41 vna
841 448 146 41 specle,
947 448 106 41 quod
1013 448 146 41 videtur
1119 448 146 41 falsum.
1212 448 93 41 Probo

749 481 217 50 consequentiam,
930 481 97 50 quia
990 481 72 50 si
1027 481 181 50 intellectus
1171 481 121 50 noster
1244 481 48 50 se

748 516 143 46 cundum
848 516 114 46 suam
919 516 157 46 naturam
1034 516 171 46 acceptus
1162 516 129 46 habet
1234 516 71 46 pro

739 550 147 35 obiecto
846 550 121 35 totum
926 550 107 35 ens,
993 550 67 35 &
1020 550 147 35 ratione
1127 550 121 35 huius
1194 550 107 35 status

754 585 101 43 abet
817 585 114 43 illud
893 585 151 43 arctatum
1007 585 76 43 ad
1045 585 101 43 esse
1095 585 202 43 phantasiabile,

749 616 126 47 videtur
840 616 103 47 sequi
909 616 92 47 quod
967 616 92 47 tali
1024 616 138 47 arctatio
1128 616 80 47 sit
1174 616 92 47 sibi
1231 616 92 47 vio

751 649 131 39 senta,
843 649 65 39 &
869 649 131 39 contra
960 649 157 39 naturam,
1078 649 65 39 &
1105 649 196 39 nihilominus
1249 649 52 39 se

759 684 119 36 uitur
838 684 119 36 totam
917 684 132 36 specie
1009 684 145 36 humanam
1115 684 105 36 quae
1180 684 79 36 in
1207 684 92 36 omni-

741 717 95 45 bus
796 717 177 45 hominibus
932 717 191 45 reperitur;
1082 717 109 45 ergo
1137 717 55 45 &c

781 742 133 57 Tertio
874 742 199 57 sequeretur,
1033 742 106 57 quod
1099 742 146 57 daretur
1192 742 106 57 poten-

747 783 91 48 tia
799 783 169 48 naturalis
929 783 156 48 passiua,
1045 783 91 48 cui
1097 783 91 48 non
1136 783 169 48 responderet

745 819 137 40 actiua
841 819 191 40 naturalis,
991 819 109 40 quod
1059 819 96 40 est
1100 819 205 40 inconueniens:

752 854 223 36 Consequentiam
935 854 118 36 probo
1014 854 92 36 per
1066 854 131 36 illos;
1158 854 92 36 nam
1197 854 105 36 dicunt

745 885 190 37 intellectum
897 885 139 37 nostrum
998 885 101 37 esse
1062 885 76 37 in
1100 885 152 37 potentia
1201 885 101 37 natura

749 919 70 37 li
784 919 129 37 passiua
878 919 70 37 ad
913 919 175 37 recipiendas
1053 919 152 37 veritates
1170 919 117 37 totius
1241 919 58 37 en-

748 953 105 41 tis,
813 953 105 41 quod
879 953 92 41 est
931 953 105 41 eius
997 953 157 41 obiectum
1115 953 196 41 adaequatum,
1259 953 39 41 &

750 986 75 46 ex
788 986 126 46 altera
876 986 113 46 parte
951 986 126 46 dicunt
1039 986 188 46 intellectum
1190 986 88 46 non
1228 986 75 46 pos-

750 1021 71 45 se
786 1021 143 45 recipere
893 1021 155 45 huiusmodi
1012 1021 155 45 veritates
1131 1021 83 45 per
1166 1021 131 45 potentiam

750 1053 100 48 pure
813 1053 163 48 naturalem
938 1053 150 48 actiuam:
1051 1053 63 48 &
1076 1053 163 48 propterea
1201 1053 125 48 requi

754 1087 77 43 ri
793 1087 167 43 scientiam
921 1087 167 43 diuinitus
1050 1087 180 43 reuelatam:
1191 1087 103 43 ergo
1243 1087 64 43 &c.

747 1117 152 48 Falsitas
861 1117 203 48 consequentis
1026 1117 165 48 probatur,
1153 1117 101 48 quia
1204 1117 101 48 poten-

750 1161 88 45 tia
801 1161 138 45 passiua
901 1161 163 45 naturalis
1027 1161 138 45 dicitur
1127 1161 75 45 ad
1165 1161 163 45 potentiam

747 1186 149 39 actiuam
855 1186 176 39 naturalem
990 1186 176 39 relatiue,
1125 1186 95 39 non
1179 1186 122 39 autem
1246 1186 54 39 ad

752 1221 238 40 supranaturalem,
953 1221 188 40 impossibile
1103 1221 88 40 est
1153 1221 113 40 autem
1228 1221 75 40 in
1253 1221 50 40 re

748 1256 89 48 rum
799 1256 127 48 natura
888 1256 101 48 dare
951 1256 164 48 relatiuum
1077 1256 127 48 absque
1166 1256 89 48 suo
1204 1256 101 48 corre-

755 1288 146 45 latiuo:
861 1288 106 45 ergo
914 1288 53 45 &c

789 1314 131 47 Quarto
881 1314 197 47 sequeretur,
1038 1314 105 47 quod
1103 1314 197 47 intellectus
1248 1314 52 47 no

756 1353 110 42 ster,
829 1353 147 42 postquam
940 1353 123 42 fuerit
1026 1353 160 42 absolutus
1148 1353 74 42 ab
1185 1353 98 42 isto
1234 1353 74 42 phan

748 1390 151 45 tasmate,
861 1390 138 45 poterit
962 1390 126 45 capere
1050 1390 163 45 veritates
1175 1390 100 45 pure
1226 1390 75 45 Thec

755 1420 132 48 logicas
851 1420 84 48 per
899 1420 96 48 pura
959 1420 168 48 naturalia,
1092 1420 96 48 quod
1152 1420 132 48 videtur
1236 1420 72 48 fal-

750 1459 113 45 sum,
821 1459 71 45 &
849 1459 184 45 erroneum.
991 1459 241 45 Consequentiam
1190 1459 142 45 probo,

759 1487 99 52 quia
820 1487 161 52 quaelibet
944 1487 148 52 potentia
1055 1487 198 52 apprehensiua
1203 1487 99 52 potest

756 1527 91 42 per
808 1527 104 42 suam
873 1527 157 42 naturam,
991 1527 170 42 percipere
1121 1527 104 42 suum
1174 1527 130 42 obiectum

760 1560 153 41 quando
867 1560 245 41 impedimentum
1066 1560 107 41 est
1127 1560 184 41 ammotum,
1250 1560 61 41 si

757 1597 95 37 ergo
817 1597 143 37 obiectum
924 1597 167 37 adaequatum
1055 1597 119 37 nostri
1139 1597 191 37 intellectus,

756 1624 171 44 secundum
884 1624 114 44 suam
955 1624 157 44 naturam
1069 1624 100 44 est
1126 1624 100 44 ens
1183 1624 142 44 totum,
1268 1624 43 44 &

758 1661 92 36 non
810 1661 184 36 contractum
955 1661 79 36 ad
994 1661 105 36 eius
1060 1661 250 36 representatiuum
1257 1661 53 36 in

758 1691 175 49 phantasmate
898 1691 93 49 nisi
957 1691 82 49 pro
1003 1691 163 49 conditione
1132 1691 105 49 huius
1202 1691 128 49 status,

758 1731 71 42 vt
794 1731 94 42 ipsi
852 1731 129 42 dicunt,
946 1731 141 42 sequitur
1052 1731 176 42 necessario,
1193 1731 94 42 quod
1240 1731 71 42 post

755 1756 94 49 quam
814 1756 117 49 fuerit
896 1756 105 49 liber
966 1756 70 49 ab
1001 1756 94 49 isto
1060 1756 105 49 statu
1130 1756 117 49 possit
1212 1756 82 49 per
1247 1756 70 49 suam

757 1796 142 39 naturam
861 1796 129 39 libere
951 1796 129 39 capere
1042 1796 181 39 quamcumque
1171 1796 142 39 veritate.

794 1825 182 43 Quapropter
937 1825 143 43 videtur
1041 1825 104 43 mihi
1107 1825 130 43 aliter
1185 1825 130 43 dicendum

757 1859 114 44 esse.
834 1859 76 44 Ad
872 1859 114 44 cuius
948 1859 178 44 euidentiam
1088 1859 114 44 prius
1164 1859 114 44 noto,
1228 1859 76 44 quod

757 1893 116 37 sicut
834 1893 116 37 patet
911 1893 90 37 per
963 1893 205 37 Comentatorem
1129 1893 128 37 tertio
1219 1893 77 37 de
1245 1893 64 37 ani

758 1928 70 39 ma
793 1928 94 39 com.
852 1928 82 39 18.
899 1928 175 39 intellectus
1039 1928 117 39 noster
1121 1928 164 39 possibilis
1238 1928 70 39 dif-

764 1959 95 40 fert
824 1959 59 40 a
847 1959 107 40 prima
919 1959 143 40 materia;
1026 1959 95 40 quia
1085 1959 178 40 intellectus
1228 1959 83 40 est
1263 1959 48 40 in

775 1997 136 37 otentia
874 1997 74 37 ad
911 1997 112 37 omnes
985 1997 124 37 formas
1072 1997 186 37 vniuersales
1209 1997 99 37 intel-

764 2026 167 46 ligibiles,
895 2026 131 46 materia
991 2026 95 46 vero
1050 2026 107 46 prima
1122 2026 84 46 est
1170 2026 72 46 in
1194 2026 119 46 potentia

757 2059 76 56 ad
795 2059 114 56 omnes
872 2059 127 56 formas
960 2059 203 56 indiuiduales
1126 2059 190 56 sensibiles,
1265 2059 51 56 ex
