<?xml version="1.0" encoding="UTF-8"?>
<alto xmlns:xsi="http://www.w3.org/2001/XMLSchema-instance"
      xmlns="http://www.loc.gov/standards/alto/ns-v2#"
      xmlns:page="http://schema.primaresearch.org/PAGE/gts/pagecontent/2013-07-15"
      xsi:schemaLocation="http://www.loc.gov/standards/alto/ns-v2# http://www.loc.gov/standards/alto/alto.xsd">
   <Description>
      <MeasurementUnit>pixel</MeasurementUnit>
      <OCRProcessing ID="IdOcr">
         <ocrProcessingStep>
            <processingDateTime>2020-09-29T17:17:42.349-04:00</processingDateTime>
            <processingSoftware>
               <softwareCreator>READ COOP</softwareCreator>
               <softwareName>Transkribus</softwareName>
            </processingSoftware>
         </ocrProcessingStep>
      </OCRProcessing>
   </Description>
   <Tags/>
   <Layout>
      <Page ID="Page1" PHYSICAL_IMG_NR="1" HEIGHT="2344" WIDTH="1500">
         <TopMargin HEIGHT="0" WIDTH="1500" VPOS="0" HPOS="0"/>
         <LeftMargin HEIGHT="2344" WIDTH="0" VPOS="0" HPOS="0"/>
         <RightMargin HEIGHT="2344" WIDTH="0" VPOS="0" HPOS="1500"/>
         <BottomMargin HEIGHT="0" WIDTH="1500" VPOS="2344" HPOS="0"/>
         <PrintSpace HEIGHT="2344" WIDTH="1500" VPOS="0" HPOS="0">
            <TextBlock ID="TextRegion_1600635684438_887"
                       HEIGHT="2071"
                       WIDTH="580"
                       VPOS="106"
                       HPOS="135">
               <Shape>
                  <Polygon POINTS="135,106 703,106 714,1924 715,2177 135,2177"/>
               </Shape>
               <TextLine ID="r2l4"
                         BASELINE="223"
                         HEIGHT="56"
                         WIDTH="556"
                         VPOS="167"
                         HPOS="130">
                  <String HEIGHT="56"
                          WIDTH="106"
                          VPOS="167"
                          HPOS="117"
                          CONTENT="quia"/>
                  <SP HEIGHT="56" WIDTH="13" VPOS="167" HPOS="223"/>
                  <String HEIGHT="56"
                          WIDTH="172"
                          VPOS="167"
                          HPOS="183"
                          CONTENT="huiusmodi"/>
                  <SP HEIGHT="56" WIDTH="13" VPOS="167" HPOS="355"/>
                  <String HEIGHT="56"
                          WIDTH="132"
                          VPOS="167"
                          HPOS="315"
                          CONTENT="gradus"/>
                  <SP HEIGHT="56" WIDTH="13" VPOS="167" HPOS="448"/>
                  <String HEIGHT="56" WIDTH="93" VPOS="167" HPOS="408" CONTENT="non"/>
                  <SP HEIGHT="56" WIDTH="13" VPOS="167" HPOS="501"/>
                  <String HEIGHT="56"
                          WIDTH="172"
                          VPOS="167"
                          HPOS="461"
                          CONTENT="reperitur"/>
                  <SP HEIGHT="56" WIDTH="13" VPOS="167" HPOS="633"/>
                  <String HEIGHT="56" WIDTH="79" VPOS="167" HPOS="593" CONTENT="in"/>
                  <SP HEIGHT="56" WIDTH="13" VPOS="167" HPOS="673"/>
                  <String HEIGHT="56"
                          WIDTH="66"
                          VPOS="167"
                          HPOS="620"
                          CONTENT="di"
                          SUBS_TYPE="HypPart1"
                          SUBS_CONTENT="diuersis"/>
                  <HYP CONTENT="-"/>
               </TextLine>
               <TextLine ID="r2l6"
                         BASELINE="268"
                         HEIGHT="49"
                         WIDTH="553"
                         VPOS="219"
                         HPOS="132">
                  <String HEIGHT="49"
                          WIDTH="120"
                          VPOS="219"
                          HPOS="120"
                          CONTENT="uersis"
                          SUBS_TYPE="HypPart2"
                          SUBS_CONTENT="diuersis"/>
                  <SP HEIGHT="49" WIDTH="12" VPOS="219" HPOS="240"/>
                  <String HEIGHT="49"
                          WIDTH="144"
                          VPOS="219"
                          HPOS="204"
                          CONTENT="naturis,"/>
                  <SP HEIGHT="49" WIDTH="12" VPOS="219" HPOS="348"/>
                  <String HEIGHT="49" WIDTH="96" VPOS="219" HPOS="312" CONTENT="nisi"/>
                  <SP HEIGHT="49" WIDTH="12" VPOS="219" HPOS="408"/>
                  <String HEIGHT="49"
                          WIDTH="132"
                          VPOS="219"
                          HPOS="372"
                          CONTENT="propter"/>
                  <SP HEIGHT="49" WIDTH="12" VPOS="219" HPOS="505"/>
                  <String HEIGHT="49" WIDTH="96" VPOS="219" HPOS="469" CONTENT="suam"/>
                  <SP HEIGHT="49" WIDTH="12" VPOS="219" HPOS="565"/>
                  <String HEIGHT="49"
                          WIDTH="168"
                          VPOS="219"
                          HPOS="517"
                          CONTENT="potentialita"/>
               </TextLine>
               <TextLine ID="r2l11"
                         BASELINE="290"
                         HEIGHT="37"
                         WIDTH="556"
                         VPOS="253"
                         HPOS="137">
                  <String HEIGHT="37"
                          WIDTH="108"
                          VPOS="253"
                          HPOS="123"
                          CONTENT="tem,"/>
                  <SP HEIGHT="37" WIDTH="14" VPOS="253" HPOS="232"/>
                  <String HEIGHT="37" WIDTH="68" VPOS="253" HPOS="191" CONTENT="&amp;"/>
                  <SP HEIGHT="37" WIDTH="14" VPOS="253" HPOS="259"/>
                  <String HEIGHT="37"
                          WIDTH="298"
                          VPOS="253"
                          HPOS="218"
                          CONTENT="indeterminationem:"/>
                  <SP HEIGHT="37" WIDTH="14" VPOS="253" HPOS="517"/>
                  <String HEIGHT="37"
                          WIDTH="149"
                          VPOS="253"
                          HPOS="476"
                          CONTENT="Idcirco"/>
                  <SP HEIGHT="37" WIDTH="14" VPOS="253" HPOS="625"/>
                  <String HEIGHT="37"
                          WIDTH="108"
                          VPOS="253"
                          HPOS="585"
                          CONTENT="bene"/>
                  <SP HEIGHT="37" WIDTH="14" VPOS="253" HPOS="693"/>
                  <String HEIGHT="37" WIDTH="54" VPOS="253" HPOS="639" CONTENT="di"/>
               </TextLine>
               <TextLine ID="r2l14"
                         BASELINE="325"
                         HEIGHT="35"
                         WIDTH="544"
                         VPOS="290"
                         HPOS="141">
                  <String HEIGHT="35"
                          WIDTH="148"
                          VPOS="290"
                          HPOS="129"
                          CONTENT="cebatut,"/>
                  <SP HEIGHT="35" WIDTH="12" VPOS="290" HPOS="277"/>
                  <String HEIGHT="35" WIDTH="99" VPOS="290" HPOS="240" CONTENT="quod"/>
                  <SP HEIGHT="35" WIDTH="12" VPOS="290" HPOS="339"/>
                  <String HEIGHT="35" WIDTH="99" VPOS="290" HPOS="302" CONTENT="illa"/>
                  <SP HEIGHT="35" WIDTH="12" VPOS="290" HPOS="401"/>
                  <String HEIGHT="35" WIDTH="99" VPOS="290" HPOS="364" CONTENT="res,"/>
                  <SP HEIGHT="35" WIDTH="12" VPOS="290" HPOS="462"/>
                  <String HEIGHT="35" WIDTH="62" VPOS="290" HPOS="425" CONTENT="a"/>
                  <SP HEIGHT="35" WIDTH="12" VPOS="290" HPOS="487"/>
                  <String HEIGHT="35" WIDTH="87" VPOS="290" HPOS="450" CONTENT="qua"/>
                  <SP HEIGHT="35" WIDTH="12" VPOS="290" HPOS="537"/>
                  <String HEIGHT="35"
                          WIDTH="136"
                          VPOS="290"
                          HPOS="500"
                          CONTENT="sumitur"/>
                  <SP HEIGHT="35" WIDTH="12" VPOS="290" HPOS="636"/>
                  <String HEIGHT="35"
                          WIDTH="99"
                          VPOS="290"
                          HPOS="586"
                          CONTENT="conce"
                          SUBS_TYPE="HypPart1"
                          SUBS_CONTENT="conceptus"/>
                  <HYP CONTENT="-"/>
               </TextLine>
               <TextLine ID="r2l16"
                         BASELINE="367"
                         HEIGHT="44"
                         WIDTH="559"
                         VPOS="323"
                         HPOS="134">
                  <String HEIGHT="44"
                          WIDTH="112"
                          VPOS="323"
                          HPOS="120"
                          CONTENT="ptus"
                          SUBS_TYPE="HypPart2"
                          SUBS_CONTENT="conceptus"/>
                  <SP HEIGHT="44" WIDTH="14" VPOS="323" HPOS="232"/>
                  <String HEIGHT="44"
                          WIDTH="168"
                          VPOS="323"
                          HPOS="190"
                          CONTENT="generis,"/>
                  <SP HEIGHT="44" WIDTH="14" VPOS="323" HPOS="358"/>
                  <String HEIGHT="44" WIDTH="98" VPOS="323" HPOS="316" CONTENT="non"/>
                  <SP HEIGHT="44" WIDTH="14" VPOS="323" HPOS="414"/>
                  <String HEIGHT="44"
                          WIDTH="168"
                          VPOS="323"
                          HPOS="372"
                          CONTENT="fundaret"/>
                  <SP HEIGHT="44" WIDTH="14" VPOS="323" HPOS="539"/>
                  <String HEIGHT="44"
                          WIDTH="210"
                          VPOS="323"
                          HPOS="483"
                          CONTENT="similitudinem"/>
               </TextLine>
               <TextLine ID="r2l18"
                         BASELINE="401"
                         HEIGHT="42"
                         WIDTH="559"
                         VPOS="359"
                         HPOS="134">
                  <String HEIGHT="42" WIDTH="85" VPOS="359" HPOS="122" CONTENT="cum"/>
                  <SP HEIGHT="42" WIDTH="12" VPOS="359" HPOS="207"/>
                  <String HEIGHT="42" WIDTH="73" VPOS="359" HPOS="170" CONTENT="re"/>
                  <SP HEIGHT="42" WIDTH="12" VPOS="359" HPOS="243"/>
                  <String HEIGHT="42"
                          WIDTH="146"
                          VPOS="359"
                          HPOS="207"
                          CONTENT="alterius"/>
                  <SP HEIGHT="42" WIDTH="12" VPOS="359" HPOS="353"/>
                  <String HEIGHT="42"
                          WIDTH="146"
                          VPOS="359"
                          HPOS="316"
                          CONTENT="generis,"/>
                  <SP HEIGHT="42" WIDTH="12" VPOS="359" HPOS="462"/>
                  <String HEIGHT="42" WIDTH="97" VPOS="359" HPOS="426" CONTENT="nisi"/>
                  <SP HEIGHT="42" WIDTH="12" VPOS="359" HPOS="523"/>
                  <String HEIGHT="42"
                          WIDTH="134"
                          VPOS="359"
                          HPOS="486"
                          CONTENT="haberet"/>
                  <SP HEIGHT="42" WIDTH="12" VPOS="359" HPOS="620"/>
                  <String HEIGHT="42"
                          WIDTH="134"
                          VPOS="359"
                          HPOS="584"
                          CONTENT="aliquem"/>
                  <SP HEIGHT="42" WIDTH="12" VPOS="359" HPOS="717"/>
                  <String HEIGHT="42" WIDTH="24" VPOS="359" HPOS="669" CONTENT=""/>
               </TextLine>
               <TextLine ID="r2l20"
                         BASELINE="439"
                         HEIGHT="45"
                         WIDTH="558"
                         VPOS="394"
                         HPOS="130">
                  <String HEIGHT="45"
                          WIDTH="130"
                          VPOS="394"
                          HPOS="117"
                          CONTENT="gradum"/>
                  <SP HEIGHT="45" WIDTH="13" VPOS="394" HPOS="247"/>
                  <String HEIGHT="45"
                          WIDTH="260"
                          VPOS="394"
                          HPOS="208"
                          CONTENT="potentialitatis,"/>
                  <SP HEIGHT="45" WIDTH="13" VPOS="394" HPOS="467"/>
                  <String HEIGHT="45" WIDTH="65" VPOS="394" HPOS="428" CONTENT="&amp;"/>
                  <SP HEIGHT="45" WIDTH="13" VPOS="394" HPOS="493"/>
                  <String HEIGHT="45"
                          WIDTH="117"
                          VPOS="394"
                          HPOS="454"
                          CONTENT="sicut"/>
                  <SP HEIGHT="45" WIDTH="13" VPOS="394" HPOS="571"/>
                  <String HEIGHT="45"
                          WIDTH="117"
                          VPOS="394"
                          HPOS="532"
                          CONTENT="habet"/>
                  <SP HEIGHT="45" WIDTH="13" VPOS="394" HPOS="649"/>
                  <String HEIGHT="45"
                          WIDTH="91"
                          VPOS="394"
                          HPOS="597"
                          CONTENT="istum"/>
               </TextLine>
               <TextLine ID="r2l23"
                         BASELINE="470"
                         HEIGHT="40"
                         WIDTH="562"
                         VPOS="430"
                         HPOS="130">
                  <String HEIGHT="40"
                          WIDTH="128"
                          VPOS="430"
                          HPOS="117"
                          CONTENT="gradum"/>
                  <SP HEIGHT="40" WIDTH="13" VPOS="430" HPOS="245"/>
                  <String HEIGHT="40"
                          WIDTH="255"
                          VPOS="430"
                          HPOS="207"
                          CONTENT="potentialitatis,"/>
                  <SP HEIGHT="40" WIDTH="13" VPOS="430" HPOS="462"/>
                  <String HEIGHT="40" WIDTH="89" VPOS="430" HPOS="424" CONTENT="ita"/>
                  <SP HEIGHT="40" WIDTH="13" VPOS="430" HPOS="513"/>
                  <String HEIGHT="40"
                          WIDTH="179"
                          VPOS="430"
                          HPOS="475"
                          CONTENT="necessario"/>
                  <SP HEIGHT="40" WIDTH="13" VPOS="430" HPOS="654"/>
                  <String HEIGHT="40"
                          WIDTH="89"
                          VPOS="430"
                          HPOS="603"
                          CONTENT="habet"/>
               </TextLine>
               <TextLine ID="r2l24"
                         BASELINE="507"
                         HEIGHT="44"
                         WIDTH="547"
                         VPOS="463"
                         HPOS="139">
                  <String HEIGHT="44"
                          WIDTH="112"
                          VPOS="463"
                          HPOS="127"
                          CONTENT="alium"/>
                  <SP HEIGHT="44" WIDTH="12" VPOS="463" HPOS="238"/>
                  <String HEIGHT="44"
                          WIDTH="124"
                          VPOS="463"
                          HPOS="201"
                          CONTENT="gradum"/>
                  <SP HEIGHT="44" WIDTH="12" VPOS="463" HPOS="325"/>
                  <String HEIGHT="44"
                          WIDTH="211"
                          VPOS="463"
                          HPOS="288"
                          CONTENT="actualitatis,"/>
                  <SP HEIGHT="44" WIDTH="12" VPOS="463" HPOS="500"/>
                  <String HEIGHT="44" WIDTH="62" VPOS="463" HPOS="462" CONTENT="a"/>
                  <SP HEIGHT="44" WIDTH="12" VPOS="463" HPOS="524"/>
                  <String HEIGHT="44" WIDTH="87" VPOS="463" HPOS="487" CONTENT="quo"/>
                  <SP HEIGHT="44" WIDTH="12" VPOS="463" HPOS="574"/>
                  <String HEIGHT="44"
                          WIDTH="137"
                          VPOS="463"
                          HPOS="537"
                          CONTENT="sumitur"/>
                  <SP HEIGHT="44" WIDTH="12" VPOS="463" HPOS="674"/>
                  <String HEIGHT="44" WIDTH="62" VPOS="463" HPOS="624" CONTENT="con"/>
               </TextLine>
               <TextLine ID="r2l26"
                         BASELINE="540"
                         HEIGHT="48"
                         WIDTH="559"
                         VPOS="492"
                         HPOS="134">
                  <String HEIGHT="48"
                          WIDTH="133"
                          VPOS="492"
                          HPOS="121"
                          CONTENT="ceptus"/>
                  <SP HEIGHT="48" WIDTH="13" VPOS="492" HPOS="254"/>
                  <String HEIGHT="48"
                          WIDTH="226"
                          VPOS="492"
                          HPOS="214"
                          CONTENT="differentiae:"/>
                  <SP HEIGHT="48" WIDTH="13" VPOS="492" HPOS="440"/>
                  <String HEIGHT="48" WIDTH="67" VPOS="492" HPOS="400" CONTENT="&amp;"/>
                  <SP HEIGHT="48" WIDTH="13" VPOS="492" HPOS="467"/>
                  <String HEIGHT="48"
                          WIDTH="106"
                          VPOS="492"
                          HPOS="427"
                          CONTENT="hinc"/>
                  <SP HEIGHT="48" WIDTH="13" VPOS="492" HPOS="533"/>
                  <String HEIGHT="48" WIDTH="93" VPOS="492" HPOS="493" CONTENT="est"/>
                  <SP HEIGHT="48" WIDTH="13" VPOS="492" HPOS="587"/>
                  <String HEIGHT="48"
                          WIDTH="106"
                          VPOS="492"
                          HPOS="547"
                          CONTENT="quod"/>
                  <SP HEIGHT="48" WIDTH="13" VPOS="492" HPOS="653"/>
                  <String HEIGHT="48"
                          WIDTH="93"
                          VPOS="492"
                          HPOS="600"
                          CONTENT="commu"/>
               </TextLine>
               <TextLine ID="r2l29"
                         BASELINE="567"
                         HEIGHT="38"
                         WIDTH="551"
                         VPOS="529"
                         HPOS="138">
                  <String HEIGHT="38"
                          WIDTH="115"
                          VPOS="529"
                          HPOS="125"
                          CONTENT="niter"/>
                  <SP HEIGHT="38" WIDTH="13" VPOS="529" HPOS="241"/>
                  <String HEIGHT="38"
                          WIDTH="141"
                          VPOS="529"
                          HPOS="202"
                          CONTENT="ponitur"/>
                  <SP HEIGHT="38" WIDTH="13" VPOS="529" HPOS="343"/>
                  <String HEIGHT="38"
                          WIDTH="179"
                          VPOS="529"
                          HPOS="305"
                          CONTENT="similitudo"/>
                  <SP HEIGHT="38" WIDTH="13" VPOS="529" HPOS="484"/>
                  <String HEIGHT="38"
                          WIDTH="115"
                          VPOS="529"
                          HPOS="446"
                          CONTENT="inter"/>
                  <SP HEIGHT="38" WIDTH="13" VPOS="529" HPOS="561"/>
                  <String HEIGHT="38"
                          WIDTH="128"
                          VPOS="529"
                          HPOS="522"
                          CONTENT="genus,"/>
                  <SP HEIGHT="38" WIDTH="13" VPOS="529" HPOS="651"/>
                  <String HEIGHT="38" WIDTH="64" VPOS="529" HPOS="612" CONTENT="&amp;"/>
                  <SP HEIGHT="38" WIDTH="13" VPOS="529" HPOS="676"/>
                  <String HEIGHT="38"
                          WIDTH="64"
                          VPOS="529"
                          HPOS="625"
                          CONTENT="ma"
                          SUBS_TYPE="HypPart1"
                          SUBS_CONTENT="materiam,"/>
                  <HYP CONTENT="-"/>
               </TextLine>
               <TextLine ID="r2l30"
                         BASELINE="609"
                         HEIGHT="46"
                         WIDTH="549"
                         VPOS="563"
                         HPOS="137">
                  <String HEIGHT="46"
                          WIDTH="147"
                          VPOS="563"
                          HPOS="124"
                          CONTENT="teriam,"
                          SUBS_TYPE="HypPart2"
                          SUBS_CONTENT="materiam,"/>
                  <SP HEIGHT="46" WIDTH="13" VPOS="563" HPOS="271"/>
                  <String HEIGHT="46" WIDTH="80" VPOS="563" HPOS="231" CONTENT="vt"/>
                  <SP HEIGHT="46" WIDTH="13" VPOS="563" HPOS="311"/>
                  <String HEIGHT="46"
                          WIDTH="147"
                          VPOS="563"
                          HPOS="271"
                          CONTENT="tangit:"/>
                  <SP HEIGHT="46" WIDTH="13" VPOS="563" HPOS="418"/>
                  <String HEIGHT="46"
                          WIDTH="121"
                          VPOS="563"
                          HPOS="378"
                          CONTENT="Comm."/>
                  <SP HEIGHT="46" WIDTH="13" VPOS="563" HPOS="499"/>
                  <String HEIGHT="46"
                          WIDTH="121"
                          VPOS="563"
                          HPOS="458"
                          CONTENT="primo"/>
                  <SP HEIGHT="46" WIDTH="13" VPOS="563" HPOS="579"/>
                  <String HEIGHT="46"
                          WIDTH="134"
                          VPOS="563"
                          HPOS="539"
                          CONTENT="Metaph"/>
                  <SP HEIGHT="46" WIDTH="13" VPOS="563" HPOS="673"/>
                  <String HEIGHT="46" WIDTH="67" VPOS="563" HPOS="619" CONTENT="con"/>
               </TextLine>
               <TextLine ID="r2l32"
                         BASELINE="639"
                         HEIGHT="44"
                         WIDTH="552"
                         VPOS="595"
                         HPOS="144">
                  <String HEIGHT="44" WIDTH="88" VPOS="595" HPOS="131" CONTENT="3o."/>
                  <SP HEIGHT="44" WIDTH="13" VPOS="595" HPOS="219"/>
                  <String HEIGHT="44" WIDTH="88" VPOS="595" HPOS="182" CONTENT="nam"/>
                  <SP HEIGHT="44" WIDTH="13" VPOS="595" HPOS="269"/>
                  <String HEIGHT="44"
                          WIDTH="113"
                          VPOS="595"
                          HPOS="232"
                          CONTENT="sicut"/>
                  <SP HEIGHT="44" WIDTH="13" VPOS="595" HPOS="345"/>
                  <String HEIGHT="44"
                          WIDTH="138"
                          VPOS="595"
                          HPOS="307"
                          CONTENT="materia"/>
                  <SP HEIGHT="44" WIDTH="13" VPOS="595" HPOS="445"/>
                  <String HEIGHT="44"
                          WIDTH="138"
                          VPOS="595"
                          HPOS="407"
                          CONTENT="propter"/>
                  <SP HEIGHT="44" WIDTH="13" VPOS="595" HPOS="545"/>
                  <String HEIGHT="44" WIDTH="88" VPOS="595" HPOS="508" CONTENT="sui"/>
                  <SP HEIGHT="44" WIDTH="13" VPOS="595" HPOS="596"/>
                  <String HEIGHT="44"
                          WIDTH="151"
                          VPOS="595"
                          HPOS="545"
                          CONTENT="potentiali"/>
               </TextLine>
               <TextLine ID="r2l34"
                         BASELINE="671"
                         HEIGHT="38"
                         WIDTH="553"
                         VPOS="633"
                         HPOS="138">
                  <String HEIGHT="38"
                          WIDTH="106"
                          VPOS="633"
                          HPOS="126"
                          CONTENT="tatem"/>
                  <SP HEIGHT="38" WIDTH="12" VPOS="633" HPOS="232"/>
                  <String HEIGHT="38"
                          WIDTH="118"
                          VPOS="633"
                          HPOS="197"
                          CONTENT="potest"/>
                  <SP HEIGHT="38" WIDTH="12" VPOS="633" HPOS="314"/>
                  <String HEIGHT="38" WIDTH="94" VPOS="633" HPOS="279" CONTENT="esse"/>
                  <SP HEIGHT="38" WIDTH="12" VPOS="633" HPOS="373"/>
                  <String HEIGHT="38" WIDTH="82" VPOS="633" HPOS="338" CONTENT="sub"/>
                  <SP HEIGHT="38" WIDTH="12" VPOS="633" HPOS="420"/>
                  <String HEIGHT="38"
                          WIDTH="141"
                          VPOS="633"
                          HPOS="385"
                          CONTENT="diuersis"/>
                  <SP HEIGHT="38" WIDTH="12" VPOS="633" HPOS="526"/>
                  <String HEIGHT="38"
                          WIDTH="129"
                          VPOS="633"
                          HPOS="491"
                          CONTENT="formis,"/>
                  <SP HEIGHT="38" WIDTH="12" VPOS="633" HPOS="620"/>
                  <String HEIGHT="38" WIDTH="82" VPOS="633" HPOS="585" CONTENT="ita"/>
                  <SP HEIGHT="38" WIDTH="12" VPOS="633" HPOS="667"/>
                  <String HEIGHT="38" WIDTH="71" VPOS="633" HPOS="620" CONTENT="iste"/>
               </TextLine>
               <TextLine ID="r2l37"
                         BASELINE="715"
                         HEIGHT="52"
                         WIDTH="484"
                         VPOS="663"
                         HPOS="138">
                  <String HEIGHT="52"
                          WIDTH="121"
                          VPOS="663"
                          HPOS="126"
                          CONTENT="gradus"/>
                  <SP HEIGHT="52" WIDTH="12" VPOS="663" HPOS="247"/>
                  <String HEIGHT="52"
                          WIDTH="121"
                          VPOS="663"
                          HPOS="211"
                          CONTENT="potest"/>
                  <SP HEIGHT="52" WIDTH="12" VPOS="663" HPOS="332"/>
                  <String HEIGHT="52" WIDTH="97" VPOS="663" HPOS="295" CONTENT="esse"/>
                  <SP HEIGHT="52" WIDTH="12" VPOS="663" HPOS="392"/>
                  <String HEIGHT="52" WIDTH="85" VPOS="663" HPOS="356" CONTENT="sub"/>
                  <SP HEIGHT="52" WIDTH="12" VPOS="663" HPOS="441"/>
                  <String HEIGHT="52"
                          WIDTH="145"
                          VPOS="663"
                          HPOS="404"
                          CONTENT="diuersis"/>
                  <SP HEIGHT="52" WIDTH="12" VPOS="663" HPOS="549"/>
                  <String HEIGHT="52"
                          WIDTH="121"
                          VPOS="663"
                          HPOS="501"
                          CONTENT="naturis."/>
               </TextLine>
               <TextLine ID="r2l38"
                         BASELINE="738"
                         HEIGHT="42"
                         WIDTH="517"
                         VPOS="696"
                         HPOS="172">
                  <String HEIGHT="42"
                          WIDTH="182"
                          VPOS="696"
                          HPOS="158"
                          CONTENT="Occurrunt"/>
                  <SP HEIGHT="42" WIDTH="14" VPOS="696" HPOS="340"/>
                  <String HEIGHT="42"
                          WIDTH="126"
                          VPOS="696"
                          HPOS="298"
                          CONTENT="tamen"/>
                  <SP HEIGHT="42" WIDTH="14" VPOS="696" HPOS="424"/>
                  <String HEIGHT="42"
                          WIDTH="140"
                          VPOS="696"
                          HPOS="382"
                          CONTENT="contra"/>
                  <SP HEIGHT="42" WIDTH="14" VPOS="696" HPOS="521"/>
                  <String HEIGHT="42"
                          WIDTH="182"
                          VPOS="696"
                          HPOS="479"
                          CONTENT="praedicta"/>
                  <SP HEIGHT="42" WIDTH="14" VPOS="696" HPOS="661"/>
                  <String HEIGHT="42" WIDTH="84" VPOS="696" HPOS="605" CONTENT="duae"/>
               </TextLine>
               <TextLine ID="r2l40"
                         BASELINE="770"
                         HEIGHT="39"
                         WIDTH="549"
                         VPOS="731"
                         HPOS="136">
                  <String HEIGHT="39"
                          WIDTH="217"
                          VPOS="731"
                          HPOS="123"
                          CONTENT="dubitationes:"/>
                  <SP HEIGHT="39" WIDTH="13" VPOS="731" HPOS="340"/>
                  <String HEIGHT="39"
                          WIDTH="115"
                          VPOS="731"
                          HPOS="302"
                          CONTENT="Prima"/>
                  <SP HEIGHT="39" WIDTH="13" VPOS="731" HPOS="417"/>
                  <String HEIGHT="39"
                          WIDTH="102"
                          VPOS="731"
                          HPOS="379"
                          CONTENT="est,"/>
                  <SP HEIGHT="39" WIDTH="13" VPOS="731" HPOS="481"/>
                  <String HEIGHT="39"
                          WIDTH="102"
                          VPOS="731"
                          HPOS="442"
                          CONTENT="quia"/>
                  <SP HEIGHT="39" WIDTH="13" VPOS="731" HPOS="545"/>
                  <String HEIGHT="39"
                          WIDTH="140"
                          VPOS="731"
                          HPOS="506"
                          CONTENT="videtur"/>
                  <SP HEIGHT="39" WIDTH="13" VPOS="731" HPOS="647"/>
                  <String HEIGHT="39"
                          WIDTH="89"
                          VPOS="731"
                          HPOS="596"
                          CONTENT="genus"/>
               </TextLine>
               <TextLine ID="r2l43"
                         BASELINE="807"
                         HEIGHT="38"
                         WIDTH="552"
                         VPOS="769"
                         HPOS="135">
                  <String HEIGHT="38"
                          WIDTH="194"
                          VPOS="769"
                          HPOS="120"
                          CONTENT="importare"/>
                  <SP HEIGHT="38" WIDTH="15" VPOS="769" HPOS="314"/>
                  <String HEIGHT="38"
                          WIDTH="194"
                          VPOS="769"
                          HPOS="269"
                          CONTENT="(secundum"/>
                  <SP HEIGHT="38" WIDTH="15" VPOS="769" HPOS="463"/>
                  <String HEIGHT="38"
                          WIDTH="119"
                          VPOS="769"
                          HPOS="418"
                          CONTENT="hoc)"/>
                  <SP HEIGHT="38" WIDTH="15" VPOS="769" HPOS="538"/>
                  <String HEIGHT="38"
                          WIDTH="119"
                          VPOS="769"
                          HPOS="493"
                          CONTENT="vnam"/>
                  <SP HEIGHT="38" WIDTH="15" VPOS="769" HPOS="612"/>
                  <String HEIGHT="38"
                          WIDTH="134"
                          VPOS="769"
                          HPOS="553"
                          CONTENT="formam,"/>
               </TextLine>
               <TextLine ID="r2l44"
                         BASELINE="842"
                         HEIGHT="35"
                         WIDTH="554"
                         VPOS="807"
                         HPOS="136">
                  <String HEIGHT="35" WIDTH="66" VPOS="807" HPOS="123" CONTENT="&amp;"/>
                  <SP HEIGHT="35" WIDTH="13" VPOS="807" HPOS="189"/>
                  <String HEIGHT="35"
                          WIDTH="106"
                          VPOS="807"
                          HPOS="149"
                          CONTENT="vnam"/>
                  <SP HEIGHT="35" WIDTH="13" VPOS="807" HPOS="255"/>
                  <String HEIGHT="35"
                          WIDTH="158"
                          VPOS="807"
                          HPOS="215"
                          CONTENT="naturam,"/>
                  <SP HEIGHT="35" WIDTH="13" VPOS="807" HPOS="373"/>
                  <String HEIGHT="35"
                          WIDTH="106"
                          VPOS="807"
                          HPOS="334"
                          CONTENT="quia"/>
                  <SP HEIGHT="35" WIDTH="13" VPOS="807" HPOS="439"/>
                  <String HEIGHT="35"
                          WIDTH="106"
                          VPOS="807"
                          HPOS="400"
                          CONTENT="ille"/>
                  <SP HEIGHT="35" WIDTH="13" VPOS="807" HPOS="505"/>
                  <String HEIGHT="35"
                          WIDTH="145"
                          VPOS="807"
                          HPOS="466"
                          CONTENT="gradus,"/>
                  <SP HEIGHT="35" WIDTH="13" VPOS="807" HPOS="611"/>
                  <String HEIGHT="35" WIDTH="66" VPOS="807" HPOS="571" CONTENT="a"/>
                  <SP HEIGHT="35" WIDTH="13" VPOS="807" HPOS="637"/>
                  <String HEIGHT="35" WIDTH="92" VPOS="807" HPOS="598" CONTENT="quo"/>
                  <SP HEIGHT="35" WIDTH="13" VPOS="807" HPOS="690"/>
                  <String HEIGHT="35" WIDTH="53" VPOS="807" HPOS="637" CONTENT="su"/>
               </TextLine>
               <TextLine ID="r2l46"
                         BASELINE="878"
                         HEIGHT="44"
                         WIDTH="560"
                         VPOS="834"
                         HPOS="136">
                  <String HEIGHT="44"
                          WIDTH="123"
                          VPOS="834"
                          HPOS="122"
                          CONTENT="mitur"/>
                  <SP HEIGHT="44" WIDTH="14" VPOS="834" HPOS="245"/>
                  <String HEIGHT="44"
                          WIDTH="178"
                          VPOS="834"
                          HPOS="204"
                          CONTENT="conceptus"/>
                  <SP HEIGHT="44" WIDTH="14" VPOS="834" HPOS="382"/>
                  <String HEIGHT="44"
                          WIDTH="164"
                          VPOS="834"
                          HPOS="341"
                          CONTENT="generis,"/>
                  <SP HEIGHT="44" WIDTH="14" VPOS="834" HPOS="505"/>
                  <String HEIGHT="44" WIDTH="96" VPOS="834" HPOS="464" CONTENT="est"/>
                  <SP HEIGHT="44" WIDTH="14" VPOS="834" HPOS="559"/>
                  <String HEIGHT="44"
                          WIDTH="123"
                          VPOS="834"
                          HPOS="518"
                          CONTENT="vnus,"/>
                  <SP HEIGHT="44" WIDTH="14" VPOS="834" HPOS="641"/>
                  <String HEIGHT="44" WIDTH="68" VPOS="834" HPOS="600" CONTENT="&amp;"/>
                  <SP HEIGHT="44" WIDTH="14" VPOS="834" HPOS="669"/>
                  <String HEIGHT="44" WIDTH="82" VPOS="834" HPOS="614" CONTENT="idem"/>
               </TextLine>
               <TextLine ID="r2l48"
                         BASELINE="910"
                         HEIGHT="37"
                         WIDTH="553"
                         VPOS="873"
                         HPOS="139">
                  <String HEIGHT="37" WIDTH="86" VPOS="873" HPOS="127" CONTENT="cum"/>
                  <SP HEIGHT="37" WIDTH="12" VPOS="873" HPOS="213"/>
                  <String HEIGHT="37"
                          WIDTH="197"
                          VPOS="873"
                          HPOS="176"
                          CONTENT="differentia,"/>
                  <SP HEIGHT="37" WIDTH="12" VPOS="873" HPOS="372"/>
                  <String HEIGHT="37" WIDTH="98" VPOS="873" HPOS="336" CONTENT="isto"/>
                  <SP HEIGHT="37" WIDTH="12" VPOS="873" HPOS="434"/>
                  <String HEIGHT="37" WIDTH="98" VPOS="873" HPOS="397" CONTENT="modo"/>
                  <SP HEIGHT="37" WIDTH="12" VPOS="873" HPOS="495"/>
                  <String HEIGHT="37"
                          WIDTH="160"
                          VPOS="873"
                          HPOS="459"
                          CONTENT="acceptus,"/>
                  <SP HEIGHT="37" WIDTH="12" VPOS="873" HPOS="618"/>
                  <String HEIGHT="37" WIDTH="86" VPOS="873" HPOS="581" CONTENT="hoc"/>
                  <SP HEIGHT="37" WIDTH="12" VPOS="873" HPOS="667"/>
                  <String HEIGHT="37" WIDTH="74" VPOS="873" HPOS="618" CONTENT="aute"/>
               </TextLine>
               <TextLine ID="r2l51"
                         BASELINE="941"
                         HEIGHT="35"
                         WIDTH="555"
                         VPOS="906"
                         HPOS="140">
                  <String HEIGHT="35"
                          WIDTH="149"
                          VPOS="906"
                          HPOS="126"
                          CONTENT="videtur"/>
                  <SP HEIGHT="35" WIDTH="14" VPOS="906" HPOS="275"/>
                  <String HEIGHT="35"
                          WIDTH="135"
                          VPOS="906"
                          HPOS="235"
                          CONTENT="contra"/>
                  <SP HEIGHT="35" WIDTH="14" VPOS="906" HPOS="370"/>
                  <String HEIGHT="35"
                          WIDTH="135"
                          VPOS="906"
                          HPOS="330"
                          CONTENT="Arist."/>
                  <SP HEIGHT="35" WIDTH="14" VPOS="906" HPOS="465"/>
                  <String HEIGHT="35"
                          WIDTH="122"
                          VPOS="906"
                          HPOS="424"
                          CONTENT="primo"/>
                  <SP HEIGHT="35" WIDTH="14" VPOS="906" HPOS="546"/>
                  <String HEIGHT="35"
                          WIDTH="122"
                          VPOS="906"
                          HPOS="505"
                          CONTENT="phys."/>
                  <SP HEIGHT="35" WIDTH="14" VPOS="906" HPOS="627"/>
                  <String HEIGHT="35" WIDTH="68" VPOS="906" HPOS="587" CONTENT="&amp;"/>
                  <SP HEIGHT="35" WIDTH="14" VPOS="906" HPOS="654"/>
                  <String HEIGHT="35"
                          WIDTH="95"
                          VPOS="906"
                          HPOS="600"
                          CONTENT="post."/>
               </TextLine>
               <TextLine ID="r2l52"
                         BASELINE="986"
                         HEIGHT="48"
                         WIDTH="554"
                         VPOS="938"
                         HPOS="142">
                  <String HEIGHT="48"
                          WIDTH="135"
                          VPOS="938"
                          HPOS="128"
                          CONTENT="quibus"/>
                  <SP HEIGHT="48" WIDTH="14" VPOS="938" HPOS="264"/>
                  <String HEIGHT="48" WIDTH="81" VPOS="938" HPOS="223" CONTENT="in"/>
                  <SP HEIGHT="48" WIDTH="14" VPOS="938" HPOS="304"/>
                  <String HEIGHT="48"
                          WIDTH="122"
                          VPOS="938"
                          HPOS="264"
                          CONTENT="locis"/>
                  <SP HEIGHT="48" WIDTH="14" VPOS="938" HPOS="385"/>
                  <String HEIGHT="48"
                          WIDTH="176"
                          VPOS="938"
                          HPOS="345"
                          CONTENT="attribuit"/>
                  <SP HEIGHT="48" WIDTH="14" VPOS="938" HPOS="520"/>
                  <String HEIGHT="48"
                          WIDTH="230"
                          VPOS="938"
                          HPOS="466"
                          CONTENT="multiplicitatem"/>
               </TextLine>
               <TextLine ID="r2l55"
                         BASELINE="1023"
                         HEIGHT="44"
                         WIDTH="99"
                         VPOS="979"
                         HPOS="142">
                  <String HEIGHT="44"
                          WIDTH="127"
                          VPOS="979"
                          HPOS="114"
                          CONTENT="generi."/>
               </TextLine>
               <TextLine ID="r2l57"
                         BASELINE="1052"
                         HEIGHT="52"
                         WIDTH="522"
                         VPOS="1000"
                         HPOS="178">
                  <String HEIGHT="52" WIDTH="82" VPOS="1000" HPOS="164" CONTENT="Ad"/>
                  <SP HEIGHT="52" WIDTH="14" VPOS="1000" HPOS="247"/>
                  <String HEIGHT="52" WIDTH="96" VPOS="1000" HPOS="205" CONTENT="hoc"/>
                  <SP HEIGHT="52" WIDTH="14" VPOS="1000" HPOS="302"/>
                  <String HEIGHT="52"
                          WIDTH="124"
                          VPOS="1000"
                          HPOS="260"
                          CONTENT="dico,"/>
                  <SP HEIGHT="52" WIDTH="14" VPOS="1000" HPOS="384"/>
                  <String HEIGHT="52"
                          WIDTH="110"
                          VPOS="1000"
                          HPOS="343"
                          CONTENT="quod"/>
                  <SP HEIGHT="52" WIDTH="14" VPOS="1000" HPOS="453"/>
                  <String HEIGHT="52" WIDTH="96" VPOS="1000" HPOS="412" CONTENT="non"/>
                  <SP HEIGHT="52" WIDTH="14" VPOS="1000" HPOS="508"/>
                  <String HEIGHT="52" WIDTH="96" VPOS="1000" HPOS="466" CONTENT="est"/>
                  <SP HEIGHT="52" WIDTH="14" VPOS="1000" HPOS="563"/>
                  <String HEIGHT="52"
                          WIDTH="192"
                          VPOS="1000"
                          HPOS="508"
                          CONTENT="inconueniens"/>
               </TextLine>
               <TextLine ID="r2l59"
                         BASELINE="1083"
                         HEIGHT="42"
                         WIDTH="547"
                         VPOS="1041"
                         HPOS="145">
                  <String HEIGHT="42"
                          WIDTH="182"
                          VPOS="1041"
                          HPOS="131"
                          CONTENT="concedere"/>
                  <SP HEIGHT="42" WIDTH="14" VPOS="1041" HPOS="313"/>
                  <String HEIGHT="42"
                          WIDTH="140"
                          VPOS="1041"
                          HPOS="271"
                          CONTENT="aliquo"/>
                  <SP HEIGHT="42" WIDTH="14" VPOS="1041" HPOS="411"/>
                  <String HEIGHT="42"
                          WIDTH="126"
                          VPOS="1041"
                          HPOS="369"
                          CONTENT="modo,"/>
                  <SP HEIGHT="42" WIDTH="14" VPOS="1041" HPOS="496"/>
                  <String HEIGHT="42"
                          WIDTH="112"
                          VPOS="1041"
                          HPOS="454"
                          CONTENT="quod"/>
                  <SP HEIGHT="42" WIDTH="14" VPOS="1041" HPOS="566"/>
                  <String HEIGHT="42"
                          WIDTH="126"
                          VPOS="1041"
                          HPOS="524"
                          CONTENT="genus"/>
                  <SP HEIGHT="42" WIDTH="14" VPOS="1041" HPOS="650"/>
                  <String HEIGHT="42"
                          WIDTH="98"
                          VPOS="1041"
                          HPOS="594"
                          CONTENT="dicat"/>
               </TextLine>
               <TextLine ID="r2l61"
                         BASELINE="1116"
                         HEIGHT="40"
                         WIDTH="547"
                         VPOS="1076"
                         HPOS="145">
                  <String HEIGHT="40"
                          WIDTH="114"
                          VPOS="1076"
                          HPOS="132"
                          CONTENT="vnum,"/>
                  <SP HEIGHT="40" WIDTH="13" VPOS="1076" HPOS="247"/>
                  <String HEIGHT="40"
                          WIDTH="165"
                          VPOS="1076"
                          HPOS="209"
                          CONTENT="conceptum"/>
                  <SP HEIGHT="40" WIDTH="13" VPOS="1076" HPOS="374"/>
                  <String HEIGHT="40" WIDTH="89" VPOS="1076" HPOS="336" CONTENT="cum"/>
                  <SP HEIGHT="40" WIDTH="13" VPOS="1076" HPOS="425"/>
                  <String HEIGHT="40" WIDTH="89" VPOS="1076" HPOS="387" CONTENT="etm"/>
                  <SP HEIGHT="40" WIDTH="13" VPOS="1076" HPOS="476"/>
                  <String HEIGHT="40" WIDTH="89" VPOS="1076" HPOS="438" CONTENT="Con"/>
                  <SP HEIGHT="40" WIDTH="13" VPOS="1076" HPOS="527"/>
                  <String HEIGHT="40" WIDTH="89" VPOS="1076" HPOS="488" CONTENT="hoc"/>
                  <SP HEIGHT="40" WIDTH="13" VPOS="1076" HPOS="578"/>
                  <String HEIGHT="40"
                          WIDTH="153"
                          VPOS="1076"
                          HPOS="539"
                          CONTENT="concedat"/>
                  <SP HEIGHT="40" WIDTH="13" VPOS="1076" HPOS="692"/>
                  <String HEIGHT="40" WIDTH="51" VPOS="1076" HPOS="641" CONTENT="in"/>
               </TextLine>
               <TextLine ID="r2l63"
                         BASELINE="1162"
                         HEIGHT="52"
                         WIDTH="554"
                         VPOS="1110"
                         HPOS="138">
                  <String HEIGHT="52" WIDTH="81" VPOS="1110" HPOS="124" CONTENT="3."/>
                  <SP HEIGHT="52" WIDTH="14" VPOS="1110" HPOS="206"/>
                  <String HEIGHT="52"
                          WIDTH="135"
                          VPOS="1110"
                          HPOS="165"
                          CONTENT="Metaph"/>
                  <SP HEIGHT="52" WIDTH="14" VPOS="1110" HPOS="300"/>
                  <String HEIGHT="52"
                          WIDTH="108"
                          VPOS="1110"
                          HPOS="260"
                          CONTENT="com."/>
                  <SP HEIGHT="52" WIDTH="14" VPOS="1110" HPOS="368"/>
                  <String HEIGHT="52" WIDTH="68" VPOS="1110" HPOS="327" CONTENT="4"/>
                  <SP HEIGHT="52" WIDTH="14" VPOS="1110" HPOS="395"/>
                  <String HEIGHT="52"
                          WIDTH="108"
                          VPOS="1110"
                          HPOS="354"
                          CONTENT="ideo"/>
                  <SP HEIGHT="52" WIDTH="14" VPOS="1110" HPOS="462"/>
                  <String HEIGHT="52"
                          WIDTH="122"
                          VPOS="1110"
                          HPOS="422"
                          CONTENT="dico,"/>
                  <SP HEIGHT="52" WIDTH="14" VPOS="1110" HPOS="543"/>
                  <String HEIGHT="52"
                          WIDTH="108"
                          VPOS="1110"
                          HPOS="503"
                          CONTENT="quod"/>
                  <SP HEIGHT="52" WIDTH="14" VPOS="1110" HPOS="611"/>
                  <String HEIGHT="52" WIDTH="95" VPOS="1110" HPOS="570" CONTENT="est"/>
                  <SP HEIGHT="52" WIDTH="14" VPOS="1110" HPOS="665"/>
                  <String HEIGHT="52"
                          WIDTH="81"
                          VPOS="1110"
                          HPOS="611"
                          CONTENT="vnus"/>
               </TextLine>
               <TextLine ID="r2l65"
                         BASELINE="1187"
                         HEIGHT="49"
                         WIDTH="548"
                         VPOS="1138"
                         HPOS="142">
                  <String HEIGHT="49"
                          WIDTH="126"
                          VPOS="1138"
                          HPOS="131"
                          CONTENT="ratione"/>
                  <SP HEIGHT="49" WIDTH="11" VPOS="1138" HPOS="256"/>
                  <String HEIGHT="49"
                          WIDTH="228"
                          VPOS="1138"
                          HPOS="222"
                          CONTENT="indistinctionis,"/>
                  <SP HEIGHT="49" WIDTH="11" VPOS="1138" HPOS="450"/>
                  <String HEIGHT="49" WIDTH="57" VPOS="1138" HPOS="416" CONTENT="&amp;"/>
                  <SP HEIGHT="49" WIDTH="11" VPOS="1138" HPOS="473"/>
                  <String HEIGHT="49"
                          WIDTH="228"
                          VPOS="1138"
                          HPOS="439"
                          CONTENT="potentialitatis,"/>
                  <SP HEIGHT="49" WIDTH="11" VPOS="1138" HPOS="667"/>
                  <String HEIGHT="49"
                          WIDTH="69"
                          VPOS="1138"
                          HPOS="622"
                          CONTENT="quam"/>
               </TextLine>
               <TextLine ID="r2l67"
                         BASELINE="1221"
                         HEIGHT="45"
                         WIDTH="552"
                         VPOS="1176"
                         HPOS="140">
                  <String HEIGHT="45" WIDTH="74" VPOS="1176" HPOS="128" CONTENT="ex"/>
                  <SP HEIGHT="45" WIDTH="12" VPOS="1176" HPOS="201"/>
                  <String HEIGHT="45" WIDTH="74" VPOS="1176" HPOS="165" CONTENT="se"/>
                  <SP HEIGHT="45" WIDTH="12" VPOS="1176" HPOS="238"/>
                  <String HEIGHT="45"
                          WIDTH="123"
                          VPOS="1176"
                          HPOS="201"
                          CONTENT="habet,"/>
                  <SP HEIGHT="45" WIDTH="12" VPOS="1176" HPOS="324"/>
                  <String HEIGHT="45" WIDTH="86" VPOS="1176" HPOS="287" CONTENT="sed"/>
                  <SP HEIGHT="45" WIDTH="12" VPOS="1176" HPOS="373"/>
                  <String HEIGHT="45"
                          WIDTH="98"
                          VPOS="1176"
                          HPOS="336"
                          CONTENT="alio"/>
                  <SP HEIGHT="45" WIDTH="12" VPOS="1176" HPOS="434"/>
                  <String HEIGHT="45"
                          WIDTH="98"
                          VPOS="1176"
                          HPOS="398"
                          CONTENT="modo"/>
                  <SP HEIGHT="45" WIDTH="12" VPOS="1176" HPOS="496"/>
                  <String HEIGHT="45"
                          WIDTH="98"
                          VPOS="1176"
                          HPOS="459"
                          CONTENT="vere"/>
                  <SP HEIGHT="45" WIDTH="12" VPOS="1176" HPOS="557"/>
                  <String HEIGHT="45" WIDTH="86" VPOS="1176" HPOS="520" CONTENT="est"/>
                  <SP HEIGHT="45" WIDTH="12" VPOS="1176" HPOS="606"/>
                  <String HEIGHT="45"
                          WIDTH="147"
                          VPOS="1176"
                          HPOS="569"
                          CONTENT="diuisus,"/>
                  <SP HEIGHT="45" WIDTH="12" VPOS="1176" HPOS="717"/>
                  <String HEIGHT="45" WIDTH="25" VPOS="1176" HPOS="667" CONTENT=""/>
               </TextLine>
               <TextLine ID="r2l69"
                         BASELINE="1256"
                         HEIGHT="40"
                         WIDTH="550"
                         VPOS="1216"
                         HPOS="143">
                  <String HEIGHT="40" WIDTH="63" VPOS="1216" HPOS="131" CONTENT="&amp;"/>
                  <SP HEIGHT="40" WIDTH="13" VPOS="1216" HPOS="193"/>
                  <String HEIGHT="40"
                          WIDTH="200"
                          VPOS="1216"
                          HPOS="156"
                          CONTENT="plurificatus"/>
                  <SP HEIGHT="40" WIDTH="13" VPOS="1216" HPOS="356"/>
                  <String HEIGHT="40"
                          WIDTH="138"
                          VPOS="1216"
                          HPOS="318"
                          CONTENT="ratione"/>
                  <SP HEIGHT="40" WIDTH="13" VPOS="1216" HPOS="456"/>
                  <String HEIGHT="40"
                          WIDTH="213"
                          VPOS="1216"
                          HPOS="418"
                          CONTENT="actualitatis,"/>
                  <SP HEIGHT="40" WIDTH="13" VPOS="1216" HPOS="631"/>
                  <String HEIGHT="40"
                          WIDTH="100"
                          VPOS="1216"
                          HPOS="593"
                          CONTENT="quam"/>
                  <SP HEIGHT="40" WIDTH="13" VPOS="1216" HPOS="693"/>
                  <String HEIGHT="40" WIDTH="50" VPOS="1216" HPOS="643" CONTENT="ha"/>
               </TextLine>
               <TextLine ID="r2l72"
                         BASELINE="1288"
                         HEIGHT="41"
                         WIDTH="545"
                         VPOS="1247"
                         HPOS="143">
                  <String HEIGHT="41"
                          WIDTH="95"
                          VPOS="1247"
                          HPOS="131"
                          CONTENT="bet,"/>
                  <SP HEIGHT="41" WIDTH="12" VPOS="1247" HPOS="226"/>
                  <String HEIGHT="41" WIDTH="83" VPOS="1247" HPOS="190" CONTENT="non"/>
                  <SP HEIGHT="41" WIDTH="12" VPOS="1247" HPOS="273"/>
                  <String HEIGHT="41"
                          WIDTH="118"
                          VPOS="1247"
                          HPOS="238"
                          CONTENT="quidem"/>
                  <SP HEIGHT="41" WIDTH="12" VPOS="1247" HPOS="356"/>
                  <String HEIGHT="41" WIDTH="71" VPOS="1247" HPOS="321" CONTENT="ex"/>
                  <SP HEIGHT="41" WIDTH="12" VPOS="1247" HPOS="392"/>
                  <String HEIGHT="41" WIDTH="83" VPOS="1247" HPOS="356" CONTENT="eo,"/>
                  <SP HEIGHT="41" WIDTH="12" VPOS="1247" HPOS="439"/>
                  <String HEIGHT="41" WIDTH="83" VPOS="1247" HPOS="404" CONTENT="sed"/>
                  <SP HEIGHT="41" WIDTH="12" VPOS="1247" HPOS="487"/>
                  <String HEIGHT="41" WIDTH="71" VPOS="1247" HPOS="451" CONTENT="ex"/>
                  <SP HEIGHT="41" WIDTH="12" VPOS="1247" HPOS="522"/>
                  <String HEIGHT="41"
                          WIDTH="107"
                          VPOS="1247"
                          HPOS="487"
                          CONTENT="alijs"/>
                  <SP HEIGHT="41" WIDTH="12" VPOS="1247" HPOS="593"/>
                  <String HEIGHT="41"
                          WIDTH="154"
                          VPOS="1247"
                          HPOS="558"
                          CONTENT="gradibus,"/>
                  <SP HEIGHT="41" WIDTH="12" VPOS="1247" HPOS="712"/>
                  <String HEIGHT="41" WIDTH="24" VPOS="1247" HPOS="664" CONTENT=""/>
               </TextLine>
               <TextLine ID="r2l75"
                         BASELINE="1327"
                         HEIGHT="48"
                         WIDTH="503"
                         VPOS="1279"
                         HPOS="138">
                  <String HEIGHT="48" WIDTH="63" VPOS="1279" HPOS="125" CONTENT="a"/>
                  <SP HEIGHT="48" WIDTH="13" VPOS="1279" HPOS="188"/>
                  <String HEIGHT="48"
                          WIDTH="126"
                          VPOS="1279"
                          HPOS="151"
                          CONTENT="quibus"/>
                  <SP HEIGHT="48" WIDTH="13" VPOS="1279" HPOS="276"/>
                  <String HEIGHT="48"
                          WIDTH="151"
                          VPOS="1279"
                          HPOS="239"
                          CONTENT="sumuntur"/>
                  <SP HEIGHT="48" WIDTH="13" VPOS="1279" HPOS="390"/>
                  <String HEIGHT="48"
                          WIDTH="201"
                          VPOS="1279"
                          HPOS="352"
                          CONTENT="differentiae"/>
                  <SP HEIGHT="48" WIDTH="13" VPOS="1279" HPOS="553"/>
                  <String HEIGHT="48"
                          WIDTH="138"
                          VPOS="1279"
                          HPOS="503"
                          CONTENT="diuersae"
                          SUBS_TYPE="HypPart1"
                          SUBS_CONTENT="diuersaeSecundo,"/>
                  <HYP CONTENT="-"/>
               </TextLine>
               <TextLine ID="r2l78"
                         BASELINE="1358"
                         HEIGHT="47"
                         WIDTH="522"
                         VPOS="1311"
                         HPOS="173">
                  <String HEIGHT="47"
                          WIDTH="153"
                          VPOS="1311"
                          HPOS="160"
                          CONTENT="Secundo,"
                          SUBS_TYPE="HypPart2"
                          SUBS_CONTENT="diuersaeSecundo,"/>
                  <SP HEIGHT="47" WIDTH="13" VPOS="1311" HPOS="313"/>
                  <String HEIGHT="47"
                          WIDTH="127"
                          VPOS="1311"
                          HPOS="275"
                          CONTENT="queret"/>
                  <SP HEIGHT="47" WIDTH="13" VPOS="1311" HPOS="402"/>
                  <String HEIGHT="47"
                          WIDTH="153"
                          VPOS="1311"
                          HPOS="364"
                          CONTENT="aliquis,"/>
                  <SP HEIGHT="47" WIDTH="13" VPOS="1311" HPOS="517"/>
                  <String HEIGHT="47" WIDTH="76" VPOS="1311" HPOS="479" CONTENT="an"/>
                  <SP HEIGHT="47" WIDTH="13" VPOS="1311" HPOS="555"/>
                  <String HEIGHT="47"
                          WIDTH="102"
                          VPOS="1311"
                          HPOS="517"
                          CONTENT="ille"/>
                  <SP HEIGHT="47" WIDTH="13" VPOS="1311" HPOS="619"/>
                  <String HEIGHT="47"
                          WIDTH="127"
                          VPOS="1311"
                          HPOS="580"
                          CONTENT="gradus"/>
                  <SP HEIGHT="47" WIDTH="13" VPOS="1311" HPOS="708"/>
                  <String HEIGHT="47" WIDTH="38" VPOS="1311" HPOS="657" CONTENT="a"/>
               </TextLine>
               <TextLine ID="r2l81"
                         BASELINE="1398"
                         HEIGHT="45"
                         WIDTH="551"
                         VPOS="1353"
                         HPOS="139">
                  <String HEIGHT="45" WIDTH="90" VPOS="1353" HPOS="126" CONTENT="quo"/>
                  <SP HEIGHT="45" WIDTH="13" VPOS="1353" HPOS="216"/>
                  <String HEIGHT="45"
                          WIDTH="141"
                          VPOS="1353"
                          HPOS="177"
                          CONTENT="sumitur"/>
                  <SP HEIGHT="45" WIDTH="13" VPOS="1353" HPOS="318"/>
                  <String HEIGHT="45"
                          WIDTH="167"
                          VPOS="1353"
                          HPOS="280"
                          CONTENT="conceptus"/>
                  <SP HEIGHT="45" WIDTH="13" VPOS="1353" HPOS="447"/>
                  <String HEIGHT="45"
                          WIDTH="141"
                          VPOS="1353"
                          HPOS="408"
                          CONTENT="generis"/>
                  <SP HEIGHT="45" WIDTH="13" VPOS="1353" HPOS="549"/>
                  <String HEIGHT="45" WIDTH="77" VPOS="1353" HPOS="511" CONTENT="ex"/>
                  <SP HEIGHT="45" WIDTH="13" VPOS="1353" HPOS="587"/>
                  <String HEIGHT="45"
                          WIDTH="128"
                          VPOS="1353"
                          HPOS="549"
                          CONTENT="natura"/>
                  <SP HEIGHT="45" WIDTH="13" VPOS="1353" HPOS="677"/>
                  <String HEIGHT="45" WIDTH="64" VPOS="1353" HPOS="626" CONTENT="rei"/>
               </TextLine>
               <TextLine ID="r2l85"
                         BASELINE="1428"
                         HEIGHT="44"
                         WIDTH="553"
                         VPOS="1384"
                         HPOS="139">
                  <String HEIGHT="44"
                          WIDTH="201"
                          VPOS="1384"
                          HPOS="126"
                          CONTENT="distinguatur"/>
                  <SP HEIGHT="44" WIDTH="13" VPOS="1384" HPOS="328"/>
                  <String HEIGHT="44" WIDTH="75" VPOS="1384" HPOS="290" CONTENT="ab"/>
                  <SP HEIGHT="44" WIDTH="13" VPOS="1384" HPOS="365"/>
                  <String HEIGHT="44"
                          WIDTH="101"
                          VPOS="1384"
                          HPOS="328"
                          CONTENT="illo"/>
                  <SP HEIGHT="44" WIDTH="13" VPOS="1384" HPOS="428"/>
                  <String HEIGHT="44"
                          WIDTH="113"
                          VPOS="1384"
                          HPOS="390"
                          CONTENT="gradu"/>
                  <SP HEIGHT="44" WIDTH="13" VPOS="1384" HPOS="503"/>
                  <String HEIGHT="44" WIDTH="63" VPOS="1384" HPOS="466" CONTENT="a"/>
                  <SP HEIGHT="44" WIDTH="13" VPOS="1384" HPOS="529"/>
                  <String HEIGHT="44" WIDTH="88" VPOS="1384" HPOS="491" CONTENT="quo"/>
                  <SP HEIGHT="44" WIDTH="13" VPOS="1384" HPOS="579"/>
                  <String HEIGHT="44"
                          WIDTH="138"
                          VPOS="1384"
                          HPOS="541"
                          CONTENT="sumitur"/>
                  <SP HEIGHT="44" WIDTH="13" VPOS="1384" HPOS="679"/>
                  <String HEIGHT="44" WIDTH="63" VPOS="1384" HPOS="629" CONTENT="con"/>
               </TextLine>
               <TextLine ID="r2l87"
                         BASELINE="1470"
                         HEIGHT="52"
                         WIDTH="548"
                         VPOS="1418"
                         HPOS="144">
                  <String HEIGHT="52"
                          WIDTH="127"
                          VPOS="1418"
                          HPOS="131"
                          CONTENT="ceptus"/>
                  <SP HEIGHT="52" WIDTH="13" VPOS="1418" HPOS="259"/>
                  <String HEIGHT="52"
                          WIDTH="217"
                          VPOS="1418"
                          HPOS="220"
                          CONTENT="differentiae,"/>
                  <SP HEIGHT="52" WIDTH="13" VPOS="1418" HPOS="437"/>
                  <String HEIGHT="52" WIDTH="89" VPOS="1418" HPOS="399" CONTENT="nam"/>
                  <SP HEIGHT="52" WIDTH="13" VPOS="1418" HPOS="488"/>
                  <String HEIGHT="52" WIDTH="76" VPOS="1418" HPOS="450" CONTENT="si"/>
                  <SP HEIGHT="52" WIDTH="13" VPOS="1418" HPOS="526"/>
                  <String HEIGHT="52"
                          WIDTH="115"
                          VPOS="1418"
                          HPOS="488"
                          CONTENT="dicam"/>
                  <SP HEIGHT="52" WIDTH="13" VPOS="1418" HPOS="603"/>
                  <String HEIGHT="52"
                          WIDTH="102"
                          VPOS="1418"
                          HPOS="565"
                          CONTENT="quod"/>
                  <SP HEIGHT="52" WIDTH="13" VPOS="1418" HPOS="667"/>
                  <String HEIGHT="52"
                          WIDTH="76"
                          VPOS="1418"
                          HPOS="616"
                          CONTENT="sic,"/>
               </TextLine>
               <TextLine ID="r2l89"
                         BASELINE="1493"
                         HEIGHT="38"
                         WIDTH="541"
                         VPOS="1455"
                         HPOS="147">
                  <String HEIGHT="38"
                          WIDTH="120"
                          VPOS="1455"
                          HPOS="135"
                          CONTENT="incido"/>
                  <SP HEIGHT="38" WIDTH="12" VPOS="1455" HPOS="255"/>
                  <String HEIGHT="38" WIDTH="72" VPOS="1455" HPOS="219" CONTENT="in"/>
                  <SP HEIGHT="38" WIDTH="12" VPOS="1455" HPOS="291"/>
                  <String HEIGHT="38"
                          WIDTH="204"
                          VPOS="1455"
                          HPOS="255"
                          CONTENT="formalitates,"/>
                  <SP HEIGHT="38" WIDTH="12" VPOS="1455" HPOS="460"/>
                  <String HEIGHT="38"
                          WIDTH="96"
                          VPOS="1455"
                          HPOS="424"
                          CONTENT="quas"/>
                  <SP HEIGHT="38" WIDTH="12" VPOS="1455" HPOS="520"/>
                  <String HEIGHT="38"
                          WIDTH="108"
                          VPOS="1455"
                          HPOS="484"
                          CONTENT="alias"/>
                  <SP HEIGHT="38" WIDTH="12" VPOS="1455" HPOS="592"/>
                  <String HEIGHT="38"
                          WIDTH="120"
                          VPOS="1455"
                          HPOS="556"
                          CONTENT="vitare"/>
                  <SP HEIGHT="38" WIDTH="12" VPOS="1455" HPOS="676"/>
                  <String HEIGHT="38"
                          WIDTH="60"
                          VPOS="1455"
                          HPOS="628"
                          CONTENT="vo"
                          SUBS_TYPE="HypPart1"
                          SUBS_CONTENT="volui,"/>
                  <HYP CONTENT="-"/>
               </TextLine>
               <TextLine ID="r2l91"
                         BASELINE="1532"
                         HEIGHT="49"
                         WIDTH="547"
                         VPOS="1483"
                         HPOS="143">
                  <String HEIGHT="49"
                          WIDTH="99"
                          VPOS="1483"
                          HPOS="131"
                          CONTENT="lui,"
                          SUBS_TYPE="HypPart2"
                          SUBS_CONTENT="volui,"/>
                  <SP HEIGHT="49" WIDTH="12" VPOS="1483" HPOS="230"/>
                  <String HEIGHT="49" WIDTH="75" VPOS="1483" HPOS="193" CONTENT="si"/>
                  <SP HEIGHT="49" WIDTH="12" VPOS="1483" HPOS="267"/>
                  <String HEIGHT="49"
                          WIDTH="112"
                          VPOS="1483"
                          HPOS="230"
                          CONTENT="autem"/>
                  <SP HEIGHT="49" WIDTH="12" VPOS="1483" HPOS="342"/>
                  <String HEIGHT="49"
                          WIDTH="112"
                          VPOS="1483"
                          HPOS="305"
                          CONTENT="dicam"/>
                  <SP HEIGHT="49" WIDTH="12" VPOS="1483" HPOS="417"/>
                  <String HEIGHT="49"
                          WIDTH="99"
                          VPOS="1483"
                          HPOS="379"
                          CONTENT="quod"/>
                  <SP HEIGHT="49" WIDTH="12" VPOS="1483" HPOS="479"/>
                  <String HEIGHT="49"
                          WIDTH="99"
                          VPOS="1483"
                          HPOS="441"
                          CONTENT="non,"/>
                  <SP HEIGHT="49" WIDTH="12" VPOS="1483" HPOS="541"/>
                  <String HEIGHT="49" WIDTH="87" VPOS="1483" HPOS="504" CONTENT="non"/>
                  <SP HEIGHT="49" WIDTH="12" VPOS="1483" HPOS="591"/>
                  <String HEIGHT="49"
                          WIDTH="124"
                          VPOS="1483"
                          HPOS="553"
                          CONTENT="videor"/>
                  <SP HEIGHT="49" WIDTH="12" VPOS="1483" HPOS="678"/>
                  <String HEIGHT="49" WIDTH="62" VPOS="1483" HPOS="628" CONTENT="pos"/>
               </TextLine>
               <TextLine ID="r2l93"
                         BASELINE="1563"
                         HEIGHT="39"
                         WIDTH="558"
                         VPOS="1524"
                         HPOS="143">
                  <String HEIGHT="39" WIDTH="74" VPOS="1524" HPOS="131" CONTENT="se"/>
                  <SP HEIGHT="39" WIDTH="12" VPOS="1524" HPOS="205"/>
                  <String HEIGHT="39"
                          WIDTH="149"
                          VPOS="1524"
                          HPOS="168"
                          CONTENT="saluare,"/>
                  <SP HEIGHT="39" WIDTH="12" VPOS="1524" HPOS="317"/>
                  <String HEIGHT="39"
                          WIDTH="161"
                          VPOS="1524"
                          HPOS="279"
                          CONTENT="quarevnus"/>
                  <SP HEIGHT="39" WIDTH="12" VPOS="1524" HPOS="441"/>
                  <String HEIGHT="39"
                          WIDTH="124"
                          VPOS="1524"
                          HPOS="403"
                          CONTENT="gradus"/>
                  <SP HEIGHT="39" WIDTH="12" VPOS="1524" HPOS="527"/>
                  <String HEIGHT="39"
                          WIDTH="112"
                          VPOS="1524"
                          HPOS="490"
                          CONTENT="magis"/>
                  <SP HEIGHT="39" WIDTH="12" VPOS="1524" HPOS="602"/>
                  <String HEIGHT="39"
                          WIDTH="112"
                          VPOS="1524"
                          HPOS="565"
                          CONTENT="dicat"/>
                  <SP HEIGHT="39" WIDTH="12" VPOS="1524" HPOS="676"/>
                  <String HEIGHT="39"
                          WIDTH="74"
                          VPOS="1524"
                          HPOS="627"
                          CONTENT="simi"/>
               </TextLine>
               <TextLine ID="r2l95"
                         BASELINE="1601"
                         HEIGHT="45"
                         WIDTH="545"
                         VPOS="1556"
                         HPOS="144">
                  <String HEIGHT="45"
                          WIDTH="186"
                          VPOS="1556"
                          HPOS="131"
                          CONTENT="litudinem,"/>
                  <SP HEIGHT="45" WIDTH="13" VPOS="1556" HPOS="317"/>
                  <String HEIGHT="45"
                          WIDTH="106"
                          VPOS="1556"
                          HPOS="277"
                          CONTENT="quam"/>
                  <SP HEIGHT="45" WIDTH="13" VPOS="1556" HPOS="383"/>
                  <String HEIGHT="45"
                          WIDTH="133"
                          VPOS="1556"
                          HPOS="343"
                          CONTENT="alter,"/>
                  <SP HEIGHT="45" WIDTH="13" VPOS="1556" HPOS="476"/>
                  <String HEIGHT="45" WIDTH="66" VPOS="1556" HPOS="436" CONTENT="&amp;"/>
                  <SP HEIGHT="45" WIDTH="13" VPOS="1556" HPOS="503"/>
                  <String HEIGHT="45"
                          WIDTH="120"
                          VPOS="1556"
                          HPOS="463"
                          CONTENT="quare"/>
                  <SP HEIGHT="45" WIDTH="13" VPOS="1556" HPOS="583"/>
                  <String HEIGHT="45" WIDTH="80" VPOS="1556" HPOS="543" CONTENT="ab"/>
                  <SP HEIGHT="45" WIDTH="13" VPOS="1556" HPOS="623"/>
                  <String HEIGHT="45" WIDTH="93" VPOS="1556" HPOS="583" CONTENT="vno"/>
                  <SP HEIGHT="45" WIDTH="13" VPOS="1556" HPOS="676"/>
                  <String HEIGHT="45"
                          WIDTH="66"
                          VPOS="1556"
                          HPOS="623"
                          CONTENT="ma"
                          SUBS_TYPE="HypPart1"
                          SUBS_CONTENT="magis"/>
                  <HYP CONTENT="-"/>
               </TextLine>
               <TextLine ID="r2l97"
                         BASELINE="1640"
                         HEIGHT="52"
                         WIDTH="541"
                         VPOS="1588"
                         HPOS="148">
                  <String HEIGHT="52"
                          WIDTH="92"
                          VPOS="1588"
                          HPOS="135"
                          CONTENT="gis"
                          SUBS_TYPE="HypPart2"
                          SUBS_CONTENT="magis"/>
                  <SP HEIGHT="52" WIDTH="13" VPOS="1588" HPOS="227"/>
                  <String HEIGHT="52"
                          WIDTH="145"
                          VPOS="1588"
                          HPOS="188"
                          CONTENT="sumatur"/>
                  <SP HEIGHT="52" WIDTH="13" VPOS="1588" HPOS="333"/>
                  <String HEIGHT="52"
                          WIDTH="172"
                          VPOS="1588"
                          HPOS="293"
                          CONTENT="conceptus"/>
                  <SP HEIGHT="52" WIDTH="13" VPOS="1588" HPOS="465"/>
                  <String HEIGHT="52"
                          WIDTH="158"
                          VPOS="1588"
                          HPOS="425"
                          CONTENT="generis,"/>
                  <SP HEIGHT="52" WIDTH="13" VPOS="1588" HPOS="583"/>
                  <String HEIGHT="52"
                          WIDTH="106"
                          VPOS="1588"
                          HPOS="544"
                          CONTENT="quam"/>
                  <SP HEIGHT="52" WIDTH="13" VPOS="1588" HPOS="649"/>
                  <String HEIGHT="52" WIDTH="79" VPOS="1588" HPOS="610" CONTENT="ab"/>
                  <SP HEIGHT="52" WIDTH="13" VPOS="1588" HPOS="689"/>
                  <String HEIGHT="52"
                          WIDTH="53"
                          VPOS="1588"
                          HPOS="636"
                          CONTENT="a"
                          SUBS_TYPE="HypPart1"
                          SUBS_CONTENT="alio,"/>
                  <HYP CONTENT="-"/>
               </TextLine>
               <TextLine ID="r2l99"
                         BASELINE="1666"
                         HEIGHT="39"
                         WIDTH="554"
                         VPOS="1627"
                         HPOS="139">
                  <String HEIGHT="39"
                          WIDTH="106"
                          VPOS="1627"
                          HPOS="126"
                          CONTENT="lio,"
                          SUBS_TYPE="HypPart2"
                          SUBS_CONTENT="alio,"/>
                  <SP HEIGHT="39" WIDTH="13" VPOS="1627" HPOS="231"/>
                  <String HEIGHT="39" WIDTH="92" VPOS="1627" HPOS="192" CONTENT="nam"/>
                  <SP HEIGHT="39" WIDTH="13" VPOS="1627" HPOS="284"/>
                  <String HEIGHT="39"
                          WIDTH="132"
                          VPOS="1627"
                          HPOS="245"
                          CONTENT="quando"/>
                  <SP HEIGHT="39" WIDTH="13" VPOS="1627" HPOS="376"/>
                  <String HEIGHT="39"
                          WIDTH="132"
                          VPOS="1627"
                          HPOS="337"
                          CONTENT="aliqua"/>
                  <SP HEIGHT="39" WIDTH="13" VPOS="1627" HPOS="469"/>
                  <String HEIGHT="39"
                          WIDTH="106"
                          VPOS="1627"
                          HPOS="429"
                          CONTENT="sunt"/>
                  <SP HEIGHT="39" WIDTH="13" VPOS="1627" HPOS="535"/>
                  <String HEIGHT="39"
                          WIDTH="106"
                          VPOS="1627"
                          HPOS="495"
                          CONTENT="idem"/>
                  <SP HEIGHT="39" WIDTH="13" VPOS="1627" HPOS="601"/>
                  <String HEIGHT="39" WIDTH="79" VPOS="1627" HPOS="561" CONTENT="ex"/>
                  <SP HEIGHT="39" WIDTH="13" VPOS="1627" HPOS="640"/>
                  <String HEIGHT="39"
                          WIDTH="106"
                          VPOS="1627"
                          HPOS="587"
                          CONTENT="natura"/>
               </TextLine>
               <TextLine ID="r2l101"
                         BASELINE="1700"
                         HEIGHT="44"
                         WIDTH="541"
                         VPOS="1656"
                         HPOS="151">
                  <String HEIGHT="44"
                          WIDTH="94"
                          VPOS="1656"
                          HPOS="139"
                          CONTENT="rei,"/>
                  <SP HEIGHT="44" WIDTH="12" VPOS="1656" HPOS="233"/>
                  <String HEIGHT="44"
                          WIDTH="141"
                          VPOS="1656"
                          HPOS="198"
                          CONTENT="quisquid"/>
                  <SP HEIGHT="44" WIDTH="12" VPOS="1656" HPOS="339"/>
                  <String HEIGHT="44"
                          WIDTH="141"
                          VPOS="1656"
                          HPOS="304"
                          CONTENT="competit"/>
                  <SP HEIGHT="44" WIDTH="12" VPOS="1656" HPOS="445"/>
                  <String HEIGHT="44"
                          WIDTH="94"
                          VPOS="1656"
                          HPOS="410"
                          CONTENT="vni,"/>
                  <SP HEIGHT="44" WIDTH="12" VPOS="1656" HPOS="504"/>
                  <String HEIGHT="44"
                          WIDTH="141"
                          VPOS="1656"
                          HPOS="469"
                          CONTENT="competit"/>
                  <SP HEIGHT="44" WIDTH="12" VPOS="1656" HPOS="610"/>
                  <String HEIGHT="44" WIDTH="59" VPOS="1656" HPOS="574" CONTENT="&amp;"/>
                  <SP HEIGHT="44" WIDTH="12" VPOS="1656" HPOS="633"/>
                  <String HEIGHT="44"
                          WIDTH="106"
                          VPOS="1656"
                          HPOS="586"
                          CONTENT="alteri."/>
               </TextLine>
               <TextLine ID="r2l103"
                         BASELINE="1735"
                         HEIGHT="46"
                         WIDTH="503"
                         VPOS="1689"
                         HPOS="188">
                  <String HEIGHT="46" WIDTH="79" VPOS="1689" HPOS="175" CONTENT="Ad"/>
                  <SP HEIGHT="46" WIDTH="13" VPOS="1689" HPOS="254"/>
                  <String HEIGHT="46" WIDTH="93" VPOS="1689" HPOS="214" CONTENT="hoc"/>
                  <SP HEIGHT="46" WIDTH="13" VPOS="1689" HPOS="307"/>
                  <String HEIGHT="46"
                          WIDTH="119"
                          VPOS="1689"
                          HPOS="267"
                          CONTENT="dico,"/>
                  <SP HEIGHT="46" WIDTH="13" VPOS="1689" HPOS="387"/>
                  <String HEIGHT="46"
                          WIDTH="106"
                          VPOS="1689"
                          HPOS="347"
                          CONTENT="quod"/>
                  <SP HEIGHT="46" WIDTH="13" VPOS="1689" HPOS="453"/>
                  <String HEIGHT="46"
                          WIDTH="159"
                          VPOS="1689"
                          HPOS="413"
                          CONTENT="praefati"/>
                  <SP HEIGHT="46" WIDTH="13" VPOS="1689" HPOS="572"/>
                  <String HEIGHT="46"
                          WIDTH="132"
                          VPOS="1689"
                          HPOS="532"
                          CONTENT="gradus"/>
                  <SP HEIGHT="46" WIDTH="13" VPOS="1689" HPOS="665"/>
                  <String HEIGHT="46" WIDTH="93" VPOS="1689" HPOS="625" CONTENT="non"/>
                  <SP HEIGHT="46" WIDTH="13" VPOS="1689" HPOS="717"/>
                  <String HEIGHT="46" WIDTH="26" VPOS="1689" HPOS="665" CONTENT=""/>
               </TextLine>
               <TextLine ID="r2l105"
                         BASELINE="1772"
                         HEIGHT="53"
                         WIDTH="548"
                         VPOS="1719"
                         HPOS="140">
                  <String HEIGHT="53"
                          WIDTH="95"
                          VPOS="1719"
                          HPOS="128"
                          CONTENT="sunt"/>
                  <SP HEIGHT="53" WIDTH="12" VPOS="1719" HPOS="223"/>
                  <String HEIGHT="53"
                          WIDTH="155"
                          VPOS="1719"
                          HPOS="188"
                          CONTENT="distincti"/>
                  <SP HEIGHT="53" WIDTH="12" VPOS="1719" HPOS="343"/>
                  <String HEIGHT="53" WIDTH="71" VPOS="1719" HPOS="307" CONTENT="ex"/>
                  <SP HEIGHT="53" WIDTH="12" VPOS="1719" HPOS="378"/>
                  <String HEIGHT="53"
                          WIDTH="119"
                          VPOS="1719"
                          HPOS="343"
                          CONTENT="natura"/>
                  <SP HEIGHT="53" WIDTH="12" VPOS="1719" HPOS="462"/>
                  <String HEIGHT="53" WIDTH="83" VPOS="1719" HPOS="426" CONTENT="rei"/>
                  <SP HEIGHT="53" WIDTH="12" VPOS="1719" HPOS="509"/>
                  <String HEIGHT="53"
                          WIDTH="167"
                          VPOS="1719"
                          HPOS="474"
                          CONTENT="formaliter"/>
                  <SP HEIGHT="53" WIDTH="12" VPOS="1719" HPOS="640"/>
                  <String HEIGHT="53"
                          WIDTH="95"
                          VPOS="1719"
                          HPOS="593"
                          CONTENT="(sicus"/>
               </TextLine>
               <TextLine ID="r2l107"
                         BASELINE="1804"
                         HEIGHT="44"
                         WIDTH="546"
                         VPOS="1760"
                         HPOS="145">
                  <String HEIGHT="44"
                          WIDTH="173"
                          VPOS="1760"
                          HPOS="132"
                          CONTENT="concedunt"/>
                  <SP HEIGHT="44" WIDTH="13" VPOS="1760" HPOS="305"/>
                  <String HEIGHT="44"
                          WIDTH="160"
                          VPOS="1760"
                          HPOS="265"
                          CONTENT="ponentes"/>
                  <SP HEIGHT="44" WIDTH="13" VPOS="1760" HPOS="425"/>
                  <String HEIGHT="44"
                          WIDTH="226"
                          VPOS="1760"
                          HPOS="385"
                          CONTENT="formalitates)"/>
                  <SP HEIGHT="44" WIDTH="13" VPOS="1760" HPOS="611"/>
                  <String HEIGHT="44" WIDTH="93" VPOS="1760" HPOS="571" CONTENT="sed"/>
                  <SP HEIGHT="44" WIDTH="13" VPOS="1760" HPOS="664"/>
                  <String HEIGHT="44"
                          WIDTH="80"
                          VPOS="1760"
                          HPOS="611"
                          CONTENT="sunt"/>
               </TextLine>
               <TextLine ID="r2l109"
                         BASELINE="1842"
                         HEIGHT="51"
                         WIDTH="542"
                         VPOS="1791"
                         HPOS="143">
                  <String HEIGHT="51"
                          WIDTH="157"
                          VPOS="1791"
                          HPOS="131"
                          CONTENT="distincti"/>
                  <SP HEIGHT="51" WIDTH="12" VPOS="1791" HPOS="288"/>
                  <String HEIGHT="51" WIDTH="72" VPOS="1791" HPOS="251" CONTENT="ex"/>
                  <SP HEIGHT="51" WIDTH="12" VPOS="1791" HPOS="324"/>
                  <String HEIGHT="51"
                          WIDTH="120"
                          VPOS="1791"
                          HPOS="288"
                          CONTENT="natura"/>
                  <SP HEIGHT="51" WIDTH="12" VPOS="1791" HPOS="408"/>
                  <String HEIGHT="51" WIDTH="84" VPOS="1791" HPOS="372" CONTENT="rei"/>
                  <SP HEIGHT="51" WIDTH="12" VPOS="1791" HPOS="456"/>
                  <String HEIGHT="51"
                          WIDTH="193"
                          VPOS="1791"
                          HPOS="420"
                          CONTENT="virtualiter,"/>
                  <SP HEIGHT="51" WIDTH="12" VPOS="1791" HPOS="613"/>
                  <String HEIGHT="51" WIDTH="60" VPOS="1791" HPOS="577" CONTENT="&amp;"/>
                  <SP HEIGHT="51" WIDTH="12" VPOS="1791" HPOS="637"/>
                  <String HEIGHT="51"
                          WIDTH="96"
                          VPOS="1791"
                          HPOS="589"
                          CONTENT="poten"
                          SUBS_TYPE="HypPart1"
                          SUBS_CONTENT="potentialiter;"/>
                  <HYP CONTENT="-"/>
               </TextLine>
               <TextLine ID="r2l111"
                         BASELINE="1872"
                         HEIGHT="48"
                         WIDTH="549"
                         VPOS="1824"
                         HPOS="148">
                  <String HEIGHT="48"
                          WIDTH="159"
                          VPOS="1824"
                          HPOS="136"
                          CONTENT="tialiter;"
                          SUBS_TYPE="HypPart2"
                          SUBS_CONTENT="potentialiter;"/>
                  <SP HEIGHT="48" WIDTH="12" VPOS="1824" HPOS="294"/>
                  <String HEIGHT="48"
                          WIDTH="183"
                          VPOS="1824"
                          HPOS="258"
                          CONTENT="virtualiter"/>
                  <SP HEIGHT="48" WIDTH="12" VPOS="1824" HPOS="441"/>
                  <String HEIGHT="48"
                          WIDTH="134"
                          VPOS="1824"
                          HPOS="404"
                          CONTENT="quidem,"/>
                  <SP HEIGHT="48" WIDTH="12" VPOS="1824" HPOS="538"/>
                  <String HEIGHT="48" WIDTH="73" VPOS="1824" HPOS="502" CONTENT="in"/>
                  <SP HEIGHT="48" WIDTH="12" VPOS="1824" HPOS="575"/>
                  <String HEIGHT="48"
                          WIDTH="134"
                          VPOS="1824"
                          HPOS="538"
                          CONTENT="quantum"/>
                  <SP HEIGHT="48" WIDTH="12" VPOS="1824" HPOS="673"/>
                  <String HEIGHT="48"
                          WIDTH="73"
                          VPOS="1824"
                          HPOS="624"
                          CONTENT="sunt"/>
               </TextLine>
               <TextLine ID="r2l113"
                         BASELINE="1916"
                         HEIGHT="56"
                         WIDTH="546"
                         VPOS="1860"
                         HPOS="150">
                  <String HEIGHT="56"
                          WIDTH="173"
                          VPOS="1860"
                          HPOS="137"
                          CONTENT="principia"/>
                  <SP HEIGHT="56" WIDTH="13" VPOS="1860" HPOS="310"/>
                  <String HEIGHT="56"
                          WIDTH="186"
                          VPOS="1860"
                          HPOS="270"
                          CONTENT="diuersorum"/>
                  <SP HEIGHT="56" WIDTH="13" VPOS="1860" HPOS="456"/>
                  <String HEIGHT="56"
                          WIDTH="146"
                          VPOS="1860"
                          HPOS="416"
                          CONTENT="actuum,"/>
                  <SP HEIGHT="56" WIDTH="13" VPOS="1860" HPOS="563"/>
                  <String HEIGHT="56" WIDTH="93" VPOS="1860" HPOS="523" CONTENT="vel"/>
                  <SP HEIGHT="56" WIDTH="13" VPOS="1860" HPOS="616"/>
                  <String HEIGHT="56"
                          WIDTH="133"
                          VPOS="1860"
                          HPOS="563"
                          CONTENT="diuersa"
                          SUBS_TYPE="HypPart1"
                          SUBS_CONTENT="diuersarum"/>
                  <HYP CONTENT="-"/>
               </TextLine>
               <TextLine ID="r2l115"
                         BASELINE="1940"
                         HEIGHT="45"
                         WIDTH="555"
                         VPOS="1895"
                         HPOS="146">
                  <String HEIGHT="45"
                          WIDTH="84"
                          VPOS="1895"
                          HPOS="134"
                          CONTENT="rum"
                          SUBS_TYPE="HypPart2"
                          SUBS_CONTENT="diuersarum"/>
                  <SP HEIGHT="45" WIDTH="12" VPOS="1895" HPOS="218"/>
                  <String HEIGHT="45"
                          WIDTH="205"
                          VPOS="1895"
                          HPOS="182"
                          CONTENT="proprietatum,"/>
                  <SP HEIGHT="45" WIDTH="12" VPOS="1895" HPOS="387"/>
                  <String HEIGHT="45" WIDTH="72" VPOS="1895" HPOS="351" CONTENT="ac"/>
                  <SP HEIGHT="45" WIDTH="12" VPOS="1895" HPOS="423"/>
                  <String HEIGHT="45" WIDTH="72" VPOS="1895" HPOS="387" CONTENT="si"/>
                  <SP HEIGHT="45" WIDTH="12" VPOS="1895" HPOS="460"/>
                  <String HEIGHT="45"
                          WIDTH="121"
                          VPOS="1895"
                          HPOS="424"
                          CONTENT="essent"/>
                  <SP HEIGHT="45" WIDTH="12" VPOS="1895" HPOS="544"/>
                  <String HEIGHT="45"
                          WIDTH="145"
                          VPOS="1895"
                          HPOS="508"
                          CONTENT="realiter"/>
                  <SP HEIGHT="45" WIDTH="12" VPOS="1895" HPOS="653"/>
                  <String HEIGHT="45"
                          WIDTH="97"
                          VPOS="1895"
                          HPOS="604"
                          CONTENT="distin"/>
               </TextLine>
               <TextLine ID="r2l117"
                         BASELINE="1973"
                         HEIGHT="43"
                         WIDTH="543"
                         VPOS="1930"
                         HPOS="153">
                  <String HEIGHT="43"
                          WIDTH="97"
                          VPOS="1930"
                          HPOS="141"
                          CONTENT="cti,"/>
                  <SP HEIGHT="43" WIDTH="12" VPOS="1930" HPOS="237"/>
                  <String HEIGHT="43"
                          WIDTH="109"
                          VPOS="1930"
                          HPOS="201"
                          CONTENT="sicut"/>
                  <SP HEIGHT="43" WIDTH="12" VPOS="1930" HPOS="310"/>
                  <String HEIGHT="43"
                          WIDTH="109"
                          VPOS="1930"
                          HPOS="274"
                          CONTENT="patet"/>
                  <SP HEIGHT="43" WIDTH="12" VPOS="1930" HPOS="382"/>
                  <String HEIGHT="43" WIDTH="72" VPOS="1930" HPOS="346" CONTENT="de"/>
                  <SP HEIGHT="43" WIDTH="12" VPOS="1930" HPOS="418"/>
                  <String HEIGHT="43"
                          WIDTH="109"
                          VPOS="1930"
                          HPOS="382"
                          CONTENT="gradu"/>
                  <SP HEIGHT="43" WIDTH="12" VPOS="1930" HPOS="491"/>
                  <String HEIGHT="43"
                          WIDTH="205"
                          VPOS="1930"
                          HPOS="455"
                          CONTENT="animalitatis,"/>
                  <SP HEIGHT="43" WIDTH="12" VPOS="1930" HPOS="660"/>
                  <String HEIGHT="43" WIDTH="60" VPOS="1930" HPOS="624" CONTENT="&amp;"/>
                  <SP HEIGHT="43" WIDTH="12" VPOS="1930" HPOS="684"/>
                  <String HEIGHT="43"
                          WIDTH="60"
                          VPOS="1930"
                          HPOS="636"
                          CONTENT="ra"
                          SUBS_TYPE="HypPart1"
                          SUBS_CONTENT="rationalitatis"/>
                  <HYP CONTENT="-"/>
               </TextLine>
               <TextLine ID="r2l119"
                         BASELINE="2009"
                         HEIGHT="47"
                         WIDTH="539"
                         VPOS="1962"
                         HPOS="154">
                  <String HEIGHT="47"
                          WIDTH="192"
                          VPOS="1962"
                          HPOS="142"
                          CONTENT="tionalitatis"
                          SUBS_TYPE="HypPart2"
                          SUBS_CONTENT="rationalitatis"/>
                  <SP HEIGHT="47" WIDTH="12" VPOS="1962" HPOS="334"/>
                  <String HEIGHT="47" WIDTH="72" VPOS="1962" HPOS="298" CONTENT="in"/>
                  <SP HEIGHT="47" WIDTH="12" VPOS="1962" HPOS="370"/>
                  <String HEIGHT="47"
                          WIDTH="132"
                          VPOS="1962"
                          HPOS="334"
                          CONTENT="homine,"/>
                  <SP HEIGHT="47" WIDTH="12" VPOS="1962" HPOS="465"/>
                  <String HEIGHT="47"
                          WIDTH="108"
                          VPOS="1962"
                          HPOS="429"
                          CONTENT="alius"/>
                  <SP HEIGHT="47" WIDTH="12" VPOS="1962" HPOS="537"/>
                  <String HEIGHT="47"
                          WIDTH="96"
                          VPOS="1962"
                          HPOS="501"
                          CONTENT="enim"/>
                  <SP HEIGHT="47" WIDTH="12" VPOS="1962" HPOS="597"/>
                  <String HEIGHT="47"
                          WIDTH="132"
                          VPOS="1962"
                          HPOS="561"
                          CONTENT="gradus,"/>
                  <SP HEIGHT="47" WIDTH="12" VPOS="1962" HPOS="693"/>
                  <String HEIGHT="47" WIDTH="60" VPOS="1962" HPOS="657" CONTENT="&amp;"/>
                  <SP HEIGHT="47" WIDTH="12" VPOS="1962" HPOS="717"/>
                  <String HEIGHT="47" WIDTH="24" VPOS="1962" HPOS="669" CONTENT=""/>
               </TextLine>
               <TextLine ID="r2l121"
                         BASELINE="2047"
                         HEIGHT="50"
                         WIDTH="554"
                         VPOS="1997"
                         HPOS="145">
                  <String HEIGHT="50"
                          WIDTH="103"
                          VPOS="1997"
                          HPOS="132"
                          CONTENT="alia"/>
                  <SP HEIGHT="50" WIDTH="13" VPOS="1997" HPOS="235"/>
                  <String HEIGHT="50"
                          WIDTH="180"
                          VPOS="1997"
                          HPOS="197"
                          CONTENT="proprietas"/>
                  <SP HEIGHT="50" WIDTH="13" VPOS="1997" HPOS="377"/>
                  <String HEIGHT="50"
                          WIDTH="193"
                          VPOS="1997"
                          HPOS="338"
                          CONTENT="consequitur"/>
                  <SP HEIGHT="50" WIDTH="13" VPOS="1997" HPOS="532"/>
                  <String HEIGHT="50"
                          WIDTH="142"
                          VPOS="1997"
                          HPOS="493"
                          CONTENT="hominem"/>
                  <SP HEIGHT="50" WIDTH="13" VPOS="1997" HPOS="635"/>
                  <String HEIGHT="50" WIDTH="77" VPOS="1997" HPOS="596" CONTENT="in"/>
                  <SP HEIGHT="50" WIDTH="13" VPOS="1997" HPOS="673"/>
                  <String HEIGHT="50"
                          WIDTH="77"
                          VPOS="1997"
                          HPOS="622"
                          CONTENT="quam"/>
               </TextLine>
               <TextLine ID="r2l123"
                         BASELINE="2077"
                         HEIGHT="43"
                         WIDTH="546"
                         VPOS="2034"
                         HPOS="146">
                  <String HEIGHT="43" WIDTH="91" VPOS="2034" HPOS="133" CONTENT="tum"/>
                  <SP HEIGHT="43" WIDTH="13" VPOS="2034" HPOS="224"/>
                  <String HEIGHT="43"
                          WIDTH="143"
                          VPOS="2034"
                          HPOS="185"
                          CONTENT="animal,"/>
                  <SP HEIGHT="43" WIDTH="13" VPOS="2034" HPOS="328"/>
                  <String HEIGHT="43" WIDTH="65" VPOS="2034" HPOS="289" CONTENT="&amp;"/>
                  <SP HEIGHT="43" WIDTH="13" VPOS="2034" HPOS="354"/>
                  <String HEIGHT="43"
                          WIDTH="117"
                          VPOS="2034"
                          HPOS="315"
                          CONTENT="alius"/>
                  <SP HEIGHT="43" WIDTH="13" VPOS="2034" HPOS="432"/>
                  <String HEIGHT="43" WIDTH="78" VPOS="2034" HPOS="393" CONTENT="in"/>
                  <SP HEIGHT="43" WIDTH="13" VPOS="2034" HPOS="471"/>
                  <String HEIGHT="43"
                          WIDTH="143"
                          VPOS="2034"
                          HPOS="432"
                          CONTENT="quantum"/>
                  <SP HEIGHT="43" WIDTH="13" VPOS="2034" HPOS="575"/>
                  <String HEIGHT="43"
                          WIDTH="169"
                          VPOS="2034"
                          HPOS="523"
                          CONTENT="rationalis."/>
               </TextLine>
               <TextLine ID="r2l125"
                         BASELINE="2113"
                         HEIGHT="48"
                         WIDTH="545"
                         VPOS="2065"
                         HPOS="152">
                  <String HEIGHT="48" WIDTH="66" VPOS="2065" HPOS="139" CONTENT="&amp;"/>
                  <SP HEIGHT="48" WIDTH="13" VPOS="2065" HPOS="205"/>
                  <String HEIGHT="48"
                          WIDTH="106"
                          VPOS="2065"
                          HPOS="165"
                          CONTENT="ideo"/>
                  <SP HEIGHT="48" WIDTH="13" VPOS="2065" HPOS="272"/>
                  <String HEIGHT="48"
                          WIDTH="120"
                          VPOS="2065"
                          HPOS="232"
                          CONTENT="prout"/>
                  <SP HEIGHT="48" WIDTH="13" VPOS="2065" HPOS="351"/>
                  <String HEIGHT="48"
                          WIDTH="173"
                          VPOS="2065"
                          HPOS="312"
                          CONTENT="huiusmodi"/>
                  <SP HEIGHT="48" WIDTH="13" VPOS="2065" HPOS="484"/>
                  <String HEIGHT="48"
                          WIDTH="133"
                          VPOS="2065"
                          HPOS="444"
                          CONTENT="gradus"/>
                  <SP HEIGHT="48" WIDTH="13" VPOS="2065" HPOS="577"/>
                  <String HEIGHT="48"
                          WIDTH="160"
                          VPOS="2065"
                          HPOS="537"
                          CONTENT="conotant"/>
                  <SP HEIGHT="48" WIDTH="13" VPOS="2065" HPOS="697"/>
                  <String HEIGHT="48" WIDTH="53" VPOS="2065" HPOS="644" CONTENT="di"/>
               </TextLine>
               <TextLine ID="r2l127"
                         BASELINE="2163"
                         HEIGHT="64"
                         WIDTH="559"
                         VPOS="2099"
                         HPOS="141">
                  <String HEIGHT="64"
                          WIDTH="149"
                          VPOS="2099"
                          HPOS="129"
                          CONTENT="stinctos"/>
                  <SP HEIGHT="64" WIDTH="12" VPOS="2099" HPOS="278"/>
                  <String HEIGHT="64"
                          WIDTH="124"
                          VPOS="2099"
                          HPOS="240"
                          CONTENT="actus,"/>
                  <SP HEIGHT="64" WIDTH="12" VPOS="2099" HPOS="365"/>
                  <String HEIGHT="64" WIDTH="87" VPOS="2099" HPOS="327" CONTENT="vel"/>
                  <SP HEIGHT="64" WIDTH="12" VPOS="2099" HPOS="414"/>
                  <String HEIGHT="64"
                          WIDTH="211"
                          VPOS="2099"
                          HPOS="377"
                          CONTENT="proprietates,"/>
                  <SP HEIGHT="64" WIDTH="12" VPOS="2099" HPOS="588"/>
                  <String HEIGHT="64" WIDTH="87" VPOS="2099" HPOS="551" CONTENT="sic"/>
                  <SP HEIGHT="64" WIDTH="12" VPOS="2099" HPOS="638"/>
                  <String HEIGHT="64"
                          WIDTH="112"
                          VPOS="2099"
                          HPOS="588"
                          CONTENT="possunt"/>
               </TextLine>
            </TextBlock>
            <TextBlock ID="TextRegion_1600635684438_888"
                       HEIGHT="2071"
                       WIDTH="585"
                       VPOS="106"
                       HPOS="703">
               <Shape>
                  <Polygon POINTS="703,106 1288,106 1288,2177 715,2177 714,1924"/>
               </Shape>
               <TextLine ID="r2l5"
                         BASELINE="227"
                         HEIGHT="49"
                         WIDTH="561"
                         VPOS="178"
                         HPOS="710">
                  <String HEIGHT="49" WIDTH="94" VPOS="178" HPOS="698" CONTENT="dici"/>
                  <SP HEIGHT="49" WIDTH="12" VPOS="178" HPOS="792"/>
                  <String HEIGHT="49"
                          WIDTH="175"
                          VPOS="178"
                          HPOS="757"
                          CONTENT="virtualiter"/>
                  <SP HEIGHT="49" WIDTH="12" VPOS="178" HPOS="932"/>
                  <String HEIGHT="49"
                          WIDTH="164"
                          VPOS="178"
                          HPOS="897"
                          CONTENT="distincti,"/>
                  <SP HEIGHT="49" WIDTH="12" VPOS="178" HPOS="1061"/>
                  <String HEIGHT="49"
                          WIDTH="94"
                          VPOS="178"
                          HPOS="1026"
                          CONTENT="quia"/>
                  <SP HEIGHT="49" WIDTH="12" VPOS="178" HPOS="1119"/>
                  <String HEIGHT="49" WIDTH="82" VPOS="178" HPOS="1084" CONTENT="ita"/>
                  <SP HEIGHT="49" WIDTH="12" VPOS="178" HPOS="1166"/>
                  <String HEIGHT="49"
                          WIDTH="152"
                          VPOS="178"
                          HPOS="1119"
                          CONTENT="principiant"/>
               </TextLine>
               <TextLine ID="r2l7"
                         BASELINE="270"
                         HEIGHT="47"
                         WIDTH="544"
                         VPOS="223"
                         HPOS="714">
                  <String HEIGHT="47"
                          WIDTH="100"
                          VPOS="223"
                          HPOS="703"
                          CONTENT="istos"/>
                  <SP HEIGHT="47" WIDTH="11" VPOS="223" HPOS="803"/>
                  <String HEIGHT="47"
                          WIDTH="111"
                          VPOS="223"
                          HPOS="770"
                          CONTENT="actus,"/>
                  <SP HEIGHT="47" WIDTH="11" VPOS="223" HPOS="881"/>
                  <String HEIGHT="47" WIDTH="67" VPOS="223" HPOS="847" CONTENT="ac"/>
                  <SP HEIGHT="47" WIDTH="11" VPOS="223" HPOS="914"/>
                  <String HEIGHT="47" WIDTH="67" VPOS="223" HPOS="881" CONTENT="si"/>
                  <SP HEIGHT="47" WIDTH="11" VPOS="223" HPOS="947"/>
                  <String HEIGHT="47"
                          WIDTH="111"
                          VPOS="223"
                          HPOS="914"
                          CONTENT="essent"/>
                  <SP HEIGHT="47" WIDTH="11" VPOS="223" HPOS="1025"/>
                  <String HEIGHT="47"
                          WIDTH="133"
                          VPOS="223"
                          HPOS="992"
                          CONTENT="diuersae"/>
                  <SP HEIGHT="47" WIDTH="11" VPOS="223" HPOS="1125"/>
                  <String HEIGHT="47"
                          WIDTH="144"
                          VPOS="223"
                          HPOS="1091"
                          CONTENT="virtutes;"/>
                  <SP HEIGHT="47" WIDTH="11" VPOS="223" HPOS="1236"/>
                  <String HEIGHT="47"
                          WIDTH="67"
                          VPOS="223"
                          HPOS="1191"
                          CONTENT="qua"
                          SUBS_TYPE="HypPart1"
                          SUBS_CONTENT="quapropter"/>
                  <HYP CONTENT="-"/>
               </TextLine>
               <TextLine ID="r2l12"
                         BASELINE="302"
                         HEIGHT="43"
                         WIDTH="552"
                         VPOS="259"
                         HPOS="716">
                  <String HEIGHT="43"
                          WIDTH="141"
                          VPOS="259"
                          HPOS="703"
                          CONTENT="propter"
                          SUBS_TYPE="HypPart2"
                          SUBS_CONTENT="quapropter"/>
                  <SP HEIGHT="43" WIDTH="13" VPOS="259" HPOS="844"/>
                  <String HEIGHT="43" WIDTH="90" VPOS="259" HPOS="806" CONTENT="non"/>
                  <SP HEIGHT="43" WIDTH="13" VPOS="259" HPOS="896"/>
                  <String HEIGHT="43" WIDTH="90" VPOS="259" HPOS="857" CONTENT="est"/>
                  <SP HEIGHT="43" WIDTH="13" VPOS="259" HPOS="947"/>
                  <String HEIGHT="43"
                          WIDTH="116"
                          VPOS="259"
                          HPOS="909"
                          CONTENT="etiam"/>
                  <SP HEIGHT="43" WIDTH="13" VPOS="259" HPOS="1024"/>
                  <String HEIGHT="43"
                          WIDTH="128"
                          VPOS="259"
                          HPOS="986"
                          CONTENT="mirum,"/>
                  <SP HEIGHT="43" WIDTH="13" VPOS="259" HPOS="1114"/>
                  <String HEIGHT="43" WIDTH="77" VPOS="259" HPOS="1075" CONTENT="si"/>
                  <SP HEIGHT="43" WIDTH="13" VPOS="259" HPOS="1152"/>
                  <String HEIGHT="43"
                          WIDTH="141"
                          VPOS="259"
                          HPOS="1114"
                          CONTENT="possunt"/>
                  <SP HEIGHT="43" WIDTH="13" VPOS="259" HPOS="1255"/>
                  <String HEIGHT="43" WIDTH="64" VPOS="259" HPOS="1204" CONTENT="cau"/>
               </TextLine>
               <TextLine ID="r2l15"
                         BASELINE="335"
                         HEIGHT="47"
                         WIDTH="540"
                         VPOS="288"
                         HPOS="719">
                  <String HEIGHT="47" WIDTH="94" VPOS="288" HPOS="707" CONTENT="sare"/>
                  <SP HEIGHT="47" WIDTH="12" VPOS="288" HPOS="801"/>
                  <String HEIGHT="47" WIDTH="70" VPOS="288" HPOS="766" CONTENT="in"/>
                  <SP HEIGHT="47" WIDTH="12" VPOS="288" HPOS="836"/>
                  <String HEIGHT="47"
                          WIDTH="164"
                          VPOS="288"
                          HPOS="801"
                          CONTENT="intellectu"/>
                  <SP HEIGHT="47" WIDTH="12" VPOS="288" HPOS="966"/>
                  <String HEIGHT="47"
                          WIDTH="117"
                          VPOS="288"
                          HPOS="930"
                          CONTENT="nostro"/>
                  <SP HEIGHT="47" WIDTH="12" VPOS="288" HPOS="1048"/>
                  <String HEIGHT="47"
                          WIDTH="164"
                          VPOS="288"
                          HPOS="1012"
                          CONTENT="distinctos"/>
                  <SP HEIGHT="47" WIDTH="12" VPOS="288" HPOS="1177"/>
                  <String HEIGHT="47"
                          WIDTH="129"
                          VPOS="288"
                          HPOS="1130"
                          CONTENT="concepts,"/>
               </TextLine>
               <TextLine ID="r2l17"
                         BASELINE="361"
                         HEIGHT="36"
                         WIDTH="545"
                         VPOS="325"
                         HPOS="716">
                  <String HEIGHT="36" WIDTH="71" VPOS="325" HPOS="704" CONTENT="ac"/>
                  <SP HEIGHT="36" WIDTH="12" VPOS="325" HPOS="775"/>
                  <String HEIGHT="36" WIDTH="71" VPOS="325" HPOS="740" CONTENT="si"/>
                  <SP HEIGHT="36" WIDTH="12" VPOS="325" HPOS="811"/>
                  <String HEIGHT="36"
                          WIDTH="118"
                          VPOS="325"
                          HPOS="775"
                          CONTENT="essent"/>
                  <SP HEIGHT="36" WIDTH="12" VPOS="325" HPOS="894"/>
                  <String HEIGHT="36"
                          WIDTH="154"
                          VPOS="325"
                          HPOS="858"
                          CONTENT="distincta"/>
                  <SP HEIGHT="36" WIDTH="12" VPOS="325" HPOS="1012"/>
                  <String HEIGHT="36"
                          WIDTH="178"
                          VPOS="325"
                          HPOS="977"
                          CONTENT="fundamenta,"/>
                  <SP HEIGHT="36" WIDTH="12" VPOS="325" HPOS="1154"/>
                  <String HEIGHT="36" WIDTH="83" VPOS="325" HPOS="1119" CONTENT="ita"/>
                  <SP HEIGHT="36" WIDTH="12" VPOS="325" HPOS="1202"/>
                  <String HEIGHT="36" WIDTH="71" VPOS="325" HPOS="1166" CONTENT="vt"/>
                  <SP HEIGHT="36" WIDTH="12" VPOS="325" HPOS="1237"/>
                  <String HEIGHT="36"
                          WIDTH="71"
                          VPOS="325"
                          HPOS="1190"
                          CONTENT="vnus"/>
               </TextLine>
               <TextLine ID="r2l19"
                         BASELINE="415"
                         HEIGHT="56"
                         WIDTH="540"
                         VPOS="359"
                         HPOS="719">
                  <String HEIGHT="56"
                          WIDTH="123"
                          VPOS="359"
                          HPOS="707"
                          CONTENT="possit"/>
                  <SP HEIGHT="56" WIDTH="12" VPOS="359" HPOS="829"/>
                  <String HEIGHT="56"
                          WIDTH="135"
                          VPOS="359"
                          HPOS="793"
                          CONTENT="fundare"/>
                  <SP HEIGHT="56" WIDTH="12" VPOS="359" HPOS="928"/>
                  <String HEIGHT="56"
                          WIDTH="221"
                          VPOS="359"
                          HPOS="891"
                          CONTENT="similitudinem,"/>
                  <SP HEIGHT="56" WIDTH="12" VPOS="359" HPOS="1112"/>
                  <String HEIGHT="56" WIDTH="61" VPOS="359" HPOS="1075" CONTENT="&amp;"/>
                  <SP HEIGHT="56" WIDTH="12" VPOS="359" HPOS="1136"/>
                  <String HEIGHT="56"
                          WIDTH="110"
                          VPOS="359"
                          HPOS="1099"
                          CONTENT="alius"/>
                  <SP HEIGHT="56" WIDTH="12" VPOS="359" HPOS="1210"/>
                  <String HEIGHT="56"
                          WIDTH="98"
                          VPOS="359"
                          HPOS="1161"
                          CONTENT="dissi"/>
               </TextLine>
               <TextLine ID="r2l21"
                         BASELINE="434"
                         HEIGHT="42"
                         WIDTH="177"
                         VPOS="392"
                         HPOS="715">
                  <String HEIGHT="42"
                          WIDTH="207"
                          VPOS="392"
                          HPOS="686"
                          CONTENT="militudinem."/>
               </TextLine>
               <TextLine ID="r2l22"
                         BASELINE="463"
                         HEIGHT="40"
                         WIDTH="527"
                         VPOS="423"
                         HPOS="746">
                  <String HEIGHT="40"
                          WIDTH="219"
                          VPOS="423"
                          HPOS="733"
                          CONTENT="Potentialiter"/>
                  <SP HEIGHT="40" WIDTH="13" VPOS="423" HPOS="952"/>
                  <String HEIGHT="40"
                          WIDTH="103"
                          VPOS="423"
                          HPOS="913"
                          CONTENT="vero"/>
                  <SP HEIGHT="40" WIDTH="13" VPOS="423" HPOS="1016"/>
                  <String HEIGHT="40" WIDTH="77" VPOS="423" HPOS="977" CONTENT="ex"/>
                  <SP HEIGHT="40" WIDTH="13" VPOS="423" HPOS="1054"/>
                  <String HEIGHT="40"
                          WIDTH="129"
                          VPOS="423"
                          HPOS="1016"
                          CONTENT="natura"/>
                  <SP HEIGHT="40" WIDTH="13" VPOS="423" HPOS="1144"/>
                  <String HEIGHT="40" WIDTH="90" VPOS="423" HPOS="1106" CONTENT="rei"/>
                  <SP HEIGHT="40" WIDTH="13" VPOS="423" HPOS="1196"/>
                  <String HEIGHT="40"
                          WIDTH="103"
                          VPOS="423"
                          HPOS="1157"
                          CONTENT="sunt"/>
                  <SP HEIGHT="40" WIDTH="13" VPOS="423" HPOS="1260"/>
                  <String HEIGHT="40"
                          WIDTH="64"
                          VPOS="423"
                          HPOS="1209"
                          CONTENT="di"
                          SUBS_TYPE="HypPart1"
                          SUBS_CONTENT="distincti,"/>
                  <HYP CONTENT="-"/>
               </TextLine>
               <TextLine ID="r2l25"
                         BASELINE="505"
                         HEIGHT="53"
                         WIDTH="549"
                         VPOS="452"
                         HPOS="718">
                  <String HEIGHT="53"
                          WIDTH="146"
                          VPOS="452"
                          HPOS="706"
                          CONTENT="stincti,"
                          SUBS_TYPE="HypPart2"
                          SUBS_CONTENT="distincti,"/>
                  <SP HEIGHT="53" WIDTH="12" VPOS="452" HPOS="852"/>
                  <String HEIGHT="53" WIDTH="73" VPOS="452" HPOS="816" CONTENT="in"/>
                  <SP HEIGHT="53" WIDTH="12" VPOS="452" HPOS="889"/>
                  <String HEIGHT="53"
                          WIDTH="134"
                          VPOS="452"
                          HPOS="852"
                          CONTENT="quantum"/>
                  <SP HEIGHT="53" WIDTH="12" VPOS="452" HPOS="986"/>
                  <String HEIGHT="53" WIDTH="73" VPOS="452" HPOS="950" CONTENT="ex"/>
                  <SP HEIGHT="53" WIDTH="12" VPOS="452" HPOS="1023"/>
                  <String HEIGHT="53"
                          WIDTH="122"
                          VPOS="452"
                          HPOS="986"
                          CONTENT="natura"/>
                  <SP HEIGHT="53" WIDTH="12" VPOS="452" HPOS="1108"/>
                  <String HEIGHT="53" WIDTH="85" VPOS="452" HPOS="1072" CONTENT="rei"/>
                  <SP HEIGHT="53" WIDTH="12" VPOS="452" HPOS="1157"/>
                  <String HEIGHT="53"
                          WIDTH="122"
                          VPOS="452"
                          HPOS="1121"
                          CONTENT="habent"/>
                  <SP HEIGHT="53" WIDTH="12" VPOS="452" HPOS="1243"/>
                  <String HEIGHT="53"
                          WIDTH="73"
                          VPOS="452"
                          HPOS="1194"
                          CONTENT="quod"/>
               </TextLine>
               <TextLine ID="r2l27"
                         BASELINE="542"
                         HEIGHT="51"
                         WIDTH="546"
                         VPOS="491"
                         HPOS="722">
                  <String HEIGHT="51"
                          WIDTH="146"
                          VPOS="491"
                          HPOS="709"
                          CONTENT="possint"/>
                  <SP HEIGHT="51" WIDTH="13" VPOS="491" HPOS="855"/>
                  <String HEIGHT="51"
                          WIDTH="186"
                          VPOS="491"
                          HPOS="815"
                          CONTENT="apprehendi"/>
                  <SP HEIGHT="51" WIDTH="13" VPOS="491" HPOS="1002"/>
                  <String HEIGHT="51"
                          WIDTH="146"
                          VPOS="491"
                          HPOS="962"
                          CONTENT="tanquam"/>
                  <SP HEIGHT="51" WIDTH="13" VPOS="491" HPOS="1108"/>
                  <String HEIGHT="51"
                          WIDTH="186"
                          VPOS="491"
                          HPOS="1068"
                          CONTENT="actualiter"/>
                  <SP HEIGHT="51" WIDTH="13" VPOS="491" HPOS="1255"/>
                  <String HEIGHT="51"
                          WIDTH="67"
                          VPOS="491"
                          HPOS="1201"
                          CONTENT="di"
                          SUBS_TYPE="HypPart1"
                          SUBS_CONTENT="distincti,"/>
                  <HYP CONTENT="-"/>
               </TextLine>
               <TextLine ID="r2l28"
                         BASELINE="574"
                         HEIGHT="45"
                         WIDTH="559"
                         VPOS="529"
                         HPOS="716">
                  <String HEIGHT="45"
                          WIDTH="149"
                          VPOS="529"
                          HPOS="704"
                          CONTENT="stincti,"
                          SUBS_TYPE="HypPart2"
                          SUBS_CONTENT="distincti,"/>
                  <SP HEIGHT="45" WIDTH="12" VPOS="529" HPOS="853"/>
                  <String HEIGHT="45" WIDTH="87" VPOS="529" HPOS="815" CONTENT="non"/>
                  <SP HEIGHT="45" WIDTH="12" VPOS="529" HPOS="902"/>
                  <String HEIGHT="45"
                          WIDTH="124"
                          VPOS="529"
                          HPOS="865"
                          CONTENT="quidem"/>
                  <SP HEIGHT="45" WIDTH="12" VPOS="529" HPOS="989"/>
                  <String HEIGHT="45" WIDTH="75" VPOS="529" HPOS="952" CONTENT="ex"/>
                  <SP HEIGHT="45" WIDTH="12" VPOS="529" HPOS="1027"/>
                  <String HEIGHT="45"
                          WIDTH="124"
                          VPOS="529"
                          HPOS="989"
                          CONTENT="natura"/>
                  <SP HEIGHT="45" WIDTH="12" VPOS="529" HPOS="1114"/>
                  <String HEIGHT="45"
                          WIDTH="99"
                          VPOS="529"
                          HPOS="1076"
                          CONTENT="rei,"/>
                  <SP HEIGHT="45" WIDTH="12" VPOS="529" HPOS="1176"/>
                  <String HEIGHT="45" WIDTH="87" VPOS="529" HPOS="1138" CONTENT="sed"/>
                  <SP HEIGHT="45" WIDTH="12" VPOS="529" HPOS="1225"/>
                  <String HEIGHT="45" WIDTH="75" VPOS="529" HPOS="1188" CONTENT="ex"/>
                  <SP HEIGHT="45" WIDTH="12" VPOS="529" HPOS="1263"/>
                  <String HEIGHT="45"
                          WIDTH="62"
                          VPOS="529"
                          HPOS="1213"
                          CONTENT="in"
                          SUBS_TYPE="HypPart1"
                          SUBS_CONTENT="intellectu"/>
                  <HYP CONTENT="-"/>
               </TextLine>
               <TextLine ID="r2l31"
                         BASELINE="615"
                         HEIGHT="51"
                         WIDTH="552"
                         VPOS="564"
                         HPOS="723">
                  <String HEIGHT="51"
                          WIDTH="144"
                          VPOS="564"
                          HPOS="711"
                          CONTENT="tellectu"
                          SUBS_TYPE="HypPart2"
                          SUBS_CONTENT="intellectu"/>
                  <SP HEIGHT="51" WIDTH="12" VPOS="564" HPOS="855"/>
                  <String HEIGHT="51"
                          WIDTH="204"
                          VPOS="564"
                          HPOS="819"
                          CONTENT="apprehendente"/>
                  <SP HEIGHT="51" WIDTH="12" VPOS="564" HPOS="1023"/>
                  <String HEIGHT="51" WIDTH="96" VPOS="564" HPOS="987" CONTENT="eos,"/>
                  <SP HEIGHT="51" WIDTH="12" VPOS="564" HPOS="1083"/>
                  <String HEIGHT="51" WIDTH="72" VPOS="564" HPOS="1047" CONTENT="ac"/>
                  <SP HEIGHT="51" WIDTH="12" VPOS="564" HPOS="1119"/>
                  <String HEIGHT="51" WIDTH="72" VPOS="564" HPOS="1083" CONTENT="si"/>
                  <SP HEIGHT="51" WIDTH="12" VPOS="564" HPOS="1155"/>
                  <String HEIGHT="51"
                          WIDTH="120"
                          VPOS="564"
                          HPOS="1119"
                          CONTENT="essent"/>
                  <SP HEIGHT="51" WIDTH="12" VPOS="564" HPOS="1239"/>
                  <String HEIGHT="51"
                          WIDTH="84"
                          VPOS="564"
                          HPOS="1191"
                          CONTENT="reali"/>
               </TextLine>
               <TextLine ID="r2l33"
                         BASELINE="639"
                         HEIGHT="42"
                         WIDTH="555"
                         VPOS="597"
                         HPOS="716">
                  <String HEIGHT="42" WIDTH="84" VPOS="597" HPOS="704" CONTENT="ter"/>
                  <SP HEIGHT="42" WIDTH="12" VPOS="597" HPOS="788"/>
                  <String HEIGHT="42"
                          WIDTH="169"
                          VPOS="597"
                          HPOS="752"
                          CONTENT="distincti,"/>
                  <SP HEIGHT="42" WIDTH="12" VPOS="597" HPOS="921"/>
                  <String HEIGHT="42" WIDTH="60" VPOS="597" HPOS="885" CONTENT="&amp;"/>
                  <SP HEIGHT="42" WIDTH="12" VPOS="597" HPOS="945"/>
                  <String HEIGHT="42" WIDTH="97" VPOS="597" HPOS="909" CONTENT="ideo"/>
                  <SP HEIGHT="42" WIDTH="12" VPOS="597" HPOS="1006"/>
                  <String HEIGHT="42"
                          WIDTH="121"
                          VPOS="597"
                          HPOS="969"
                          CONTENT="semper"/>
                  <SP HEIGHT="42" WIDTH="12" VPOS="597" HPOS="1090"/>
                  <String HEIGHT="42"
                          WIDTH="109"
                          VPOS="597"
                          HPOS="1054"
                          CONTENT="debet"/>
                  <SP HEIGHT="42" WIDTH="12" VPOS="597" HPOS="1162"/>
                  <String HEIGHT="42"
                          WIDTH="97"
                          VPOS="597"
                          HPOS="1126"
                          CONTENT="dici"/>
                  <SP HEIGHT="42" WIDTH="12" VPOS="597" HPOS="1223"/>
                  <String HEIGHT="42"
                          WIDTH="97"
                          VPOS="597"
                          HPOS="1174"
                          CONTENT="distin"/>
               </TextLine>
               <TextLine ID="r2l35"
                         BASELINE="671"
                         HEIGHT="38"
                         WIDTH="552"
                         VPOS="633"
                         HPOS="723">
                  <String HEIGHT="38"
                          WIDTH="100"
                          VPOS="633"
                          HPOS="710"
                          CONTENT="ctio"/>
                  <SP HEIGHT="38" WIDTH="13" VPOS="633" HPOS="811"/>
                  <String HEIGHT="38"
                          WIDTH="163"
                          VPOS="633"
                          HPOS="773"
                          CONTENT="rationis,"/>
                  <SP HEIGHT="38" WIDTH="13" VPOS="633" HPOS="936"/>
                  <String HEIGHT="38"
                          WIDTH="138"
                          VPOS="633"
                          HPOS="899"
                          CONTENT="quamuis"/>
                  <SP HEIGHT="38" WIDTH="13" VPOS="633" HPOS="1037"/>
                  <String HEIGHT="38"
                          WIDTH="138"
                          VPOS="633"
                          HPOS="999"
                          CONTENT="oriatur"/>
                  <SP HEIGHT="38" WIDTH="13" VPOS="633" HPOS="1137"/>
                  <String HEIGHT="38" WIDTH="75" VPOS="633" HPOS="1099" CONTENT="ex"/>
                  <SP HEIGHT="38" WIDTH="13" VPOS="633" HPOS="1175"/>
                  <String HEIGHT="38"
                          WIDTH="125"
                          VPOS="633"
                          HPOS="1137"
                          CONTENT="natura"/>
                  <SP HEIGHT="38" WIDTH="13" VPOS="633" HPOS="1262"/>
                  <String HEIGHT="38" WIDTH="63" VPOS="633" HPOS="1212" CONTENT="rei"/>
               </TextLine>
               <TextLine ID="r2l36"
                         BASELINE="713"
                         HEIGHT="47"
                         WIDTH="543"
                         VPOS="666"
                         HPOS="725">
                  <String HEIGHT="47"
                          WIDTH="233"
                          VPOS="666"
                          HPOS="712"
                          CONTENT="necessitantis,"/>
                  <SP HEIGHT="47" WIDTH="13" VPOS="666" HPOS="945"/>
                  <String HEIGHT="47"
                          WIDTH="103"
                          VPOS="666"
                          HPOS="906"
                          CONTENT="quia"/>
                  <SP HEIGHT="47" WIDTH="13" VPOS="666" HPOS="1009"/>
                  <String HEIGHT="47"
                          WIDTH="168"
                          VPOS="666"
                          HPOS="971"
                          CONTENT="completur"/>
                  <SP HEIGHT="47" WIDTH="13" VPOS="666" HPOS="1139"/>
                  <String HEIGHT="47" WIDTH="65" VPOS="666" HPOS="1100" CONTENT="&amp;"/>
                  <SP HEIGHT="47" WIDTH="13" VPOS="666" HPOS="1165"/>
                  <String HEIGHT="47"
                          WIDTH="155"
                          VPOS="666"
                          HPOS="1113"
                          CONTENT="perficitur"/>
               </TextLine>
               <TextLine ID="r2l39"
                         BASELINE="744"
                         HEIGHT="49"
                         WIDTH="553"
                         VPOS="695"
                         HPOS="720">
                  <String HEIGHT="49" WIDTH="86" VPOS="695" HPOS="708" CONTENT="per"/>
                  <SP HEIGHT="49" WIDTH="12" VPOS="695" HPOS="794"/>
                  <String HEIGHT="49"
                          WIDTH="111"
                          VPOS="695"
                          HPOS="757"
                          CONTENT="actum"/>
                  <SP HEIGHT="49" WIDTH="12" VPOS="695" HPOS="867"/>
                  <String HEIGHT="49"
                          WIDTH="160"
                          VPOS="695"
                          HPOS="831"
                          CONTENT="rationis;"/>
                  <SP HEIGHT="49" WIDTH="12" VPOS="695" HPOS="990"/>
                  <String HEIGHT="49" WIDTH="61" VPOS="695" HPOS="953" CONTENT="&amp;"/>
                  <SP HEIGHT="49" WIDTH="12" VPOS="695" HPOS="1015"/>
                  <String HEIGHT="49" WIDTH="86" VPOS="695" HPOS="978" CONTENT="sic"/>
                  <SP HEIGHT="49" WIDTH="12" VPOS="695" HPOS="1064"/>
                  <String HEIGHT="49" WIDTH="86" VPOS="695" HPOS="1027" CONTENT="non"/>
                  <SP HEIGHT="49" WIDTH="12" VPOS="695" HPOS="1113"/>
                  <String HEIGHT="49"
                          WIDTH="135"
                          VPOS="695"
                          HPOS="1076"
                          CONTENT="iincido"/>
                  <SP HEIGHT="49" WIDTH="12" VPOS="695" HPOS="1212"/>
                  <String HEIGHT="49" WIDTH="74" VPOS="695" HPOS="1175" CONTENT="in"/>
                  <SP HEIGHT="49" WIDTH="12" VPOS="695" HPOS="1248"/>
                  <String HEIGHT="49"
                          WIDTH="74"
                          VPOS="695"
                          HPOS="1199"
                          CONTENT="for"
                          SUBS_TYPE="HypPart1"
                          SUBS_CONTENT="formalitates"/>
                  <HYP CONTENT="-"/>
               </TextLine>
               <TextLine ID="r2l41"
                         BASELINE="778"
                         HEIGHT="46"
                         WIDTH="555"
                         VPOS="732"
                         HPOS="717">
                  <String HEIGHT="46"
                          WIDTH="160"
                          VPOS="732"
                          HPOS="705"
                          CONTENT="malitates"
                          SUBS_TYPE="HypPart2"
                          SUBS_CONTENT="formalitates"/>
                  <SP HEIGHT="46" WIDTH="12" VPOS="732" HPOS="865"/>
                  <String HEIGHT="46"
                          WIDTH="123"
                          VPOS="732"
                          HPOS="828"
                          CONTENT="eorum,"/>
                  <SP HEIGHT="46" WIDTH="12" VPOS="732" HPOS="951"/>
                  <String HEIGHT="46" WIDTH="99" VPOS="732" HPOS="914" CONTENT="quia"/>
                  <SP HEIGHT="46" WIDTH="12" VPOS="732" HPOS="1013"/>
                  <String HEIGHT="46" WIDTH="86" VPOS="732" HPOS="976" CONTENT="non"/>
                  <SP HEIGHT="46" WIDTH="12" VPOS="732" HPOS="1062"/>
                  <String HEIGHT="46"
                          WIDTH="99"
                          VPOS="732"
                          HPOS="1025"
                          CONTENT="pono"/>
                  <SP HEIGHT="46" WIDTH="12" VPOS="732" HPOS="1124"/>
                  <String HEIGHT="46" WIDTH="74" VPOS="732" HPOS="1087" CONTENT="in"/>
                  <SP HEIGHT="46" WIDTH="12" VPOS="732" HPOS="1161"/>
                  <String HEIGHT="46" WIDTH="86" VPOS="732" HPOS="1124" CONTENT="eis"/>
                  <SP HEIGHT="46" WIDTH="12" VPOS="732" HPOS="1210"/>
                  <String HEIGHT="46"
                          WIDTH="111"
                          VPOS="732"
                          HPOS="1161"
                          CONTENT="aliquan"/>
               </TextLine>
               <TextLine ID="r2l42"
                         BASELINE="804"
                         HEIGHT="37"
                         WIDTH="548"
                         VPOS="767"
                         HPOS="716">
                  <String HEIGHT="37"
                          WIDTH="222"
                          VPOS="767"
                          HPOS="703"
                          CONTENT="distinctionem"/>
                  <SP HEIGHT="37" WIDTH="13" VPOS="767" HPOS="925"/>
                  <String HEIGHT="37"
                          WIDTH="144"
                          VPOS="767"
                          HPOS="886"
                          CONTENT="realem,"/>
                  <SP HEIGHT="37" WIDTH="13" VPOS="767" HPOS="1029"/>
                  <String HEIGHT="37" WIDTH="65" VPOS="767" HPOS="990" CONTENT="&amp;"/>
                  <SP HEIGHT="37" WIDTH="13" VPOS="767" HPOS="1055"/>
                  <String HEIGHT="37"
                          WIDTH="170"
                          VPOS="767"
                          HPOS="1016"
                          CONTENT="actualem,"/>
                  <SP HEIGHT="37" WIDTH="13" VPOS="767" HPOS="1186"/>
                  <String HEIGHT="37" WIDTH="91" VPOS="767" HPOS="1147" CONTENT="sed"/>
                  <SP HEIGHT="37" WIDTH="13" VPOS="767" HPOS="1238"/>
                  <String HEIGHT="37"
                          WIDTH="78"
                          VPOS="767"
                          HPOS="1186"
                          CONTENT="tan"
                          SUBS_TYPE="HypPart1"
                          SUBS_CONTENT="tantum"/>
                  <HYP CONTENT="-"/>
               </TextLine>
               <TextLine ID="r2l45"
                         BASELINE="845"
                         HEIGHT="42"
                         WIDTH="553"
                         VPOS="803"
                         HPOS="718">
                  <String HEIGHT="42"
                          WIDTH="97"
                          VPOS="803"
                          HPOS="704"
                          CONTENT="tum"
                          SUBS_TYPE="HypPart2"
                          SUBS_CONTENT="tantum"/>
                  <SP HEIGHT="42" WIDTH="14" VPOS="803" HPOS="801"/>
                  <String HEIGHT="42"
                          WIDTH="194"
                          VPOS="803"
                          HPOS="759"
                          CONTENT="virtualem,"/>
                  <SP HEIGHT="42" WIDTH="14" VPOS="803" HPOS="953"/>
                  <String HEIGHT="42"
                          WIDTH="111"
                          VPOS="803"
                          HPOS="912"
                          CONTENT="quae"/>
                  <SP HEIGHT="42" WIDTH="14" VPOS="803" HPOS="1022"/>
                  <String HEIGHT="42"
                          WIDTH="180"
                          VPOS="803"
                          HPOS="981"
                          CONTENT="completur"/>
                  <SP HEIGHT="42" WIDTH="14" VPOS="803" HPOS="1160"/>
                  <String HEIGHT="42" WIDTH="97" VPOS="803" HPOS="1119" CONTENT="per"/>
                  <SP HEIGHT="42" WIDTH="14" VPOS="803" HPOS="1216"/>
                  <String HEIGHT="42"
                          WIDTH="111"
                          VPOS="803"
                          HPOS="1160"
                          CONTENT="aliqua"/>
               </TextLine>
               <TextLine ID="r2l47"
                         BASELINE="887"
                         HEIGHT="52"
                         WIDTH="550"
                         VPOS="835"
                         HPOS="724">
                  <String HEIGHT="52"
                          WIDTH="170"
                          VPOS="835"
                          HPOS="711"
                          CONTENT="connotata"/>
                  <SP HEIGHT="52" WIDTH="13" VPOS="835" HPOS="881"/>
                  <String HEIGHT="52"
                          WIDTH="196"
                          VPOS="835"
                          HPOS="842"
                          CONTENT="extrinseca,"/>
                  <SP HEIGHT="52" WIDTH="13" VPOS="835" HPOS="1038"/>
                  <String HEIGHT="52" WIDTH="92" VPOS="835" HPOS="999" CONTENT="vel"/>
                  <SP HEIGHT="52" WIDTH="13" VPOS="835" HPOS="1091"/>
                  <String HEIGHT="52" WIDTH="92" VPOS="835" HPOS="1051" CONTENT="per"/>
                  <SP HEIGHT="52" WIDTH="13" VPOS="835" HPOS="1143"/>
                  <String HEIGHT="52"
                          WIDTH="118"
                          VPOS="835"
                          HPOS="1104"
                          CONTENT="ipsum"/>
                  <SP HEIGHT="52" WIDTH="13" VPOS="835" HPOS="1222"/>
                  <String HEIGHT="52"
                          WIDTH="105"
                          VPOS="835"
                          HPOS="1169"
                          CONTENT="intel"/>
               </TextLine>
               <TextLine ID="r2l49"
                         BASELINE="911"
                         HEIGHT="41"
                         WIDTH="114"
                         VPOS="870"
                         HPOS="723">
                  <String HEIGHT="41"
                          WIDTH="147"
                          VPOS="870"
                          HPOS="690"
                          CONTENT="lectum."/>
               </TextLine>
               <TextLine ID="line_1600635652138_866"
                         BASELINE="953"
                         HEIGHT="61"
                         WIDTH="543"
                         VPOS="892"
                         HPOS="750">
                  <String HEIGHT="61"
                          WIDTH="146"
                          VPOS="892"
                          HPOS="737"
                          CONTENT="Secundo"/>
                  <SP HEIGHT="61" WIDTH="13" VPOS="892" HPOS="882"/>
                  <String HEIGHT="61"
                          WIDTH="146"
                          VPOS="892"
                          HPOS="843"
                          CONTENT="breuius"/>
                  <SP HEIGHT="61" WIDTH="13" VPOS="892" HPOS="988"/>
                  <String HEIGHT="61"
                          WIDTH="185"
                          VPOS="892"
                          HPOS="949"
                          CONTENT="respondeo,"/>
                  <SP HEIGHT="61" WIDTH="13" VPOS="892" HPOS="1134"/>
                  <String HEIGHT="61"
                          WIDTH="106"
                          VPOS="892"
                          HPOS="1094"
                          CONTENT="quod"/>
                  <SP HEIGHT="61" WIDTH="13" VPOS="892" HPOS="1200"/>
                  <String HEIGHT="61"
                          WIDTH="106"
                          VPOS="892"
                          HPOS="1161"
                          CONTENT="isti"/>
                  <SP HEIGHT="61" WIDTH="13" VPOS="892" HPOS="1267"/>
                  <String HEIGHT="61"
                          WIDTH="79"
                          VPOS="892"
                          HPOS="1214"
                          CONTENT="gra;"/>
               </TextLine>
               <TextLine ID="r2l53"
                         BASELINE="974"
                         HEIGHT="36"
                         WIDTH="560"
                         VPOS="938"
                         HPOS="721">
                  <String HEIGHT="36" WIDTH="91" VPOS="938" HPOS="708" CONTENT="dus"/>
                  <SP HEIGHT="36" WIDTH="13" VPOS="938" HPOS="799"/>
                  <String HEIGHT="36"
                          WIDTH="143"
                          VPOS="938"
                          HPOS="760"
                          CONTENT="quamuis"/>
                  <SP HEIGHT="36" WIDTH="13" VPOS="938" HPOS="903"/>
                  <String HEIGHT="36" WIDTH="91" VPOS="938" HPOS="864" CONTENT="non"/>
                  <SP HEIGHT="36" WIDTH="13" VPOS="938" HPOS="955"/>
                  <String HEIGHT="36"
                          WIDTH="104"
                          VPOS="938"
                          HPOS="916"
                          CONTENT="sint"/>
                  <SP HEIGHT="36" WIDTH="13" VPOS="938" HPOS="1021"/>
                  <String HEIGHT="36"
                          WIDTH="169"
                          VPOS="938"
                          HPOS="981"
                          CONTENT="distincti"/>
                  <SP HEIGHT="36" WIDTH="13" VPOS="938" HPOS="1151"/>
                  <String HEIGHT="36" WIDTH="78" VPOS="938" HPOS="1112" CONTENT="in"/>
                  <SP HEIGHT="36" WIDTH="13" VPOS="938" HPOS="1190"/>
                  <String HEIGHT="36"
                          WIDTH="104"
                          VPOS="938"
                          HPOS="1151"
                          CONTENT="vno,"/>
                  <SP HEIGHT="36" WIDTH="13" VPOS="938" HPOS="1255"/>
                  <String HEIGHT="36" WIDTH="65" VPOS="938" HPOS="1216" CONTENT="&amp;"/>
                  <SP HEIGHT="36" WIDTH="13" VPOS="938" HPOS="1281"/>
                  <String HEIGHT="36" WIDTH="52" VPOS="938" HPOS="1229" CONTENT="eo"/>
               </TextLine>
               <TextLine ID="r2l54"
                         BASELINE="1009"
                         HEIGHT="32"
                         WIDTH="559"
                         VPOS="977"
                         HPOS="718">
                  <String HEIGHT="32"
                          WIDTH="104"
                          VPOS="977"
                          HPOS="705"
                          CONTENT="dem,"/>
                  <SP HEIGHT="32" WIDTH="13" VPOS="977" HPOS="809"/>
                  <String HEIGHT="32"
                          WIDTH="221"
                          VPOS="977"
                          HPOS="770"
                          CONTENT="distinguuntur"/>
                  <SP HEIGHT="32" WIDTH="13" VPOS="977" HPOS="991"/>
                  <String HEIGHT="32"
                          WIDTH="117"
                          VPOS="977"
                          HPOS="952"
                          CONTENT="tamen"/>
                  <SP HEIGHT="32" WIDTH="13" VPOS="977" HPOS="1069"/>
                  <String HEIGHT="32"
                          WIDTH="156"
                          VPOS="977"
                          HPOS="1030"
                          CONTENT="realiter"/>
                  <SP HEIGHT="32" WIDTH="13" VPOS="977" HPOS="1186"/>
                  <String HEIGHT="32" WIDTH="78" VPOS="977" HPOS="1147" CONTENT="in"/>
                  <SP HEIGHT="32" WIDTH="13" VPOS="977" HPOS="1225"/>
                  <String HEIGHT="32"
                          WIDTH="104"
                          VPOS="977"
                          HPOS="1173"
                          CONTENT="diuer"
                          SUBS_TYPE="HypPart1"
                          SUBS_CONTENT="diuersis;"/>
                  <HYP CONTENT="-"/>
               </TextLine>
               <TextLine ID="r2l56"
                         BASELINE="1044"
                         HEIGHT="37"
                         WIDTH="551"
                         VPOS="1007"
                         HPOS="722">
                  <String HEIGHT="37"
                          WIDTH="103"
                          VPOS="1007"
                          HPOS="709"
                          CONTENT="sis;"
                          SUBS_TYPE="HypPart2"
                          SUBS_CONTENT="diuersis;"/>
                  <SP HEIGHT="37" WIDTH="13" VPOS="1007" HPOS="812"/>
                  <String HEIGHT="37" WIDTH="64" VPOS="1007" HPOS="773" CONTENT="&amp;"/>
                  <SP HEIGHT="37" WIDTH="13" VPOS="1007" HPOS="837"/>
                  <String HEIGHT="37" WIDTH="90" VPOS="1007" HPOS="799" CONTENT="hoc"/>
                  <SP HEIGHT="37" WIDTH="13" VPOS="1007" HPOS="889"/>
                  <String HEIGHT="37"
                          WIDTH="154"
                          VPOS="1007"
                          HPOS="850"
                          CONTENT="sufficit"/>
                  <SP HEIGHT="37" WIDTH="13" VPOS="1007" HPOS="1004"/>
                  <String HEIGHT="37"
                          WIDTH="128"
                          VPOS="1007"
                          HPOS="965"
                          CONTENT="saltem"/>
                  <SP HEIGHT="37" WIDTH="13" VPOS="1007" HPOS="1094"/>
                  <String HEIGHT="37" WIDTH="77" VPOS="1007" HPOS="1055" CONTENT="ad"/>
                  <SP HEIGHT="37" WIDTH="13" VPOS="1007" HPOS="1132"/>
                  <String HEIGHT="37"
                          WIDTH="167"
                          VPOS="1007"
                          HPOS="1094"
                          CONTENT="causandum"/>
                  <SP HEIGHT="37" WIDTH="13" VPOS="1007" HPOS="1260"/>
                  <String HEIGHT="37"
                          WIDTH="64"
                          VPOS="1007"
                          HPOS="1209"
                          CONTENT="di"
                          SUBS_TYPE="HypPart1"
                          SUBS_CONTENT="distinctos"/>
                  <HYP CONTENT="-"/>
               </TextLine>
               <TextLine ID="r2l58"
                         BASELINE="1081"
                         HEIGHT="44"
                         WIDTH="555"
                         VPOS="1037"
                         HPOS="720">
                  <String HEIGHT="44"
                          WIDTH="148"
                          VPOS="1037"
                          HPOS="708"
                          CONTENT="stinctos"
                          SUBS_TYPE="HypPart2"
                          SUBS_CONTENT="distinctos"/>
                  <SP HEIGHT="44" WIDTH="12" VPOS="1037" HPOS="856"/>
                  <String HEIGHT="44"
                          WIDTH="160"
                          VPOS="1037"
                          HPOS="819"
                          CONTENT="conceptus"/>
                  <SP HEIGHT="44" WIDTH="12" VPOS="1037" HPOS="979"/>
                  <String HEIGHT="44" WIDTH="74" VPOS="1037" HPOS="942" CONTENT="in"/>
                  <SP HEIGHT="44" WIDTH="12" VPOS="1037" HPOS="1016"/>
                  <String HEIGHT="44"
                          WIDTH="185"
                          VPOS="1037"
                          HPOS="979"
                          CONTENT="intellectu,"/>
                  <SP HEIGHT="44" WIDTH="12" VPOS="1037" HPOS="1164"/>
                  <String HEIGHT="44"
                          WIDTH="111"
                          VPOS="1037"
                          HPOS="1127"
                          CONTENT="prima"/>
                  <SP HEIGHT="44" WIDTH="12" VPOS="1037" HPOS="1238"/>
                  <String HEIGHT="44"
                          WIDTH="86"
                          VPOS="1037"
                          HPOS="1189"
                          CONTENT="tamen"/>
               </TextLine>
               <TextLine ID="r2l60"
                         BASELINE="1112"
                         HEIGHT="40"
                         WIDTH="545"
                         VPOS="1072"
                         HPOS="726">
                  <String HEIGHT="40"
                          WIDTH="173"
                          VPOS="1072"
                          HPOS="713"
                          CONTENT="responsio"/>
                  <SP HEIGHT="40" WIDTH="13" VPOS="1072" HPOS="886"/>
                  <String HEIGHT="40"
                          WIDTH="106"
                          VPOS="1072"
                          HPOS="846"
                          CONTENT="mihi"/>
                  <SP HEIGHT="40" WIDTH="13" VPOS="1072" HPOS="952"/>
                  <String HEIGHT="40"
                          WIDTH="146"
                          VPOS="1072"
                          HPOS="912"
                          CONTENT="videtur"/>
                  <SP HEIGHT="40" WIDTH="13" VPOS="1072" HPOS="1058"/>
                  <String HEIGHT="40"
                          WIDTH="146"
                          VPOS="1072"
                          HPOS="1018"
                          CONTENT="melior,"/>
                  <SP HEIGHT="40" WIDTH="13" VPOS="1072" HPOS="1165"/>
                  <String HEIGHT="40"
                          WIDTH="120"
                          VPOS="1072"
                          HPOS="1125"
                          CONTENT="patet"/>
                  <SP HEIGHT="40" WIDTH="13" VPOS="1072" HPOS="1244"/>
                  <String HEIGHT="40"
                          WIDTH="80"
                          VPOS="1072"
                          HPOS="1191"
                          CONTENT="ergo"/>
               </TextLine>
               <TextLine ID="r2l62"
                         BASELINE="1156"
                         HEIGHT="50"
                         WIDTH="561"
                         VPOS="1106"
                         HPOS="720">
                  <String HEIGHT="50" WIDTH="78" VPOS="1106" HPOS="707" CONTENT="ex"/>
                  <SP HEIGHT="50" WIDTH="13" VPOS="1106" HPOS="785"/>
                  <String HEIGHT="50"
                          WIDTH="104"
                          VPOS="1106"
                          HPOS="746"
                          CONTENT="his,"/>
                  <SP HEIGHT="50" WIDTH="13" VPOS="1106" HPOS="850"/>
                  <String HEIGHT="50"
                          WIDTH="104"
                          VPOS="1106"
                          HPOS="811"
                          CONTENT="quod"/>
                  <SP HEIGHT="50" WIDTH="13" VPOS="1106" HPOS="916"/>
                  <String HEIGHT="50"
                          WIDTH="104"
                          VPOS="1106"
                          HPOS="877"
                          CONTENT="tria"/>
                  <SP HEIGHT="50" WIDTH="13" VPOS="1106" HPOS="981"/>
                  <String HEIGHT="50"
                          WIDTH="183"
                          VPOS="1106"
                          HPOS="942"
                          CONTENT="concurrunt"/>
                  <SP HEIGHT="50" WIDTH="13" VPOS="1106" HPOS="1124"/>
                  <String HEIGHT="50" WIDTH="78" VPOS="1106" HPOS="1085" CONTENT="ad"/>
                  <SP HEIGHT="50" WIDTH="13" VPOS="1106" HPOS="1164"/>
                  <String HEIGHT="50"
                          WIDTH="157"
                          VPOS="1106"
                          HPOS="1124"
                          CONTENT="rationem"/>
                  <SP HEIGHT="50" WIDTH="13" VPOS="1106" HPOS="1281"/>
                  <String HEIGHT="50" WIDTH="52" VPOS="1106" HPOS="1229" CONTENT="ge"/>
               </TextLine>
               <TextLine ID="r2l64"
                         BASELINE="1199"
                         HEIGHT="56"
                         WIDTH="556"
                         VPOS="1143"
                         HPOS="723">
                  <String HEIGHT="56"
                          WIDTH="111"
                          VPOS="1143"
                          HPOS="711"
                          CONTENT="neris"/>
                  <SP HEIGHT="56" WIDTH="12" VPOS="1143" HPOS="822"/>
                  <String HEIGHT="56" WIDTH="62" VPOS="1143" HPOS="785" CONTENT="&amp;"/>
                  <SP HEIGHT="56" WIDTH="12" VPOS="1143" HPOS="847"/>
                  <String HEIGHT="56"
                          WIDTH="198"
                          VPOS="1143"
                          HPOS="809"
                          CONTENT="differentiae"/>
                  <SP HEIGHT="56" WIDTH="12" VPOS="1143" HPOS="1007"/>
                  <String HEIGHT="56" WIDTH="74" VPOS="1143" HPOS="970" CONTENT="se"/>
                  <SP HEIGHT="56" WIDTH="12" VPOS="1143" HPOS="1044"/>
                  <String HEIGHT="56"
                          WIDTH="148"
                          VPOS="1143"
                          HPOS="1007"
                          CONTENT="tenentia"/>
                  <SP HEIGHT="56" WIDTH="12" VPOS="1143" HPOS="1155"/>
                  <String HEIGHT="56" WIDTH="74" VPOS="1143" HPOS="1118" CONTENT="ex"/>
                  <SP HEIGHT="56" WIDTH="12" VPOS="1143" HPOS="1193"/>
                  <String HEIGHT="56"
                          WIDTH="111"
                          VPOS="1143"
                          HPOS="1155"
                          CONTENT="parte"/>
                  <SP HEIGHT="56" WIDTH="12" VPOS="1143" HPOS="1267"/>
                  <String HEIGHT="56"
                          WIDTH="62"
                          VPOS="1143"
                          HPOS="1217"
                          CONTENT="rei"/>
               </TextLine>
               <TextLine ID="r2l66"
                         BASELINE="1224"
                         HEIGHT="45"
                         WIDTH="308"
                         VPOS="1179"
                         HPOS="719">
                  <String HEIGHT="45"
                          WIDTH="176"
                          VPOS="1179"
                          HPOS="704"
                          CONTENT="antequam"/>
                  <SP HEIGHT="45" WIDTH="15" VPOS="1179" HPOS="880"/>
                  <String HEIGHT="45"
                          WIDTH="205"
                          VPOS="1179"
                          HPOS="822"
                          CONTENT="concipiatur."/>
               </TextLine>
               <TextLine ID="r2l68"
                         BASELINE="1260"
                         HEIGHT="58"
                         WIDTH="520"
                         VPOS="1202"
                         HPOS="750">
                  <String HEIGHT="58"
                          WIDTH="155"
                          VPOS="1202"
                          HPOS="736"
                          CONTENT="Secundo"/>
                  <SP HEIGHT="58" WIDTH="14" VPOS="1202" HPOS="891"/>
                  <String HEIGHT="58"
                          WIDTH="126"
                          VPOS="1202"
                          HPOS="848"
                          CONTENT="dico,"/>
                  <SP HEIGHT="58" WIDTH="14" VPOS="1202" HPOS="975"/>
                  <String HEIGHT="58"
                          WIDTH="112"
                          VPOS="1202"
                          HPOS="933"
                          CONTENT="quod"/>
                  <SP HEIGHT="58" WIDTH="14" VPOS="1202" HPOS="1045"/>
                  <String HEIGHT="58" WIDTH="84" VPOS="1202" HPOS="1003" CONTENT="ad"/>
                  <SP HEIGHT="58" WIDTH="14" VPOS="1202" HPOS="1087"/>
                  <String HEIGHT="58"
                          WIDTH="183"
                          VPOS="1202"
                          HPOS="1045"
                          CONTENT="completam"/>
                  <SP HEIGHT="58" WIDTH="14" VPOS="1202" HPOS="1228"/>
                  <String HEIGHT="58"
                          WIDTH="98"
                          VPOS="1202"
                          HPOS="1172"
                          CONTENT="ratio"/>
               </TextLine>
               <TextLine ID="r2l70"
                         BASELINE="1287"
                         HEIGHT="43"
                         WIDTH="548"
                         VPOS="1244"
                         HPOS="719">
                  <String HEIGHT="43" WIDTH="87" VPOS="1244" HPOS="707" CONTENT="nem"/>
                  <SP HEIGHT="43" WIDTH="12" VPOS="1244" HPOS="794"/>
                  <String HEIGHT="43"
                          WIDTH="137"
                          VPOS="1244"
                          HPOS="756"
                          CONTENT="generis"/>
                  <SP HEIGHT="43" WIDTH="12" VPOS="1244" HPOS="893"/>
                  <String HEIGHT="43" WIDTH="62" VPOS="1244" HPOS="856" CONTENT="&amp;"/>
                  <SP HEIGHT="43" WIDTH="12" VPOS="1244" HPOS="918"/>
                  <String HEIGHT="43"
                          WIDTH="199"
                          VPOS="1244"
                          HPOS="881"
                          CONTENT="differentiae"/>
                  <SP HEIGHT="43" WIDTH="12" VPOS="1244" HPOS="1080"/>
                  <String HEIGHT="43" WIDTH="75" VPOS="1244" HPOS="1043" CONTENT="ex"/>
                  <SP HEIGHT="43" WIDTH="12" VPOS="1244" HPOS="1118"/>
                  <String HEIGHT="43"
                          WIDTH="112"
                          VPOS="1244"
                          HPOS="1080"
                          CONTENT="parte"/>
                  <SP HEIGHT="43" WIDTH="12" VPOS="1244" HPOS="1192"/>
                  <String HEIGHT="43"
                          WIDTH="125"
                          VPOS="1244"
                          HPOS="1142"
                          CONTENT="intelle"
                          SUBS_TYPE="HypPart1"
                          SUBS_CONTENT="intellectus"/>
                  <HYP CONTENT="-"/>
               </TextLine>
               <TextLine ID="r2l74"
                         BASELINE="1318"
                         HEIGHT="38"
                         WIDTH="555"
                         VPOS="1280"
                         HPOS="724">
                  <String HEIGHT="38"
                          WIDTH="101"
                          VPOS="1280"
                          HPOS="711"
                          CONTENT="ctus"
                          SUBS_TYPE="HypPart2"
                          SUBS_CONTENT="intellectus"/>
                  <SP HEIGHT="38" WIDTH="13" VPOS="1280" HPOS="812"/>
                  <String HEIGHT="38"
                          WIDTH="202"
                          VPOS="1280"
                          HPOS="774"
                          CONTENT="concipientis"/>
                  <SP HEIGHT="38" WIDTH="13" VPOS="1280" HPOS="976"/>
                  <String HEIGHT="38"
                          WIDTH="177"
                          VPOS="1280"
                          HPOS="938"
                          CONTENT="concurrunt"/>
                  <SP HEIGHT="38" WIDTH="13" VPOS="1280" HPOS="1115"/>
                  <String HEIGHT="38"
                          WIDTH="126"
                          VPOS="1280"
                          HPOS="1077"
                          CONTENT="tantum"/>
                  <SP HEIGHT="38" WIDTH="13" VPOS="1280" HPOS="1203"/>
                  <String HEIGHT="38"
                          WIDTH="101"
                          VPOS="1280"
                          HPOS="1165"
                          CONTENT="duo,"/>
                  <SP HEIGHT="38" WIDTH="13" VPOS="1280" HPOS="1266"/>
                  <String HEIGHT="38"
                          WIDTH="63"
                          VPOS="1280"
                          HPOS="1216"
                          CONTENT="sci"/>
               </TextLine>
               <TextLine ID="r2l77"
                         BASELINE="1362"
                         HEIGHT="47"
                         WIDTH="530"
                         VPOS="1315"
                         HPOS="726">
                  <String HEIGHT="47"
                          WIDTH="119"
                          VPOS="1315"
                          HPOS="713"
                          CONTENT="licet"/>
                  <SP HEIGHT="47" WIDTH="13" VPOS="1315" HPOS="832"/>
                  <String HEIGHT="47"
                          WIDTH="172"
                          VPOS="1315"
                          HPOS="792"
                          CONTENT="conceptus"/>
                  <SP HEIGHT="47" WIDTH="13" VPOS="1315" HPOS="965"/>
                  <String HEIGHT="47"
                          WIDTH="172"
                          VPOS="1315"
                          HPOS="925"
                          CONTENT="confusus,"/>
                  <SP HEIGHT="47" WIDTH="13" VPOS="1315" HPOS="1097"/>
                  <String HEIGHT="47" WIDTH="66" VPOS="1315" HPOS="1057" CONTENT="&amp;"/>
                  <SP HEIGHT="47" WIDTH="13" VPOS="1315" HPOS="1124"/>
                  <String HEIGHT="47"
                          WIDTH="172"
                          VPOS="1315"
                          HPOS="1084"
                          CONTENT="conceptus"/>
                  <SP HEIGHT="47" WIDTH="13" VPOS="1315" HPOS="1256"/>
                  <String HEIGHT="47" WIDTH="53" VPOS="1315" HPOS="1203" CONTENT="de"/>
               </TextLine>
               <TextLine ID="r2l80"
                         BASELINE="1392"
                         HEIGHT="50"
                         WIDTH="552"
                         VPOS="1342"
                         HPOS="720">
                  <String HEIGHT="50"
                          WIDTH="202"
                          VPOS="1342"
                          HPOS="707"
                          CONTENT="terminatus;"/>
                  <SP HEIGHT="50" WIDTH="13" VPOS="1342" HPOS="908"/>
                  <String HEIGHT="50" WIDTH="94" VPOS="1342" HPOS="868" CONTENT="nam"/>
                  <SP HEIGHT="50" WIDTH="13" VPOS="1342" HPOS="962"/>
                  <String HEIGHT="50"
                          WIDTH="148"
                          VPOS="1342"
                          HPOS="922"
                          CONTENT="constat"/>
                  <SP HEIGHT="50" WIDTH="13" VPOS="1342" HPOS="1070"/>
                  <String HEIGHT="50"
                          WIDTH="108"
                          VPOS="1342"
                          HPOS="1030"
                          CONTENT="quod"/>
                  <SP HEIGHT="50" WIDTH="13" VPOS="1342" HPOS="1137"/>
                  <String HEIGHT="50"
                          WIDTH="148"
                          VPOS="1342"
                          HPOS="1097"
                          CONTENT="oportet"/>
                  <SP HEIGHT="50" WIDTH="13" VPOS="1342" HPOS="1245"/>
                  <String HEIGHT="50"
                          WIDTH="81"
                          VPOS="1342"
                          HPOS="1191"
                          CONTENT="pone"/>
               </TextLine>
               <TextLine ID="r2l83"
                         BASELINE="1421"
                         HEIGHT="40"
                         WIDTH="546"
                         VPOS="1381"
                         HPOS="723">
                  <String HEIGHT="40" WIDTH="82" VPOS="1381" HPOS="709" CONTENT="re"/>
                  <SP HEIGHT="40" WIDTH="14" VPOS="1381" HPOS="791"/>
                  <String HEIGHT="40"
                          WIDTH="232"
                          VPOS="1381"
                          HPOS="750"
                          CONTENT="comparationem"/>
                  <SP HEIGHT="40" WIDTH="14" VPOS="1381" HPOS="982"/>
                  <String HEIGHT="40"
                          WIDTH="123"
                          VPOS="1381"
                          HPOS="941"
                          CONTENT="inter"/>
                  <SP HEIGHT="40" WIDTH="14" VPOS="1381" HPOS="1064"/>
                  <String HEIGHT="40"
                          WIDTH="177"
                          VPOS="1381"
                          HPOS="1023"
                          CONTENT="obiectum,"/>
                  <SP HEIGHT="40" WIDTH="14" VPOS="1381" HPOS="1201"/>
                  <String HEIGHT="40" WIDTH="68" VPOS="1381" HPOS="1160" CONTENT="&amp;"/>
                  <SP HEIGHT="40" WIDTH="14" VPOS="1381" HPOS="1228"/>
                  <String HEIGHT="40"
                          WIDTH="96"
                          VPOS="1381"
                          HPOS="1173"
                          CONTENT="actu;"/>
               </TextLine>
               <TextLine ID="r2l86"
                         BASELINE="1464"
                         HEIGHT="50"
                         WIDTH="545"
                         VPOS="1414"
                         HPOS="727">
                  <String HEIGHT="50" WIDTH="71" VPOS="1414" HPOS="715" CONTENT="si"/>
                  <SP HEIGHT="50" WIDTH="12" VPOS="1414" HPOS="786"/>
                  <String HEIGHT="50"
                          WIDTH="95"
                          VPOS="1414"
                          HPOS="751"
                          CONTENT="ergo"/>
                  <SP HEIGHT="50" WIDTH="12" VPOS="1414" HPOS="845"/>
                  <String HEIGHT="50" WIDTH="71" VPOS="1414" HPOS="810" CONTENT="in"/>
                  <SP HEIGHT="50" WIDTH="12" VPOS="1414" HPOS="881"/>
                  <String HEIGHT="50" WIDTH="71" VPOS="1414" HPOS="845" CONTENT="re"/>
                  <SP HEIGHT="50" WIDTH="12" VPOS="1414" HPOS="917"/>
                  <String HEIGHT="50"
                          WIDTH="130"
                          VPOS="1414"
                          HPOS="881"
                          CONTENT="obiecta"/>
                  <SP HEIGHT="50" WIDTH="12" VPOS="1414" HPOS="1011"/>
                  <String HEIGHT="50" WIDTH="83" VPOS="1414" HPOS="976" CONTENT="est"/>
                  <SP HEIGHT="50" WIDTH="12" VPOS="1414" HPOS="1059"/>
                  <String HEIGHT="50"
                          WIDTH="130"
                          VPOS="1414"
                          HPOS="1023"
                          CONTENT="aliquis"/>
                  <SP HEIGHT="50" WIDTH="12" VPOS="1414" HPOS="1154"/>
                  <String HEIGHT="50"
                          WIDTH="118"
                          VPOS="1414"
                          HPOS="1118"
                          CONTENT="gradus"/>
                  <SP HEIGHT="50" WIDTH="12" VPOS="1414" HPOS="1236"/>
                  <String HEIGHT="50"
                          WIDTH="83"
                          VPOS="1414"
                          HPOS="1189"
                          CONTENT="confu"/>
               </TextLine>
               <TextLine ID="r2l88"
                         BASELINE="1500"
                         HEIGHT="50"
                         WIDTH="546"
                         VPOS="1450"
                         HPOS="724">
                  <String HEIGHT="50"
                          WIDTH="91"
                          VPOS="1450"
                          HPOS="713"
                          CONTENT="sus,"/>
                  <SP HEIGHT="50" WIDTH="11" VPOS="1450" HPOS="804"/>
                  <String HEIGHT="50" WIDTH="57" VPOS="1450" HPOS="770" CONTENT="&amp;"/>
                  <SP HEIGHT="50" WIDTH="11" VPOS="1450" HPOS="826"/>
                  <String HEIGHT="50"
                          WIDTH="182"
                          VPOS="1450"
                          HPOS="792"
                          CONTENT="indistinctus"/>
                  <SP HEIGHT="50" WIDTH="11" VPOS="1450" HPOS="974"/>
                  <String HEIGHT="50" WIDTH="80" VPOS="1450" HPOS="940" CONTENT="per"/>
                  <SP HEIGHT="50" WIDTH="11" VPOS="1450" HPOS="1020"/>
                  <String HEIGHT="50" WIDTH="68" VPOS="1450" HPOS="986" CONTENT="se"/>
                  <SP HEIGHT="50" WIDTH="11" VPOS="1450" HPOS="1054"/>
                  <String HEIGHT="50"
                          WIDTH="205"
                          VPOS="1450"
                          HPOS="1020"
                          CONTENT="conceptibilis,"/>
                  <SP HEIGHT="50" WIDTH="11" VPOS="1450" HPOS="1225"/>
                  <String HEIGHT="50" WIDTH="68" VPOS="1450" HPOS="1190" CONTENT="vt"/>
                  <SP HEIGHT="50" WIDTH="11" VPOS="1450" HPOS="1259"/>
                  <String HEIGHT="50"
                          WIDTH="57"
                          VPOS="1450"
                          HPOS="1213"
                          CONTENT="di"
                          SUBS_TYPE="HypPart1"
                          SUBS_CONTENT="dictum"/>
                  <HYP CONTENT="-"/>
               </TextLine>
               <TextLine ID="r2l90"
                         BASELINE="1532"
                         HEIGHT="49"
                         WIDTH="549"
                         VPOS="1483"
                         HPOS="722">
                  <String HEIGHT="49"
                          WIDTH="105"
                          VPOS="1483"
                          HPOS="709"
                          CONTENT="ctum"
                          SUBS_TYPE="HypPart2"
                          SUBS_CONTENT="dictum"/>
                  <SP HEIGHT="49" WIDTH="13" VPOS="1483" HPOS="814"/>
                  <String HEIGHT="49"
                          WIDTH="118"
                          VPOS="1483"
                          HPOS="774"
                          CONTENT="fuit,"/>
                  <SP HEIGHT="49" WIDTH="13" VPOS="1483" HPOS="892"/>
                  <String HEIGHT="49"
                          WIDTH="196"
                          VPOS="1483"
                          HPOS="853"
                          CONTENT="necessarium"/>
                  <SP HEIGHT="49" WIDTH="13" VPOS="1483" HPOS="1049"/>
                  <String HEIGHT="49"
                          WIDTH="105"
                          VPOS="1483"
                          HPOS="1010"
                          CONTENT="est,"/>
                  <SP HEIGHT="49" WIDTH="13" VPOS="1483" HPOS="1114"/>
                  <String HEIGHT="49"
                          WIDTH="105"
                          VPOS="1483"
                          HPOS="1075"
                          CONTENT="quod"/>
                  <SP HEIGHT="49" WIDTH="13" VPOS="1483" HPOS="1180"/>
                  <String HEIGHT="49"
                          WIDTH="144"
                          VPOS="1483"
                          HPOS="1127"
                          CONTENT="conceptus"/>
               </TextLine>
               <TextLine ID="r2l92"
                         BASELINE="1558"
                         HEIGHT="41"
                         WIDTH="542"
                         VPOS="1517"
                         HPOS="727">
                  <String HEIGHT="41"
                          WIDTH="92"
                          VPOS="1517"
                          HPOS="715"
                          CONTENT="illi"/>
                  <SP HEIGHT="41" WIDTH="12" VPOS="1517" HPOS="808"/>
                  <String HEIGHT="41"
                          WIDTH="196"
                          VPOS="1517"
                          HPOS="773"
                          CONTENT="correspondens"/>
                  <SP HEIGHT="41" WIDTH="12" VPOS="1517" HPOS="969"/>
                  <String HEIGHT="41" WIDTH="69" VPOS="1517" HPOS="935" CONTENT="ex"/>
                  <SP HEIGHT="41" WIDTH="12" VPOS="1517" HPOS="1004"/>
                  <String HEIGHT="41"
                          WIDTH="104"
                          VPOS="1517"
                          HPOS="969"
                          CONTENT="parte"/>
                  <SP HEIGHT="41" WIDTH="12" VPOS="1517" HPOS="1073"/>
                  <String HEIGHT="41"
                          WIDTH="185"
                          VPOS="1517"
                          HPOS="1038"
                          CONTENT="intellectus,"/>
                  <SP HEIGHT="41" WIDTH="12" VPOS="1517" HPOS="1223"/>
                  <String HEIGHT="41"
                          WIDTH="81"
                          VPOS="1517"
                          HPOS="1188"
                          CONTENT="sit"/>
                  <SP HEIGHT="41" WIDTH="12" VPOS="1517" HPOS="1269"/>
                  <String HEIGHT="41" WIDTH="46" VPOS="1517" HPOS="1223" CONTENT="et"/>
               </TextLine>
               <TextLine ID="r2l94"
                         BASELINE="1597"
                         HEIGHT="43"
                         WIDTH="544"
                         VPOS="1554"
                         HPOS="726">
                  <String HEIGHT="43"
                          WIDTH="172"
                          VPOS="1554"
                          HPOS="713"
                          CONTENT="confusus,"/>
                  <SP HEIGHT="43" WIDTH="13" VPOS="1554" HPOS="885"/>
                  <String HEIGHT="43" WIDTH="66" VPOS="1554" HPOS="845" CONTENT="&amp;"/>
                  <SP HEIGHT="43" WIDTH="13" VPOS="1554" HPOS="912"/>
                  <String HEIGHT="43"
                          WIDTH="106"
                          VPOS="1554"
                          HPOS="872"
                          CONTENT="hinc"/>
                  <SP HEIGHT="43" WIDTH="13" VPOS="1554" HPOS="978"/>
                  <String HEIGHT="43" WIDTH="93" VPOS="1554" HPOS="938" CONTENT="est"/>
                  <SP HEIGHT="43" WIDTH="13" VPOS="1554" HPOS="1031"/>
                  <String HEIGHT="43"
                          WIDTH="106"
                          VPOS="1554"
                          HPOS="991"
                          CONTENT="quod"/>
                  <SP HEIGHT="43" WIDTH="13" VPOS="1554" HPOS="1098"/>
                  <String HEIGHT="43"
                          WIDTH="199"
                          VPOS="1554"
                          HPOS="1058"
                          CONTENT="intellectus"/>
                  <SP HEIGHT="43" WIDTH="13" VPOS="1554" HPOS="1257"/>
                  <String HEIGHT="43"
                          WIDTH="66"
                          VPOS="1554"
                          HPOS="1204"
                          CONTENT="per"/>
               </TextLine>
               <TextLine ID="r2l96"
                         BASELINE="1624"
                         HEIGHT="39"
                         WIDTH="536"
                         VPOS="1585"
                         HPOS="731">
                  <String HEIGHT="39"
                          WIDTH="121"
                          VPOS="1585"
                          HPOS="718"
                          CONTENT="talem"/>
                  <SP HEIGHT="39" WIDTH="13" VPOS="1585" HPOS="838"/>
                  <String HEIGHT="39"
                          WIDTH="174"
                          VPOS="1585"
                          HPOS="798"
                          CONTENT="conceptum"/>
                  <SP HEIGHT="39" WIDTH="13" VPOS="1585" HPOS="972"/>
                  <String HEIGHT="39" WIDTH="80" VPOS="1585" HPOS="932" CONTENT="se"/>
                  <SP HEIGHT="39" WIDTH="13" VPOS="1585" HPOS="1012"/>
                  <String HEIGHT="39"
                          WIDTH="161"
                          VPOS="1585"
                          HPOS="972"
                          CONTENT="extendit"/>
                  <SP HEIGHT="39" WIDTH="13" VPOS="1585" HPOS="1133"/>
                  <String HEIGHT="39" WIDTH="80" VPOS="1585" HPOS="1093" CONTENT="ad"/>
                  <SP HEIGHT="39" WIDTH="13" VPOS="1585" HPOS="1173"/>
                  <String HEIGHT="39"
                          WIDTH="121"
                          VPOS="1585"
                          HPOS="1133"
                          CONTENT="ipsum"/>
                  <SP HEIGHT="39" WIDTH="13" VPOS="1585" HPOS="1254"/>
                  <String HEIGHT="39"
                          WIDTH="67"
                          VPOS="1585"
                          HPOS="1200"
                          CONTENT="mo"
                          SUBS_TYPE="HypPart1"
                          SUBS_CONTENT="modo"/>
                  <HYP CONTENT="-"/>
               </TextLine>
               <TextLine ID="r2l98"
                         BASELINE="1669"
                         HEIGHT="45"
                         WIDTH="546"
                         VPOS="1624"
                         HPOS="724">
                  <String HEIGHT="45"
                          WIDTH="80"
                          VPOS="1624"
                          HPOS="711"
                          CONTENT="do"
                          SUBS_TYPE="HypPart2"
                          SUBS_CONTENT="modo"/>
                  <SP HEIGHT="45" WIDTH="13" VPOS="1624" HPOS="791"/>
                  <String HEIGHT="45"
                          WIDTH="213"
                          VPOS="1624"
                          HPOS="751"
                          CONTENT="indistincto,"/>
                  <SP HEIGHT="45" WIDTH="13" VPOS="1624" HPOS="964"/>
                  <String HEIGHT="45" WIDTH="67" VPOS="1624" HPOS="924" CONTENT="&amp;"/>
                  <SP HEIGHT="45" WIDTH="13" VPOS="1624" HPOS="990"/>
                  <String HEIGHT="45"
                          WIDTH="107"
                          VPOS="1624"
                          HPOS="950"
                          CONTENT="quod"/>
                  <SP HEIGHT="45" WIDTH="13" VPOS="1624" HPOS="1057"/>
                  <String HEIGHT="45"
                          WIDTH="186"
                          VPOS="1624"
                          HPOS="1017"
                          CONTENT="concipiens"/>
                  <SP HEIGHT="45" WIDTH="13" VPOS="1624" HPOS="1203"/>
                  <String HEIGHT="45"
                          WIDTH="120"
                          VPOS="1624"
                          HPOS="1150"
                          CONTENT="aliquid"/>
               </TextLine>
               <TextLine ID="r2l100"
                         BASELINE="1699"
                         HEIGHT="42"
                         WIDTH="538"
                         VPOS="1657"
                         HPOS="730">
                  <String HEIGHT="42" WIDTH="75" VPOS="1657" HPOS="717" CONTENT="in"/>
                  <SP HEIGHT="42" WIDTH="13" VPOS="1657" HPOS="793"/>
                  <String HEIGHT="42"
                          WIDTH="175"
                          VPOS="1657"
                          HPOS="755"
                          CONTENT="vniuersali"/>
                  <SP HEIGHT="42" WIDTH="13" VPOS="1657" HPOS="930"/>
                  <String HEIGHT="42"
                          WIDTH="163"
                          VPOS="1657"
                          HPOS="893"
                          CONTENT="cognoscit"/>
                  <SP HEIGHT="42" WIDTH="13" VPOS="1657" HPOS="1055"/>
                  <String HEIGHT="42"
                          WIDTH="113"
                          VPOS="1657"
                          HPOS="1018"
                          CONTENT="illud"/>
                  <SP HEIGHT="42" WIDTH="13" VPOS="1657" HPOS="1130"/>
                  <String HEIGHT="42"
                          WIDTH="188"
                          VPOS="1657"
                          HPOS="1093"
                          CONTENT="imperfecte,"/>
                  <SP HEIGHT="42" WIDTH="13" VPOS="1657" HPOS="1281"/>
                  <String HEIGHT="42" WIDTH="38" VPOS="1657" HPOS="1230" CONTENT="&amp;"/>
               </TextLine>
               <TextLine ID="r2l102"
                         BASELINE="1725"
                         HEIGHT="36"
                         WIDTH="557"
                         VPOS="1689"
                         HPOS="719">
                  <String HEIGHT="36"
                          WIDTH="155"
                          VPOS="1689"
                          HPOS="706"
                          CONTENT="secundum"/>
                  <SP HEIGHT="36" WIDTH="13" VPOS="1689" HPOS="861"/>
                  <String HEIGHT="36"
                          WIDTH="181"
                          VPOS="1689"
                          HPOS="823"
                          CONTENT="potentiam,"/>
                  <SP HEIGHT="36" WIDTH="13" VPOS="1689" HPOS="1004"/>
                  <String HEIGHT="36"
                          WIDTH="104"
                          VPOS="1689"
                          HPOS="965"
                          CONTENT="vnde"/>
                  <SP HEIGHT="36" WIDTH="13" VPOS="1689" HPOS="1069"/>
                  <String HEIGHT="36"
                          WIDTH="117"
                          VPOS="1689"
                          HPOS="1030"
                          CONTENT="sicut"/>
                  <SP HEIGHT="36" WIDTH="13" VPOS="1689" HPOS="1146"/>
                  <String HEIGHT="36"
                          WIDTH="117"
                          VPOS="1689"
                          HPOS="1108"
                          CONTENT="dicit"/>
                  <SP HEIGHT="36" WIDTH="13" VPOS="1689" HPOS="1224"/>
                  <String HEIGHT="36"
                          WIDTH="104"
                          VPOS="1689"
                          HPOS="1172"
                          CONTENT="Arist."/>
               </TextLine>
               <TextLine ID="r2l104"
                         BASELINE="1773"
                         HEIGHT="47"
                         WIDTH="550"
                         VPOS="1726"
                         HPOS="728">
                  <String HEIGHT="47" WIDTH="75" VPOS="1726" HPOS="716" CONTENT="1."/>
                  <SP HEIGHT="47" WIDTH="13" VPOS="1726" HPOS="791"/>
                  <String HEIGHT="47"
                          WIDTH="200"
                          VPOS="1726"
                          HPOS="753"
                          CONTENT="posteriorum,"/>
                  <SP HEIGHT="47" WIDTH="13" VPOS="1726" HPOS="953"/>
                  <String HEIGHT="47"
                          WIDTH="100"
                          VPOS="1726"
                          HPOS="916"
                          CONTENT="quod"/>
                  <SP HEIGHT="47" WIDTH="13" VPOS="1726" HPOS="1016"/>
                  <String HEIGHT="47"
                          WIDTH="200"
                          VPOS="1726"
                          HPOS="978"
                          CONTENT="demonstratio"/>
                  <SP HEIGHT="47" WIDTH="13" VPOS="1726" HPOS="1178"/>
                  <String HEIGHT="47"
                          WIDTH="88"
                          VPOS="1726"
                          HPOS="1141"
                          CONTENT="non"/>
                  <SP HEIGHT="47" WIDTH="13" VPOS="1726" HPOS="1228"/>
                  <String HEIGHT="47"
                          WIDTH="100"
                          VPOS="1726"
                          HPOS="1178"
                          CONTENT="potest"/>
               </TextLine>
               <TextLine ID="r2l106"
                         BASELINE="1804"
                         HEIGHT="48"
                         WIDTH="551"
                         VPOS="1756"
                         HPOS="729">
                  <String HEIGHT="48"
                          WIDTH="100"
                          VPOS="1756"
                          HPOS="716"
                          CONTENT="esse"/>
                  <SP HEIGHT="48" WIDTH="13" VPOS="1756" HPOS="817"/>
                  <String HEIGHT="48" WIDTH="75" VPOS="1756" HPOS="779" CONTENT="ex"/>
                  <SP HEIGHT="48" WIDTH="13" VPOS="1756" HPOS="854"/>
                  <String HEIGHT="48"
                          WIDTH="188"
                          VPOS="1756"
                          HPOS="817"
                          CONTENT="communibus,"/>
                  <SP HEIGHT="48" WIDTH="13" VPOS="1756" HPOS="1005"/>
                  <String HEIGHT="48" WIDTH="88" VPOS="1756" HPOS="967" CONTENT="ita"/>
                  <SP HEIGHT="48" WIDTH="13" VPOS="1756" HPOS="1055"/>
                  <String HEIGHT="48"
                          WIDTH="163"
                          VPOS="1756"
                          HPOS="1017"
                          CONTENT="conceptus"/>
                  <SP HEIGHT="48" WIDTH="13" VPOS="1756" HPOS="1180"/>
                  <String HEIGHT="48"
                          WIDTH="100"
                          VPOS="1756"
                          HPOS="1142"
                          CONTENT="iste"/>
                  <SP HEIGHT="48" WIDTH="13" VPOS="1756" HPOS="1242"/>
                  <String HEIGHT="48"
                          WIDTH="88"
                          VPOS="1756"
                          HPOS="1192"
                          CONTENT="respo"/>
               </TextLine>
               <TextLine ID="r2l108"
                         BASELINE="1830"
                         HEIGHT="39"
                         WIDTH="556"
                         VPOS="1791"
                         HPOS="721">
                  <String HEIGHT="39" WIDTH="95" VPOS="1791" HPOS="707" CONTENT="des"/>
                  <SP HEIGHT="39" WIDTH="14" VPOS="1791" HPOS="802"/>
                  <String HEIGHT="39"
                          WIDTH="136"
                          VPOS="1791"
                          HPOS="762"
                          CONTENT="gradui"/>
                  <SP HEIGHT="39" WIDTH="14" VPOS="1791" HPOS="897"/>
                  <String HEIGHT="39"
                          WIDTH="163"
                          VPOS="1791"
                          HPOS="857"
                          CONTENT="confuso,"/>
                  <SP HEIGHT="39" WIDTH="14" VPOS="1791" HPOS="1019"/>
                  <String HEIGHT="39" WIDTH="95" VPOS="1791" HPOS="979" CONTENT="cum"/>
                  <SP HEIGHT="39" WIDTH="14" VPOS="1791" HPOS="1074"/>
                  <String HEIGHT="39"
                          WIDTH="95"
                          VPOS="1791"
                          HPOS="1033"
                          CONTENT="sit"/>
                  <SP HEIGHT="39" WIDTH="14" VPOS="1791" HPOS="1128"/>
                  <String HEIGHT="39"
                          WIDTH="176"
                          VPOS="1791"
                          HPOS="1087"
                          CONTENT="confusus,"/>
                  <SP HEIGHT="39" WIDTH="14" VPOS="1791" HPOS="1263"/>
                  <String HEIGHT="39"
                          WIDTH="68"
                          VPOS="1791"
                          HPOS="1209"
                          CONTENT="non"/>
               </TextLine>
               <TextLine ID="r2l110"
                         BASELINE="1871"
                         HEIGHT="42"
                         WIDTH="542"
                         VPOS="1829"
                         HPOS="727">
                  <String HEIGHT="42"
                          WIDTH="181"
                          VPOS="1829"
                          HPOS="714"
                          CONTENT="agenerabit"/>
                  <SP HEIGHT="42" WIDTH="13" VPOS="1829" HPOS="895"/>
                  <String HEIGHT="42"
                          WIDTH="181"
                          VPOS="1829"
                          HPOS="856"
                          CONTENT="distinctam"/>
                  <SP HEIGHT="42" WIDTH="13" VPOS="1829" HPOS="1037"/>
                  <String HEIGHT="42"
                          WIDTH="206"
                          VPOS="1829"
                          HPOS="998"
                          CONTENT="coonitionem,"/>
                  <SP HEIGHT="42" WIDTH="13" VPOS="1829" HPOS="1204"/>
                  <String HEIGHT="42"
                          WIDTH="116"
                          VPOS="1829"
                          HPOS="1153"
                          CONTENT="oporte"
                          SUBS_TYPE="HypPart1"
                          SUBS_CONTENT="oportebit"/>
                  <HYP CONTENT="-"/>
               </TextLine>
               <TextLine ID="r2l112"
                         BASELINE="1899"
                         HEIGHT="39"
                         WIDTH="548"
                         VPOS="1860"
                         HPOS="727">
                  <String HEIGHT="39"
                          WIDTH="91"
                          VPOS="1860"
                          HPOS="714"
                          CONTENT="bit"
                          SUBS_TYPE="HypPart2"
                          SUBS_CONTENT="oportebit"/>
                  <SP HEIGHT="39" WIDTH="13" VPOS="1860" HPOS="805"/>
                  <String HEIGHT="39"
                          WIDTH="104"
                          VPOS="1860"
                          HPOS="766"
                          CONTENT="ergo"/>
                  <SP HEIGHT="39" WIDTH="13" VPOS="1860" HPOS="871"/>
                  <String HEIGHT="39" WIDTH="78" VPOS="1860" HPOS="831" CONTENT="ex"/>
                  <SP HEIGHT="39" WIDTH="13" VPOS="1860" HPOS="910"/>
                  <String HEIGHT="39"
                          WIDTH="117"
                          VPOS="1860"
                          HPOS="871"
                          CONTENT="parte"/>
                  <SP HEIGHT="39" WIDTH="13" VPOS="1860" HPOS="988"/>
                  <String HEIGHT="39"
                          WIDTH="196"
                          VPOS="1860"
                          HPOS="949"
                          CONTENT="intellectus"/>
                  <SP HEIGHT="39" WIDTH="13" VPOS="1860" HPOS="1145"/>
                  <String HEIGHT="39"
                          WIDTH="130"
                          VPOS="1860"
                          HPOS="1105"
                          CONTENT="ponere"/>
                  <SP HEIGHT="39" WIDTH="13" VPOS="1860" HPOS="1236"/>
                  <String HEIGHT="39"
                          WIDTH="91"
                          VPOS="1860"
                          HPOS="1184"
                          CONTENT="alium"/>
               </TextLine>
               <TextLine ID="r2l114"
                         BASELINE="1940"
                         HEIGHT="45"
                         WIDTH="550"
                         VPOS="1895"
                         HPOS="723">
                  <String HEIGHT="45"
                          WIDTH="193"
                          VPOS="1895"
                          HPOS="708"
                          CONTENT="conceptum"/>
                  <SP HEIGHT="45" WIDTH="15" VPOS="1895" HPOS="901"/>
                  <String HEIGHT="45"
                          WIDTH="223"
                          VPOS="1895"
                          HPOS="857"
                          CONTENT="distinctum,"/>
                  <SP HEIGHT="45" WIDTH="15" VPOS="1895" HPOS="1080"/>
                  <String HEIGHT="45" WIDTH="74" VPOS="1895" HPOS="1035" CONTENT="&amp;"/>
                  <SP HEIGHT="45" WIDTH="15" VPOS="1895" HPOS="1109"/>
                  <String HEIGHT="45"
                          WIDTH="223"
                          VPOS="1895"
                          HPOS="1050"
                          CONTENT="determinatum,"/>
               </TextLine>
               <TextLine ID="r2l116"
                         BASELINE="1974"
                         HEIGHT="40"
                         WIDTH="542"
                         VPOS="1934"
                         HPOS="732">
                  <String HEIGHT="40"
                          WIDTH="111"
                          VPOS="1934"
                          HPOS="718"
                          CONTENT="qui,"/>
                  <SP HEIGHT="40" WIDTH="14" VPOS="1934" HPOS="829"/>
                  <String HEIGHT="40" WIDTH="97" VPOS="1934" HPOS="788" CONTENT="cum"/>
                  <SP HEIGHT="40" WIDTH="14" VPOS="1934" HPOS="885"/>
                  <String HEIGHT="40"
                          WIDTH="195"
                          VPOS="1934"
                          HPOS="843"
                          CONTENT="respondeat"/>
                  <SP HEIGHT="40" WIDTH="14" VPOS="1934" HPOS="1038"/>
                  <String HEIGHT="40"
                          WIDTH="139"
                          VPOS="1934"
                          HPOS="996"
                          CONTENT="gradui"/>
                  <SP HEIGHT="40" WIDTH="14" VPOS="1934" HPOS="1135"/>
                  <String HEIGHT="40"
                          WIDTH="195"
                          VPOS="1934"
                          HPOS="1079"
                          CONTENT="determinato,"/>
               </TextLine>
               <TextLine ID="r2l118"
                         BASELINE="2009"
                         HEIGHT="47"
                         WIDTH="554"
                         VPOS="1962"
                         HPOS="724">
                  <String HEIGHT="47"
                          WIDTH="166"
                          VPOS="1962"
                          HPOS="710"
                          CONTENT="ageneret"/>
                  <SP HEIGHT="47" WIDTH="14" VPOS="1962" HPOS="876"/>
                  <String HEIGHT="47"
                          WIDTH="208"
                          VPOS="1962"
                          HPOS="835"
                          CONTENT="cognitionem"/>
                  <SP HEIGHT="47" WIDTH="14" VPOS="1962" HPOS="1043"/>
                  <String HEIGHT="47"
                          WIDTH="235"
                          VPOS="1962"
                          HPOS="1001"
                          CONTENT="determinatam,"/>
                  <SP HEIGHT="47" WIDTH="14" VPOS="1962" HPOS="1236"/>
                  <String HEIGHT="47" WIDTH="69" VPOS="1962" HPOS="1195" CONTENT="&amp;"/>
                  <SP HEIGHT="47" WIDTH="14" VPOS="1962" HPOS="1264"/>
                  <String HEIGHT="47"
                          WIDTH="69"
                          VPOS="1962"
                          HPOS="1209"
                          CONTENT="sic"/>
               </TextLine>
               <TextLine ID="r2l120"
                         BASELINE="2042"
                         HEIGHT="44"
                         WIDTH="546"
                         VPOS="1998"
                         HPOS="730">
                  <String HEIGHT="44"
                          WIDTH="130"
                          VPOS="1998"
                          HPOS="717"
                          CONTENT="patent"/>
                  <SP HEIGHT="44" WIDTH="13" VPOS="1998" HPOS="847"/>
                  <String HEIGHT="44"
                          WIDTH="104"
                          VPOS="1998"
                          HPOS="808"
                          CONTENT="illa"/>
                  <SP HEIGHT="44" WIDTH="13" VPOS="1998" HPOS="912"/>
                  <String HEIGHT="44"
                          WIDTH="104"
                          VPOS="1998"
                          HPOS="873"
                          CONTENT="duo,"/>
                  <SP HEIGHT="44" WIDTH="13" VPOS="1998" HPOS="977"/>
                  <String HEIGHT="44"
                          WIDTH="104"
                          VPOS="1998"
                          HPOS="938"
                          CONTENT="quae"/>
                  <SP HEIGHT="44" WIDTH="13" VPOS="1998" HPOS="1042"/>
                  <String HEIGHT="44"
                          WIDTH="169"
                          VPOS="1998"
                          HPOS="1003"
                          CONTENT="ponebatur"/>
                  <SP HEIGHT="44" WIDTH="13" VPOS="1998" HPOS="1172"/>
                  <String HEIGHT="44"
                          WIDTH="156"
                          VPOS="1998"
                          HPOS="1120"
                          CONTENT="concurrere"/>
               </TextLine>
               <TextLine ID="r2l122"
                         BASELINE="2086"
                         HEIGHT="55"
                         WIDTH="550"
                         VPOS="2031"
                         HPOS="731">
                  <String HEIGHT="55" WIDTH="75" VPOS="2031" HPOS="719" CONTENT="ad"/>
                  <SP HEIGHT="55" WIDTH="13" VPOS="2031" HPOS="794"/>
                  <String HEIGHT="55"
                          WIDTH="150"
                          VPOS="2031"
                          HPOS="756"
                          CONTENT="rationem"/>
                  <SP HEIGHT="55" WIDTH="13" VPOS="2031" HPOS="906"/>
                  <String HEIGHT="55"
                          WIDTH="150"
                          VPOS="2031"
                          HPOS="869"
                          CONTENT="generis,"/>
                  <SP HEIGHT="55" WIDTH="13" VPOS="2031" HPOS="1019"/>
                  <String HEIGHT="55" WIDTH="63" VPOS="2031" HPOS="981" CONTENT="&amp;"/>
                  <SP HEIGHT="55" WIDTH="13" VPOS="2031" HPOS="1044"/>
                  <String HEIGHT="55"
                          WIDTH="200"
                          VPOS="2031"
                          HPOS="1006"
                          CONTENT="differentiae"/>
                  <SP HEIGHT="55" WIDTH="13" VPOS="2031" HPOS="1206"/>
                  <String HEIGHT="55" WIDTH="75" VPOS="2031" HPOS="1169" CONTENT="ex"/>
                  <SP HEIGHT="55" WIDTH="13" VPOS="2031" HPOS="1244"/>
                  <String HEIGHT="55"
                          WIDTH="88"
                          VPOS="2031"
                          HPOS="1194"
                          CONTENT="parte"/>
               </TextLine>
               <TextLine ID="r2l124"
                         BASELINE="2110"
                         HEIGHT="46"
                         WIDTH="308"
                         VPOS="2064"
                         HPOS="728">
                  <String HEIGHT="46"
                          WIDTH="185"
                          VPOS="2064"
                          HPOS="716"
                          CONTENT="intellectus"/>
                  <SP HEIGHT="46" WIDTH="12" VPOS="2064" HPOS="900"/>
                  <String HEIGHT="46"
                          WIDTH="185"
                          VPOS="2064"
                          HPOS="851"
                          CONTENT="concipientis."/>
               </TextLine>
               <TextLine ID="r2l126"
                         BASELINE="2156"
                         HEIGHT="70"
                         WIDTH="509"
                         VPOS="2086"
                         HPOS="769">
                  <String HEIGHT="70"
                          WIDTH="131"
                          VPOS="2086"
                          HPOS="756"
                          CONTENT="Tertio"/>
                  <SP HEIGHT="70" WIDTH="13" VPOS="2086" HPOS="886"/>
                  <String HEIGHT="70"
                          WIDTH="183"
                          VPOS="2086"
                          HPOS="847"
                          CONTENT="concurrunt"/>
                  <SP HEIGHT="70" WIDTH="13" VPOS="2086" HPOS="1030"/>
                  <String HEIGHT="70"
                          WIDTH="104"
                          VPOS="2086"
                          HPOS="991"
                          CONTENT="alia"/>
                  <SP HEIGHT="70" WIDTH="13" VPOS="2086" HPOS="1095"/>
                  <String HEIGHT="70"
                          WIDTH="91"
                          VPOS="2086"
                          HPOS="1056"
                          CONTENT="duo"/>
                  <SP HEIGHT="70" WIDTH="13" VPOS="2086" HPOS="1147"/>
                  <String HEIGHT="70" WIDTH="78" VPOS="2086" HPOS="1108" CONTENT="ex"/>
                  <SP HEIGHT="70" WIDTH="13" VPOS="2086" HPOS="1187"/>
                  <String HEIGHT="70"
                          WIDTH="117"
                          VPOS="2086"
                          HPOS="1147"
                          CONTENT="parte"/>
                  <SP HEIGHT="70" WIDTH="13" VPOS="2086" HPOS="1265"/>
                  <String HEIGHT="70"
                          WIDTH="65"
                          VPOS="2086"
                          HPOS="1213"
                          CONTENT="rel"/>
               </TextLine>
            </TextBlock>
         </PrintSpace>
      </Page>
   </Layout>
</alto>
