1500 2392
139 175 77 48 Ex
178 175 128 48 quibus
268 175 154 48 apparet,
383 175 103 48 quod
447 175 180 48 distinctio
576 175 116 48 illorum

101 205 166 57 graduum,
225 205 69 57 &
253 205 124 57 eorum
336 205 180 57 composito
474 205 97 57 non
529 205 97 57 est
585 205 110 57 nisi
640 205 55 57 in

100 242 77 46 re
139 242 77 46 vt
177 242 193 46 intellecta,
331 242 64 46 &
357 242 116 46 quod,
434 242 116 46 talis
511 242 167 46 composito
627 242 64 46 non

102 280 92 46 est
154 280 145 46 ponenda
260 280 79 46 in
299 280 184 46 intellectu
443 280 197 46 formaliter;
601 280 92 46 nec
640 280 53 46 in

103 311 83 56 re
145 311 167 56 antequam
270 311 236 56 intelligatur,
464 311 83 56 vt
506 311 167 56 dicebant
617 311 69 56 su-

106 347 167 53 periores
231 347 195 53 opiniones,
385 347 97 53 sed
440 347 97 53 est
496 347 153 53 ponenda
607 347 84 53 in
635 347 56 53 re

105 380 205 54 intellecta,
269 380 164 54 secundum
392 380 109 54 quod
460 380 205 54 intellecta,
610 380 82 54 tan-

98 415 124 59 quam
176 415 93 59 in
223 415 109 59 suo
285 415 233 59 fundamento,
471 415 124 59 quod
534 415 155 59 confirmo

103 452 165 50 quatuor
208 452 180 50 rationibus

137 466 66 73 1
163 466 119 73 Sicut
243 466 80 73 se
283 466 119 73 habet
362 466 172 73 composito
495 466 133 73 realis
588 466 80 73 ad
614 466 80 73 com-

110 518 153 53 positum
221 518 181 53 realiter,
360 518 70 53 &
388 518 83 53 ad
430 518 83 53 id
472 518 111 53 quod
541 518 111 53 vnit
597 518 97 53 compo

117 568 136 42 nibilia
215 568 74 42 in
252 568 86 42 eo,
302 568 86 42 ita
351 568 161 42 composito
475 568 148 42 rationis
586 568 74 42 ad
611 568 86 42 compo

115 595 137 47 situm,
211 595 164 47 secundum
335 595 178 47 rationem,
472 595 69 47 &
499 595 82 47 ad
540 595 82 47 id
581 595 110 47 quod
636 595 55 47 v-

109 624 90 56 nit
161 624 207 56 componibilia
329 624 77 56 in
367 624 90 56 eo,
419 624 90 56 sed
471 624 168 56 composito
587 624 103 56 realis

108 664 94 45 non
161 664 94 45 est
215 664 81 45 in
256 664 202 45 componente,
418 664 94 45 sed
472 664 81 45 in
512 664 189 45 composito,
647 664 54 45 er

115 696 80 54 go
155 696 121 54 etiam
235 696 174 54 composito
369 696 161 54 rationis
490 696 94 54 non
544 696 94 54 est
597 696 80 54 in
624 696 67 54 com

111 733 155 48 ponente,
227 733 90 48 sed
279 733 77 48 in
318 733 103 48 ipsa
382 733 90 48 re,
434 733 103 48 quae
498 733 168 48 composita
615 733 77 48 nomi

108 764 125 55 natur,
196 764 113 55 prout
272 764 88 55 est
322 764 188 55 intellecta;
472 764 113 55 Minor
547 764 88 55 est
598 764 113 55 nota,
660 764 38 55 &

113 801 119 58 Maior
192 801 119 58 patet
271 801 79 58 ex
311 801 106 58 ipsa
377 801 198 58 proportione
535 801 106 58 quae
588 801 106 58 vtrobi

109 841 101 52 que
166 841 115 52 vere
224 841 173 52 reperitur.

148 852 70 73 2
176 852 182 73 Composito
316 852 98 73 non
372 852 140 73 potest
469 852 112 73 esse
539 852 168 73 separata
651 852 42 73 a

112 905 206 51 componibilis,
282 905 85 51 sed
330 905 97 51 illi
391 905 133 51 gradus,
488 905 85 51 qui
536 905 73 51 in
573 905 97 51 ista
621 905 73 51 com-

106 941 165 52 positone
230 941 179 52 adinuicem
368 941 165 52 vniuntur
492 941 110 52 sunt
560 941 83 52 in
602 941 83 52 re
629 941 69 52 in-

108 976 148 54 tellecta
219 976 74 54 vt
256 976 185 54 intellecta,
404 976 62 54 &
429 976 86 54 non
478 976 74 54 in
515 976 185 54 intellectu,
651 976 49 54 er

112 1011 83 55 go
154 1011 69 55 &
181 1011 124 55 eorum
264 1011 179 55 composito
401 1011 110 55 erit
470 1011 83 55 in
511 1011 83 55 re
553 1011 83 55 vt
580 1011 124 55 intelle

108 1048 108 53 cta,
176 1048 68 53 &
203 1048 95 53 non
257 1048 81 53 in
284 1048 176 53 intellectu.

124 1082 78 51 3
156 1082 251 51 Complementum
360 1082 110 51 non
423 1082 157 51 potest
532 1082 126 51 esse
595 1082 110 51 sepa-

111 1119 132 50 ratum
200 1119 74 50 a
229 1119 103 50 suo
288 1119 206 50 fundamento
450 1119 162 50 quantum
568 1119 88 50 ad
597 1119 103 50 subie

119 1149 123 56 ctum,
201 1149 123 56 licet
283 1149 150 56 quantum
392 1149 82 56 ad
433 1149 177 56 accidens,
569 1149 95 56 sed
610 1149 95 56 funda

115 1191 130 50 mentum
206 1191 130 50 istius
297 1191 208 50 compositonis
465 1191 91 50 est
517 1191 78 50 in
556 1191 78 50 re
595 1191 91 50 (vt
634 1191 65 50 om-

119 1217 97 58 nes
175 1217 195 58 concedunt)
328 1217 111 58 ergo
397 1217 70 58 &
425 1217 236 58 complementum,
606 1217 97 58 quam-

118 1265 103 45 uis
177 1265 117 45 ergo
250 1265 191 45 huiusmodi
397 1265 235 45 complementum
588 1265 103 45 non
632 1265 73 45 sit

119 1288 104 62 nisi
184 1288 78 62 ab
223 1288 195 62 intellectu,
379 1288 91 62 non
430 1288 117 62 tamen
508 1288 143 62 videtur
599 1288 104 62 ponen-

122 1327 92 54 dum
174 1327 79 54 in
200 1327 92 54 ipso.

150 1345 69 72 4
178 1345 97 72 Cum
233 1345 139 72 genus,
330 1345 69 72 &
358 1345 208 72 differentia
525 1345 111 72 sint
594 1345 97 72 duo
636 1345 69 72 vni

120 1397 180 46 uersalia,
259 1397 97 46 ibi
314 1397 125 46 debet
398 1397 111 46 poni
467 1397 125 46 eorum
536 1397 167 46 composito,

128 1431 94 55 vbi
181 1431 147 55 ponitur
288 1431 121 55 eorum
369 1431 241 55 vniuersalitas,
570 1431 94 55 sed
610 1431 94 55 eorum

120 1467 226 57 vniuersalitas
306 1467 93 57 non
359 1467 93 57 est
412 1467 173 57 separata,
545 1467 67 57 a
572 1467 120 57 rebus
638 1467 67 57 in-

127 1510 171 40 tellectis,
261 1510 98 40 immo
322 1510 86 40 est
371 1510 147 40 separata
481 1510 73 40 ab
518 1510 98 40 eis,
579 1510 73 40 Vt
603 1510 98 40 patuit

117 1538 103 51 per
176 1538 147 51 Arist.
279 1538 73 51 &
308 1538 176 51 Comment.
441 1538 118 51 ergo
514 1538 132 51 eorum
587 1538 118 51 compo-

119 1571 110 57 sitio
192 1571 86 57 non
241 1571 110 57 debet
315 1571 98 57 poni
376 1571 74 57 in
413 1571 184 57 intellectu,
560 1571 98 57 quia
621 1571 86 57 sic
658 1571 49 57 es

127 1608 83 54 set
175 1608 142 54 separata
281 1608 59 54 a
305 1608 119 54 rebus.

160 1622 236 72 Intelligendum
355 1622 139 72 tamen,
452 1622 111 72 quod
521 1622 153 72 quamuis
619 1622 83 72 haec

131 1678 169 53 composito
261 1678 91 53 non
313 1678 91 53 sit
365 1678 78 53 in
404 1678 182 53 intellectu
533 1678 169 53 formaliter,

128 1714 81 53 vt
168 1714 81 53 in
208 1714 175 53 subiecto,
343 1714 135 53 potest
437 1714 121 53 tamen
518 1714 162 53 concedi,
626 1714 81 53 quod

121 1749 90 53 sit
172 1749 90 53 ibi
224 1749 179 53 obiectiue,
364 1749 77 53 ex
403 1749 77 53 eo
441 1749 102 53 quod
505 1749 192 53 attribuitur
646 1749 64 53 rei

126 1786 138 49 quando
223 1786 207 49 intellectui
388 1786 193 49 obiicitur,
527 1786 179 49 quemadmodum

134 1812 61 60 &
158 1812 208 60 vniuersalitas
329 1812 122 60 potest
415 1812 98 60 dici
476 1812 98 60 esse
537 1812 73 60 in
561 1812 147 60 intellectu

125 1851 181 52 obiectiue,
268 1851 104 52 quia
332 1851 155 52 fundatur
449 1851 130 52 super,
540 1851 91 52 rem
578 1851 130 52 obiectam

127 1885 199 56 intellectui,
288 1885 75 56 vt
325 1885 112 56 alias
400 1885 99 56 fuit
450 1885 161 56 declaratum.

169 1919 78 57 Ad
208 1919 157 57 rationes
326 1919 131 57 primae
404 1919 157 57 opinionis.

166 1945 86 65 Ad
209 1945 158 65 primam,
324 1945 115 65 nego
395 1945 172 65 Maiorem,
524 1945 86 65 si
553 1945 158 65 vniuersa-

133 1991 112 52 liter
207 1991 186 52 accipiatur,
356 1991 87 52 nam
405 1991 149 52 priuatio
517 1991 99 52 vere
579 1991 87 52 est
628 1991 74 52 in
653 1991 62 52 re,

140 2021 131 58 tamen
228 2021 102 58 non
286 2021 102 58 est
344 2021 116 58 quid
416 2021 145 58 reale,
518 2021 145 58 potest
605 2021 102 58 tamen

131 2059 138 55 concedi
232 2059 88 55 sub
282 2059 100 55 isto
345 2059 125 55 sensu,
432 2059 150 55 scilicet
545 2059 150 55 quicquid
645 2059 63 55 est

128 2097 73 46 in
164 2097 73 46 re
201 2097 219 46 (circumscripto
383 2097 97 46 omni
444 2097 97 46 actu
505 2097 195 46 intellectus)
651 2097 61 46 est

127 2135 103 59 quid
192 2135 142 59 reales;
295 2135 103 59 modo
360 2135 103 59 haec
425 2135 168 59 composito
554 2135 91 59 non
606 2135 103 59 est.
657 2135 52 59 in

701 174 77 54 re
740 174 231 54 (circumscripto
932 174 103 54 omni
996 174 103 54 actu
1060 174 205 54 intellectus)
1214 174 77 54 ideo

700 210 147 54 ratio
798 210 114 54 non
863 210 229 54 concludit.

743 250 89 41 Ad
788 250 177 41 secundam
921 250 118 41 nego
994 250 266 41 consequentiam,
1216 250 103 41 nam

714 283 115 47 etiam
791 283 192 47 simplicibus
945 283 128 47 potest
1035 283 154 47 attribui
1150 283 103 47 haec
1201 283 90 47 compo

706 315 128 47 sitio,
796 315 89 47 non
847 315 153 47 obstante
962 315 102 47 quod
1026 315 89 47 sit
1077 315 77 47 in
1115 315 89 47 re,
1166 315 77 47 eo
1192 315 89 47 modo,

704 353 100 47 quo
761 353 143 47 dictum
861 353 114 47 est,
933 353 72 47 &
961 353 100 47 cum
1018 353 186 47 probatur,
1161 353 114 47 quia
1219 353 72 47 vbi

706 381 83 55 est
754 381 167 55 composito,
885 381 83 55 ibi
933 381 95 55 sunt
992 381 119 55 allqua
1076 381 119 55 plura,
1159 381 95 55 dico
1207 381 83 55 verum

714 422 97 49 esse
775 422 73 49 eo
811 422 97 49 modo
872 422 85 49 quo
920 422 85 49 ibi
969 422 85 49 est
1017 422 170 49 composito,
1150 422 61 49 &
1175 422 85 49 sic
1211 422 85 49 conce

705 452 79 53 do
744 452 92 53 que
797 452 79 53 in
836 452 197 53 simplicibus
993 452 92 53 sit
1046 452 184 53 composito,
1190 452 66 53 &
1203 452 92 53 plura

707 491 118 48 litas
786 491 79 48 sm
825 491 170 48 rationem,
956 491 92 48 nec
1009 491 118 48 tamen
1087 491 144 48 propter
1192 491 92 48 hoc
1231 491 66 48 hu-

709 522 140 59 iusmodi
811 522 178 59 pluralitas
951 522 127 59 potest
1040 522 102 59 dici
1104 522 166 59 ficticia,
1219 522 76 59 quia

708 557 165 47 sufficit,
835 557 102 47 quod
899 557 102 47 ante
962 557 114 47 actum
1038 557 165 47 rationis,
1165 557 89 47 sit
1216 557 76 47 in
1241 557 51 47 re

707 603 309 43 virtualiter,
958 603 97 43 &
977 603 309 43 potentialiter.

740 626 78 51 Ad
779 626 144 51 tertiam
884 626 105 51 dico
949 626 92 51 non
1001 626 105 51 esse
1067 626 196 51 intentionem
1211 626 78 51 Aui-

716 661 145 48 cennae,
821 661 105 48 quod
887 661 198 48 intellectus
1045 661 92 48 sic
1098 661 119 48 ponat
1164 661 132 48 rationem

705 697 153 52 generis,
820 697 64 52 &
846 697 204 52 differentiae
1011 697 77 52 in
1050 697 204 52 simplicibus,
1203 697 89 52 quasi

713 732 99 53 ipse
775 732 173 53 constituat
911 732 112 53 talem
985 732 223 53 distinctionem,
1171 732 87 53 sed
1208 732 87 53 inten

709 776 89 38 dit
760 776 140 38 dicere,
862 776 102 38 quod
926 776 89 38 sic
977 776 140 38 accipit
1079 776 89 38 ea,
1129 776 102 38 quod
1180 776 115 38 apparet

721 800 142 54 praefata
828 800 166 54 distinctio
958 800 71 54 in
993 800 95 54 eis,
1053 800 59 54 &
1076 800 95 54 ideo
1135 800 142 54 videtur,
1230 800 71 54 quod

713 835 118 48 totam
792 835 105 48 hanc
858 835 224 48 distinctionem
1042 835 79 48 in
1081 835 79 48 re
1121 835 158 48 simplici
1226 835 66 48 in-

719 882 187 37 tellectus,
865 882 120 37 ponat
945 882 80 37 in
985 882 80 37 se
1025 882 120 37 ipso;
1105 882 107 37 quia
1158 882 147 37 conceptus

717 906 153 47 realiter
832 906 191 47 distinctos,
985 906 89 47 qui
1036 906 179 47 necessario
1164 906 140 47 cocurrunt

714 941 80 45 ad
754 941 160 45 rationem
874 941 160 45 generis,
994 941 67 45 &
1021 941 227 45 differentiae,
1208 941 93 45 non
1248 941 53 45 po

715 986 81 45 nit
761 986 69 45 in
795 986 69 45 re
830 986 173 45 intellecta,
968 986 81 45 sed
1014 986 104 45 ponit
1083 986 69 45 in
1117 986 81 45 se;
1163 986 161 45 distincto

712 1019 102 42 nem
770 1019 116 42 vero
842 1019 145 42 realem
944 1019 218 42 conceptuum,
1103 1019 203 42 distinctorum

716 1046 77 51 sm
755 1046 155 51 rationem
871 1046 206 51 respondentem
1038 1046 116 51 istis
1116 1046 206 51 conceptibus,
1270 1046 39 51 e

721 1081 135 54 contra,
819 1081 86 54 non
868 1081 111 54 ponit
942 1081 74 54 in
979 1081 86 54 se,
1028 1081 86 54 sed
1078 1081 74 54 in
1114 1081 74 54 re
1139 1081 160 54 intellecta.

755 1117 75 53 Ad
793 1117 150 53 rationes
906 1117 150 53 alterius
1019 1117 175 53 opinionis,

756 1133 88 71 Ad
800 1133 175 71 rationem
932 1133 248 71 fundamentalem
1136 1133 132 71 dico,
1209 1133 88 71 quod

722 1187 164 49 composito
849 1187 151 49 generis,
962 1187 63 49 &
987 1187 202 49 differentiae
1152 1187 88 49 non
1202 1187 101 49 est.
1253 1187 50 49 va

720 1219 87 55 na,
769 1219 99 55 quia
831 1219 149 55 sufficit
943 1219 99 55 quod
1005 1219 99 55 illi
1067 1219 174 55 respondeat
1191 1219 112 55 distin-

724 1255 97 58 ctio
785 1255 134 58 illorum
882 1255 134 58 graduum
979 1255 170 58 virtualis,
1113 1255 61 58 &
1137 1255 194 58 potentialis.

750 1289 92 51 Ad
796 1289 153 51 primam
903 1289 138 51 autem
994 1289 183 51 rationem
1132 1289 153 51 possum
1224 1289 76 51 re-

718 1315 168 65 spondere
844 1315 210 65 dupliciter,
1012 1315 126 65 primo
1096 1315 154 65 negando
1194 1315 112 65 conse-

728 1367 178 45 quentiam,
865 1367 109 45 quia
933 1367 123 45 forte
1015 1367 109 45 vnum
1083 1367 68 45 &
1111 1367 109 45 idem
1165 1367 137 45 oblectum

728 1392 134 55 potest,
825 1392 134 55 causare
923 1392 73 55 in
959 1392 171 55 intellectu
1094 1392 122 55 nostro
1167 1392 146 55 distinctos

723 1436 190 44 conceptus,
873 1436 163 44 scilicet
995 1436 177 44 confusum,
1131 1436 68 44 &
1145 1436 163 44 determina-

719 1469 107 53 tum,
785 1469 107 53 quia
852 1469 227 53 quantumcunque
1039 1469 93 53 sit
1092 1469 93 53 vnu
1146 1469 93 53 re,
1199 1469 133 53 aequi

724 1510 134 41 pollet
818 1510 121 41 tamen
898 1510 188 41 distinctis
1046 1510 134 41 reous,
1140 1510 67 41 &
1167 1510 134 41 tantum
1248 1510 67 41 po-

721 1545 103 49 test
785 1545 141 49 quantum
888 1545 180 49 distinctae
1029 1545 103 49 res,
1093 1545 77 49 si
1131 1545 141 49 essent.
1234 1545 103 49 Alio

726 1569 118 50 modo
800 1569 177 50 concessa
933 1569 251 50 consequentia,
1140 1569 148 50 possum
1229 1569 74 50 ne-

719 1607 118 48 gare
793 1607 222 48 antecedens,
970 1607 118 48 quia
1044 1607 162 48 quamuis
1148 1607 162 48 huiusmodi

727 1645 131 50 gradus
818 1645 78 50 in
858 1645 105 50 vno,
923 1645 65 50 &
949 1645 118 50 eodem
1028 1645 91 50 non
1080 1645 105 50 sint
1145 1645 157 50 realiter
1250 1645 52 50 di

727 1680 147 49 stincti,
837 1680 208 49 distinguuntur
1008 1680 122 49 tamen,
1093 1680 147 49 realiter
1203 1680 73 49 in
1228 1680 85 49 diuer

728 1712 98 47 sis;
789 1712 135 47 ratione
887 1712 110 47 culus
961 1712 209 47 distinctionis
1133 1712 147 47 possunt,
1231 1712 86 47 habe-

726 1745 81 48 re
767 1745 190 48 distinctas
916 1745 163 48 rationes
1039 1745 204 48 obiectiuas;
1188 1745 122 48 causare

730 1781 186 47 distinctos
876 1781 173 47 conceptus
1009 1781 80 47 in
1049 1781 200 47 intellectu;
1195 1781 120 47 possunt

729 1827 120 36 etiam
808 1827 133 36 habere
901 1827 186 36 distinctas
1047 1827 159 36 rationes
1154 1827 159 36 obiectiuas

723 1852 85 57 in
765 1852 114 57 vno,
836 1852 71 57 &
865 1852 142 57 eodem,
964 1852 185 57 inquantum
1106 1852 142 57 habent
1191 1852 128 57 distin-

730 1882 93 56 ctas
789 1882 198 56 proprietates,
951 1882 70 56 ac
986 1882 81 56 si,
1033 1882 116 56 essent
1114 1882 140 56 realiter
1207 1882 105 56 distin-

724 1920 106 53 cti,
790 1920 67 53 &
817 1920 200 53 mediantibus
976 1920 106 53 suis
1043 1920 239 53 proprietatibus
1229 1920 80 53 pos-

728 1953 104 58 sunt
793 1953 78 58 se
832 1953 156 58 obijcere
949 1953 208 58 intellectui,
1118 1953 65 58 &
1144 1953 143 58 causare
1235 1953 78 58 apud

728 1988 94 58 eum
781 1988 188 58 distinctos
916 1988 161 58 conceptus.

765 2021 85 63 Ad
807 2021 170 63 secundam
935 2021 127 63 dico,
1020 2021 113 63 quod
1090 2021 198 63 definitio,
1246 2021 71 63 &
1260 2021 71 63 de-

727 2062 145 51 finitum
832 2062 105 51 sunt
898 2062 118 51 idem,
977 2062 92 51 nec
1030 2062 171 51 differunt
1161 2062 105 51 nisi
1227 2062 118 51 sicut

730 2100 151 42 potentia
844 2100 202 42 explicabile;
1008 2100 63 42 &
1033 2100 101 42 actu
1096 2100 189 42 explicatum,
1248 2100 88 42 eo

724 2139 96 52 dem
779 2139 110 52 modo
848 2139 137 52 partes
944 2139 220 52 definitionis
1123 2139 110 52 sunt
1191 2139 110 52 idem
1246 2139 69 52 cum
