1500 2334
159 168 91 54 nem
211 168 234 54 similitudinem,
406 168 117 54 ficut
484 168 117 54 patet
562 168 91 54 per
601 168 143 54 Dionysium

160 214 76 37 in
198 214 76 37 de
236 214 139 37 diuinis
337 214 177 37 nominibus,
476 214 88 37 vbi
527 214 139 37 loquens
628 214 76 37 de
653 214 76 37 crea

158 246 109 41 turis
231 246 97 41 ait,
292 246 97 41 ista
352 246 97 41 ergo
413 246 97 41 dici
474 246 134 41 possunt
571 246 134 41 similia
656 246 61 41 Deo

158 282 71 35 &
186 282 171 35 dicuntur
315 282 86 35 ad
358 282 186 35 imaginem,
500 282 71 35 &
515 282 214 35 similitudinem

152 317 94 41 Dei,
211 317 82 41 non
258 317 106 41 tamen
329 317 106 41 ipsis
399 317 94 41 Deum
458 317 94 41 esse
517 317 129 41 similem
611 317 141 41 dicimus,

148 351 122 41 sicut
230 351 95 41 nec
284 351 108 41 homo
352 351 136 41 pictus
447 351 149 41 imagini
555 351 149 41 similis
650 351 68 41 est

153 385 108 36 haec
221 385 122 36 autem
303 385 190 36 conuersiua
452 385 190 36 similitudo
587 385 122 36 (subdit

157 406 88 56 non
208 406 164 56 inuenitur
334 406 101 56 nisi
397 406 76 56 in
435 406 101 56 his,
498 406 101 56 quae
561 406 101 56 sunt
611 406 114 56 eiusdem

151 451 214 40 ordinationis
324 451 94 40 cum
378 451 187 40 creaturis,
525 451 147 40 idcirco
632 451 120 40 Deus,

157 490 90 38 qui
208 490 90 38 non
260 490 90 38 est
311 490 141 38 eiusdem
413 490 231 38 coordinationis
606 490 90 38 cum
644 490 77 38 crea

160 524 115 42 turis,
240 524 81 42 non
286 524 115 42 potest
367 524 92 42 dici
424 524 127 42 similis
516 524 92 42 eis,
574 524 69 42 si
608 524 92 42 ergo
654 524 69 42 Deus

156 554 92 39 non
208 554 131 39 potest
300 554 145 39 fundare
406 554 223 39 similitudinem
590 554 79 39 ad
616 554 105 39 aliud,

161 590 170 38 sequitur,
292 590 105 38 quod
357 590 92 38 non
409 590 131 38 possit
501 590 144 38 concipi
592 590 131 38 conceptu

153 621 158 41 confuso,
271 621 79 41 ad
311 621 118 41 genus
376 621 171 41 pertinente.

189 649 67 48 3
215 649 134 48 Illud,
309 649 107 48 quod
376 649 94 48 non
430 649 94 48 est
484 649 174 48 limitatum
604 649 121 48 limita-

154 693 114 38 tione
230 693 127 38 aliqua
319 693 152 38 generis,
433 693 89 38 non
483 693 127 38 potest
572 693 139 38 concipi
661 693 63 38 con

153 728 118 35 ceptu
232 728 144 35 confuso
337 728 184 35 pertinente
481 728 79 35 ad
520 728 144 35 aliquod
612 728 105 35 genus;

150 763 107 41 Deus
217 763 94 41 est
270 763 187 41 huiusmodi,
417 763 107 41 ergo
484 763 94 41 &c.
538 763 120 41 Maior
618 763 94 41 est
658 763 67 41 no-

160 791 88 46 ta,
211 791 101 46 quia
274 791 164 46 conceptus
400 791 151 46 confusus
513 791 151 46 alicuius
614 791 113 46 generis

157 827 88 47 non
208 827 125 47 potest
295 827 175 47 conuenirei
433 827 100 47 nisi
496 827 113 47 rebus
558 827 163 47 existentibs

152 860 73 39 in
188 860 97 39 illo
249 860 134 39 genere,
347 860 170 39 quaecunque
481 860 97 39 vero
541 860 97 39 sunt
602 860 73 39 in
627 860 97 39 aliquo

158 897 124 42 genere
245 897 99 42 sunt
307 897 149 42 limitata
418 897 112 42 intra
493 897 149 42 terminus
605 897 124 42 illius
679 897 50 42 ge

156 933 124 35 neris,
242 933 87 35 ita
292 933 99 35 quod
354 933 111 35 nihil
428 933 161 35 includunt
552 933 74 35 in
589 933 87 35 sua
626 933 99 35 essen-

159 963 87 43 tia
208 963 75 43 de
246 963 224 43 perfectionibus
432 963 211 43 pertinentibus
606 963 75 43 ad
631 963 87 43 aliuc

160 995 136 45 genus,
256 995 68 45 &
283 995 150 45 propter
392 995 122 45 istam
473 995 218 45 limitationem
636 995 82 45 con-

156 1041 125 36 tingit
244 1041 100 36 quod
307 1041 88 36 res
357 1041 113 36 vnius
432 1041 138 36 generis
532 1041 100 36 sint
595 1041 75 36 in
620 1041 100 36 poten-

152 1069 88 39 tia
203 1069 76 39 ad
241 1069 88 39 res
291 1069 151 39 alterius
404 1069 151 39 generis,
518 1069 63 39 &
543 1069 101 39 sint
593 1069 126 39 componi-

152 1100 106 36 biles
223 1100 118 36 illis,
306 1100 59 36 &
329 1100 154 36 expectent
448 1100 130 36 perfici
542 1100 71 36 ab
577 1100 95 36 eis,
637 1100 71 36 si
660 1100 71 36 enim

154 1136 170 40 substantia
287 1136 85 40 ita
336 1136 109 40 esset
408 1136 182 40 illimitata,
553 1136 97 40 quod
602 1136 121 40 contine-

160 1167 87 42 ret
209 1167 75 42 in
247 1167 87 42 sua
297 1167 150 42 essentia
409 1167 112 42 totam
484 1167 200 42 perfectionem
634 1167 87 42 acci-

152 1200 150 40 dentis,
261 1200 95 40 non
316 1200 122 40 esset
397 1200 136 40 aliquo
493 1200 109 40 modo
561 1200 82 40 in
588 1200 136 40 potentia

150 1236 80 50 ad
190 1236 133 50 ipsum,
283 1236 93 50 vel
336 1236 186 50 expectaret
482 1236 146 50 perfici
589 1236 93 50 per
629 1236 93 50 ipsum

156 1268 125 39 Minor
239 1268 125 39 autem
323 1268 167 39 probatur
448 1268 97 39 per
503 1268 83 39 P.
545 1268 139 39 August
642 1268 83 39 5.
670 1268 56 39 de

153 1303 134 46 Trinit
246 1303 174 46 dicentem,
380 1303 214 46 intelligamus
554 1303 107 46 Deum
621 1303 80 46 in
648 1303 80 46 quam

156 1339 100 40 tum
213 1339 171 40 possumus
341 1339 114 40 sine
412 1339 185 40 qualitate
555 1339 143 40 bonum,
640 1339 86 40 sine

157 1374 204 44 quantitate
318 1374 160 44 magnum,
434 1374 102 44 &c.
493 1374 117 44 Vult
566 1374 117 44 ergo
639 1374 87 44 D.
668 1374 58 44 P.

160 1413 151 36 August.
270 1413 110 36 quod
339 1413 110 36 Deus
407 1413 137 36 habeat
503 1413 220 36 perfectiones
668 1413 55 36 o-

161 1440 126 40 mnium
245 1440 154 40 generum
357 1440 112 40 sine
427 1440 224 40 compositone,
609 1440 70 40 &
623 1440 98 40 limi-

161 1476 138 39 tatione
262 1476 150 39 alicuius
374 1476 150 39 generis,
487 1476 63 39 &
512 1476 100 39 Auic
575 1476 75 39 8.
612 1476 100 39 suae
662 1476 63 39 Me-

160 1511 110 36 taph
229 1511 152 36 remouet
340 1511 110 36 omne
409 1511 166 36 rationem
533 1511 152 36 generis
643 1511 69 36 a
657 1511 69 36 Deo

167 1540 142 47 propter
271 1540 103 47 suam
335 1540 233 47 illimitationem
529 1540 168 47 inquiens,
645 1540 78 47 pri-

160 1576 106 40 mus,
226 1576 93 40 non
279 1576 120 40 habet
359 1576 133 40 genus,
452 1576 93 40 nec
505 1576 213 40 quantitatem,
665 1576 66 40 nec

161 1610 185 46 qualitatem,
308 1610 86 46 &c.
358 1610 98 46 quia
419 1610 86 46 est
468 1610 185 46 altissimus,
616 1610 62 46 &
629 1610 98 46 glorio

159 1645 111 40 sus;
228 1645 97 40 non
284 1645 166 40 intendit
408 1645 125 40 autem
492 1645 125 40 Auice
575 1645 166 40 remouere
685 1645 42 40 a

164 1677 97 44 Deo
219 1677 221 44 perfectiones
399 1677 152 44 istorum
509 1677 166 44 generum,
633 1677 97 44 cum
675 1677 55 44 po

158 1714 96 36 nat
213 1714 96 36 eum
268 1714 205 36 altissimum,
432 1714 68 36 &
459 1714 191 36 gloriosum,
609 1714 96 36 sed
650 1714 82 36 vult

157 1745 118 45 quod
231 1745 103 45 non
290 1745 147 45 habeat
393 1745 103 45 eas
452 1745 103 45 per
510 1745 132 45 modum
584 1745 147 45 compofi-

163 1777 135 46 tionis,
261 1777 62 46 &
286 1777 209 46 limitationis,
458 1777 86 46 quo
507 1777 98 46 modo
569 1777 160 46 pertinent
680 1777 49 46 ad

165 1820 144 39 genera,
270 1820 92 39 hoc
322 1820 118 39 etiam
401 1820 157 39 intendit
519 1820 118 39 Arist
598 1820 66 39 8
611 1820 118 39 Metaph-

162 1850 103 41 cap.
227 1850 78 41 de
266 1850 168 41 perfecto,
395 1850 142 41 dicens,
498 1850 103 41 quod
563 1850 129 41 primum
640 1850 91 41 prin-

167 1882 127 47 cipium
256 1882 89 47 est
307 1882 216 47 vniuersaliter
485 1882 165 47 perfectum
613 1882 102 47 sine
663 1882 64 47 di-

163 1917 190 45 minutione,
312 1917 68 45 &
339 1917 108 45 eius
407 1917 176 45 perfectio
542 1917 95 45 non
597 1917 135 45 pendet
678 1917 54 45 ab

164 1954 191 35 extrinseco,
317 1954 153 35 alioquin
432 1954 115 35 esset
508 1954 165 35 limitatum
635 1954 76 35 ad
661 1954 76 35 ali-

167 1984 105 45 quod
232 1984 131 45 genus,
324 1984 66 45 &
351 1984 131 45 posset
442 1984 144 45 perfici
547 1984 92 45 per
600 1984 92 45 rem
639 1984 92 45 alte-

162 2021 106 39 rius
228 2021 146 39 generis
334 2021 199 39 extrinsecam
493 2021 66 39 a
519 2021 93 39 sua
559 2021 106 39 natura

197 2053 91 45 Sed
249 2053 144 45 diceret
354 2053 144 45 aliquis
458 2053 104 45 quod
523 2053 170 45 continere
641 2053 91 45 perfe

167 2088 160 56 ctiones
282 2088 145 56 omnium
384 2088 160 56 generum
500 2088 116 56 sine
558 2088 174 56 composito

722 159 73 67 ne
758 159 85 67 non
807 159 134 67 tollit,
905 159 98 67 quin
966 159 110 67 etiam
1039 159 85 67 sit
1088 159 73 67 in
1124 159 122 67 genere
1197 159 98 67 quali-

733 212 130 48 tatis,
824 212 104 48 quia
889 212 156 48 continet
1006 212 91 48 eas
1058 212 91 48 per
1110 212 117 48 modum
1188 212 91 48 sui
1227 212 78 48 gene

734 250 87 36 ris,
789 250 131 36 scilicet
886 250 163 36 qualitatis,
1017 250 54 36 &
1039 250 76 36 per
1082 250 87 36 hanc
1137 250 152 36 instantiam
1246 250 54 36 com

739 280 127 36 cedunt
828 280 140 36 aliqui,
930 280 102 36 quod
994 280 102 36 ista
1057 280 153 36 probatio
1172 280 114 36 nihil
1235 280 64 36 va-

745 312 114 55 leat,
821 312 89 55 nam
872 312 76 55 si
910 312 127 55 albedo
998 312 177 55 contineret
1125 312 177 55 perfectiones

736 347 135 51 omnium
831 347 162 51 generum,
953 347 122 51 adhuc
1034 347 122 51 tamen
1115 347 122 51 esset
1183 347 122 51 finita,

734 379 156 49 essetque
851 379 78 49 in
890 379 130 49 genere
981 379 195 49 qualitatis,
1137 379 91 49 sed
1189 379 117 49 horum
1254 379 52 49 ro

738 414 149 52 admittit
849 414 248 52 incompossibilia,
1061 414 87 52 non
1110 414 99 52 enim
1172 414 124 52 potest
1247 414 62 52 es-

742 448 80 52 se
782 448 107 52 quod
849 448 134 52 albedo
943 448 174 52 contineat
1077 448 215 52 perfectiones
1238 448 67 52 om-

733 485 114 38 nium
804 485 156 38 generum
917 485 213 38 interminate
1088 485 85 38 in
1131 485 99 38 sua
1173 485 128 38 natura,

736 520 64 34 &
762 520 115 34 tamen
839 520 90 34 sit
890 520 179 34 terminata,
1030 520 102 34 tunc
1094 520 102 34 enim
1158 520 128 34 posset
1235 520 64 34 re-

743 554 118 47 cipere
826 554 177 47 additionem,
967 554 118 47 saltem
1050 554 142 47 alterius
1156 554 142 47 generis,
1251 554 47 47 si

733 585 95 45 non
788 585 163 45 proprij,
910 585 95 45 hoc
964 585 122 45 tamen
1045 585 149 45 (stante
1154 585 122 45 eorum
1222 585 81 45 opi)

735 625 84 43 est
783 625 133 43 falsum,
880 625 84 43 nam
928 625 109 43 talis
1000 625 133 43 albedo,
1097 625 84 43 vel
1145 625 157 43 reciperet
1254 625 48 43 ad

737 654 151 44 ditionem
851 654 75 44 de
888 654 101 44 alio
951 654 138 44 genere,
1052 654 88 44 vel
1102 654 75 44 de
1140 654 88 44 suo
1177 654 126 44 proprio,

745 688 85 51 non
793 688 73 51 de
830 688 109 51 alio,
902 688 97 51 quia
963 688 182 51 supponitur,
1108 688 97 51 quod
1169 688 73 51 in
1205 688 85 51 sua
1241 688 61 51 es-

737 719 126 51 sentia
825 719 113 51 totum
901 719 176 51 contineat,
1039 719 101 51 quod
1102 719 88 51 est
1152 719 176 51 perfectio

736 754 83 45 nis
784 754 71 45 in
819 754 107 45 alijs
890 754 166 45 generibus,
1021 754 59 45 a
1045 754 119 45 quibus
1128 754 107 45 magis
1199 754 131 45 distat,

733 793 127 49 multo
818 793 127 49 magis
902 793 113 49 ergo
973 793 197 49 continebit
1114 793 197 49 perfectiones

738 825 136 45 proprij
837 825 148 45 generis,
948 825 62 45 a
973 825 87 45 quo
1022 825 111 45 minus
1084 825 111 45 distat.

772 848 154 60 Secundo,
887 848 192 60 impossibile
1041 848 102 60 est,
1105 848 102 60 quod
1169 848 128 60 albedo
1246 848 64 60 sit

738 888 77 46 in
777 888 128 46 genere
866 888 192 46 qualitatis,
1019 888 64 46 &
1045 888 166 46 contineat
1160 888 153 46 perfectio-

741 923 90 45 nes
793 923 129 45 omnium
883 923 141 45 generum
985 923 193 45 intrinsece,
1140 923 103 45 quia
1204 923 129 45 illud,

743 967 114 40 quod
814 967 170 40 continet
942 967 227 40 perfectiones
1126 967 142 40 omnium
1212 967 99 40 gene-

741 999 106 40 rum,
807 999 106 40 isto
874 999 120 40 modo,
954 999 93 40 est
1007 999 200 40 illiminutum
1167 999 146 40 quantum
1260 999 53 40 ad

740 1027 121 53 modum
820 1027 147 53 habendi
927 1027 107 53 eas,
994 1027 107 53 quia
1061 1027 121 53 habet
1142 1027 94 53 eas
1195 1027 107 53 sinc
1249 1027 67 53 com

746 1062 163 50 positone,
872 1062 63 50 &
897 1062 238 50 potentialitate,
1097 1062 63 50 &
1122 1062 88 50 per
1160 1062 150 50 consequens

745 1097 90 49 vel
797 1097 90 49 non
848 1097 90 49 est
900 1097 168 49 limitatum
1029 1097 77 49 ad
1068 1097 142 49 aliquod
1171 1097 129 49 genus,
1248 1097 65 49 vel

740 1137 95 38 non
795 1137 122 38 magis
876 1137 81 38 ad
916 1137 122 38 genus
997 1137 243 38 generalissimum
1186 1137 122 38 qualita

741 1165 105 56 tis,
807 1165 105 56 quam
872 1165 79 56 ad
912 1165 105 56 alia
977 1165 145 56 genera,
1083 1165 66 56 &
1109 1165 92 56 sic
1148 1165 158 56 aequaliter

744 1196 164 42 videtur
863 1196 119 42 esse
938 1196 90 42 in
983 1196 164 42 omnibus
1102 1196 209 42 generibus,
1266 1196 75 42 &

737 1229 112 51 ideo
807 1229 183 51 concludo,
948 1229 112 51 quod
1018 1229 126 51 ratio
1102 1229 126 51 prima
1187 1229 98 51 est
1229 1229 84 51 vera

737 1264 112 44 quia
807 1264 181 44 continere
946 1264 223 44 perfectiones
1128 1264 140 44 omnium
1211 1264 98 44 ocne-

743 1299 89 44 rum
794 1299 102 44 modo
858 1299 192 44 illimitato,
1011 1299 89 44 est
1062 1299 166 44 continere
1190 1299 89 44 eas
1228 1299 77 44 fine

742 1344 160 41 proprijs
861 1344 186 41 generibus,
1008 1344 160 41 secundum
1127 1344 66 41 P
1154 1344 93 41 Aug
1207 1344 66 41 &
1220 1344 80 41 alio

745 1366 143 53 superius
852 1366 143 53 positos,
960 1366 107 53 talis
1031 1366 119 53 igitur
1114 1366 131 53 albedo,
1210 1366 83 53 vel
1245 1366 60 53 non

740 1404 199 41 contineret
896 1404 227 41 perfectiones
1080 1404 142 41 omnium
1165 1404 142 41 generum;

745 1438 86 57 vel
794 1438 86 57 non
843 1438 111 57 esset
917 1438 74 57 in
954 1438 135 57 genere;
1052 1438 123 57 aliter
1139 1438 135 57 starent
1225 1438 86 57 simul

741 1471 241 48 incompossibilia.

767 1495 87 58 Sed
816 1495 125 58 contra
904 1495 137 58 diceret
1003 1495 150 58 aliquis:
1116 1495 75 58 si
1153 1495 112 58 esset
1215 1495 100 58 aliqua

744 1540 111 40 linea
817 1540 160 40 infinita,
940 1540 111 40 adhuc
1014 1540 111 40 esset
1088 1540 74 40 in
1125 1540 123 40 genere
1198 1540 111 40 quanti-

748 1573 117 38 tatis
826 1573 156 38 secundum
943 1573 130 38 Arist.
1034 1573 78 38 8.
1073 1573 169 38 Topicorum
1203 1573 91 38 vbi
1242 1573 65 38 non

741 1609 157 39 approbat
858 1609 104 39 hanc
924 1609 222 39 definitionem,
1106 1609 117 39 linea
1185 1609 117 39 recta
1250 1609 65 39 est

743 1643 123 43 illa,
825 1643 123 43 cuius
907 1643 137 43 medium
1003 1643 96 43 non
1057 1643 109 43 exit
1126 1643 82 43 ab
1167 1643 178 43 extremis,

744 1675 94 43 quia
803 1675 129 43 inquit,
897 1675 71 43 si
933 1675 106 43 esset
1003 1675 106 43 linea
1074 1675 141 43 infinita
1180 1675 106 43 adhuc
1250 1675 94 43 illa

747 1708 131 44 posset
839 1708 105 44 esse
904 1708 131 44 recta,
996 1708 66 44 &
1022 1708 118 44 tamen
1101 1708 92 44 non
1154 1708 144 44 haberet
1245 1708 66 44 me-

752 1742 101 51 dium
816 1742 89 51 nec
866 1742 152 51 extrema,
980 1742 101 51 quis
1043 1742 139 51 haberet
1145 1742 127 51 eandem
1220 1742 89 51 defi-

745 1775 166 48 nitionem
870 1775 249 48 quantitatiuam,
1078 1775 69 48 &
1105 1775 97 48 per
1147 1775 166 48 consequens

751 1814 104 40 dhuc
816 1814 117 40 esset
894 1814 78 40 in
933 1814 143 40 genere,
1038 1814 104 40 quia
1103 1814 104 40 omne
1168 1814 104 40 quod
1220 1814 91 40 defi-

743 1843 127 53 nitur,
832 1843 178 53 necessario
972 1843 89 53 est
1023 1843 76 53 in
1061 1843 127 53 aliquo
1150 1843 140 53 genere,
1239 1843 76 53 ergo

747 1883 178 53 infinitum,
887 1883 64 53 &
912 1883 191 53 illimitatum
1065 1883 127 53 potest
1154 1883 102 53 esse
1217 1883 76 53 in
1243 1883 76 53 ali-

750 1914 105 49 quo
795 1914 120 49 genere

786 1931 81 59 Ad
826 1931 94 59 hoc
880 1931 188 59 respondent
1027 1931 148 59 aliqui,
1135 1931 107 59 quod
1202 1931 94 59 non
1242 1931 67 59 est

751 1981 152 40 intentio
866 1981 127 40 Arist.
954 1981 165 40 improbare
1081 1981 102 40 hanc
1132 1981 178 40 definitionem

747 2015 153 53 tanquam
858 2015 125 53 malam
942 2015 83 53 ex
983 2015 125 53 parte
1067 2015 153 53 lineae,
1178 2015 97 53 sed
1220 2015 97 53 solum

757 2046 71 57 ex
793 2046 106 57 parte
863 2046 200 57 rectitudinis,
1028 2046 94 57 quae
1087 2046 82 57 est
1134 2046 118 57 passio
1205 2046 106 57 lineae,

751 2087 98 55 quia
812 2087 171 55 rectitudo,
946 2087 134 55 quantnm
1044 2087 86 55 est
1093 2087 73 55 ex
1130 2087 110 55 parte
1203 2087 98 55 sui,
1252 2087 61 55 non
