1500 2356
177 182 163 49 respicit
299 182 136 49 medium
394 182 95 49 nec
449 182 163 49 extrema,
571 182 149 49 propter
666 182 81 49 quod

177 220 80 44 ita
222 220 114 44 potest
302 220 91 44 dari
359 220 68 44 de
393 220 103 44 linea
462 220 125 44 ifinita
553 220 103 44 sicut
622 220 68 44 de
644 220 103 44 finita.

208 253 97 39 Haec
269 253 158 39 responsio
391 253 97 39 mihi
452 253 85 39 non
500 253 183 39 satisfacit,
647 253 97 39 quia
695 253 49 39 vi

176 273 109 57 detur
249 273 134 57 ponere,
346 273 97 57 quod
407 273 170 57 infinitas,
540 273 85 57 tam
589 273 146 57 repugnet
686 273 61 57 li-

171 327 107 40 neae
238 327 107 40 quam
305 327 214 40 rectitudini,
479 327 107 40 quod
546 327 94 40 non
600 327 94 40 est
640 327 107 40 verum,

173 362 100 38 quia
236 362 113 38 ratio
311 362 138 38 finiti,
411 362 63 38 &
436 362 150 38 infiniti
549 362 88 38 per
599 362 75 38 se
624 362 125 38 conuenit

173 390 180 47 quantitati,
317 390 72 47 vt
353 390 108 47 patet
425 390 72 47 1.
461 390 96 47 phy.
521 390 156 47 infinitas
641 390 96 47 ergo
689 390 60 47 vel

172 432 118 38 nullo
251 432 105 38 modo
316 432 157 38 repugnat
434 432 197 38 quantitati,
592 432 92 38 vel
644 432 131 38 saltem

170 462 111 40 minus
244 462 185 40 quantitati,
392 462 99 40 quam
454 462 123 40 alteri
540 462 99 40 suae
589 462 136 40 passioni-

211 488 157 48 Propterea
332 488 121 48 aliter
416 488 109 48 dico,
489 488 97 48 quod
550 488 157 48 infinitum
658 488 85 48 (quo-

171 525 77 51 ad
210 525 153 51 praesens
324 525 153 51 spectat)
439 525 128 51 potest
528 525 128 51 accipi
618 525 128 51 duobus
694 525 51 51 mo

172 560 100 47 dis,
234 560 200 47 simpliciter,
396 560 87 47 vel
446 560 150 47 secundum
559 560 112 47 quid,
621 560 125 47 simplici

171 589 86 57 ter
220 589 136 57 dicitur
319 589 123 57 illud,
405 589 99 57 quod
467 589 86 57 non
516 589 99 57 est.
577 589 160 57 limitatum
688 589 62 57 ali

169 640 95 39 quo
224 640 122 39 modo;
305 640 68 39 &
332 640 95 39 hoc
387 640 95 39 non
441 640 95 39 est
495 640 82 39 in
536 640 136 39 aliquo
618 640 122 39 genere,

167 666 158 48 infinitu
285 666 105 48 vero
351 666 158 48 secundum
470 666 119 48 quid,
549 666 119 48 habet
628 666 145 48 aliquem

170 691 118 52 modum,
253 691 83 52 vel
300 691 118 52 plures
383 691 224 52 illimitationis,
572 691 71 52 vt
607 691 142 52 infinita
702 691 47 52 li

165 735 100 48 nea,
228 735 151 48 infinita
341 735 201 48 superficies,
504 735 75 48 &c
542 735 100 48 quae
605 735 113 48 omnia
668 735 75 48 sunt

166 768 161 46 infinita
286 768 161 46 secundum
406 768 120 46 quid,
487 768 107 46 quia
554 768 120 46 eorum
621 768 120 46 infini-

175 803 94 45 tas
228 803 94 45 non
282 803 161 45 excludit
402 803 121 45 omnem
483 803 228 45 limitationem,
657 803 94 45 cuius

167 837 130 47 signum
258 837 104 47 est,
324 837 104 47 quia
389 837 157 47 indigent
506 837 117 47 adhuc
584 837 144 47 perfici
676 837 65 47 por

171 873 94 35 res
224 873 148 35 aliorum
332 873 161 35 generum,
453 873 67 35 &
479 873 107 35 sunt
547 873 81 35 in
587 873 161 35 potentia
694 873 54 35 ad

173 904 103 49 eas,
238 904 65 49 &
263 904 103 49 ideo
328 904 168 49 infinitum
457 904 90 49 hoc
509 904 103 49 modo
573 904 129 49 potest
664 904 103 49 esse

173 937 78 45 in
212 937 130 45 genere
303 937 209 45 determinato,
473 937 65 45 &
499 937 78 45 in
538 937 196 45 determinata
682 937 65 45 spe

176 975 98 47 cie;
237 975 61 47 &
261 975 85 47 sic
310 975 122 47 tertia
395 975 110 47 ratio
469 975 134 47 remanet
566 975 73 47 in
603 975 85 47 suo
639 975 110 47 robore;

176 1005 128 45 sicque
266 1005 115 45 patet
343 1005 115 45 prima
420 1005 179 45 conclusio,
561 1005 103 45 quod
612 1005 128 45 repugnet

169 1040 100 48 Deo
226 1040 157 48 concipi
340 1040 172 48 conceptu
469 1040 157 48 confuso
569 1040 172 48 pertinente

168 1070 84 55 ad
210 1070 154 55 aliquod
308 1070 112 55 genus.

201 1085 123 74 Probo
283 1085 164 74 secundam
407 1085 233 74 conclusionem,
598 1085 178 74 scilicet,

168 1127 117 60 quod
242 1127 176 60 repugnet
373 1127 102 60 Deo
432 1127 161 60 concipi
549 1127 176 60 conceptu
666 1127 73 60 de-

173 1183 178 51 terminato
310 1183 219 51 contrahente,
488 1183 68 51 &
515 1183 233 51 distinguente,
707 1183 68 51 &

167 1210 90 57 hoc
218 1210 154 57 triplici
321 1210 115 57 ratione

198 1231 68 65 1
226 1231 137 65 Illud,
321 1231 123 65 cuius
403 1231 109 65 esse
472 1231 96 65 non
526 1231 150 65 recipit
622 1231 123 65 aliquam

171 1285 197 47 additionem,
328 1285 92 47 nec
381 1285 210 47 essentialem,
551 1285 92 47 nec
591 1285 157 47 accidenta-

166 1320 107 41 lem,
233 1320 94 41 non
286 1320 134 41 potest
380 1320 148 41 concipi
488 1320 161 41 conceptu
595 1320 148 41 perrinen-

173 1348 80 46 te
213 1348 80 46 ad
253 1348 214 46 differentiam
426 1348 227 46 contrahentem,
613 1348 67 46 &
627 1348 120 46 distin-

174 1383 163 51 guentem,
297 1383 109 51 Deus
365 1383 95 51 est
419 1383 190 51 huiusmodi,
568 1383 109 51 ergo
636 1383 95 51 &c.
677 1383 68 51 Ma-

171 1422 123 38 iorem
254 1422 137 38 probo,
349 1422 137 38 primo,
445 1422 110 38 quia
514 1422 137 38 semper
596 1422 151 38 conceptus

171 1453 205 50 differentiae
338 1453 141 50 sumitur
441 1453 77 50 ab
479 1453 128 50 aliquo
569 1453 128 50 gradu,
659 1453 90 50 qui
698 1453 51 50 se

173 1488 130 43 habet
259 1488 101 43 per
317 1488 202 43 additionem
476 1488 87 43 ad
520 1488 145 43 gradum
606 1488 145 43 generis,

172 1527 89 45 nec
223 1527 165 45 inuenitur
350 1527 102 45 sine
414 1527 102 45 illo
478 1527 76 45 in
516 1527 127 45 aliqua
605 1527 140 45 specle,
707 1527 64 45 &

177 1563 86 46 per
226 1563 172 46 consequens
361 1563 98 46 ille
422 1563 86 46 est
471 1563 159 46 posterior
594 1563 110 46 isto,
655 1563 98 46 prius.

172 1600 109 39 enim
241 1600 95 39 est
295 1600 68 39 a
322 1600 95 39 quo
377 1600 95 39 non
431 1600 205 39 conuertitur
581 1600 164 39 subsisten-

170 1627 81 47 di
210 1627 228 47 consequentia,
398 1627 67 47 &
425 1627 107 47 quia
492 1627 175 47 posterius
626 1627 81 47 se
653 1627 94 47 habet

178 1655 89 57 per
229 1655 178 57 additionem
369 1655 76 57 ad
407 1655 127 57 prius,
495 1655 165 57 sequitur,
622 1655 101 57 quod
673 1655 76 57 ille

169 1701 139 43 gradus,
270 1701 63 43 a
296 1701 88 43 quo
346 1701 139 43 sumitur
447 1701 164 43 conceptus
561 1701 189 43 differentiae-

171 1730 88 42 sit
222 1730 164 42 posterior
348 1730 151 42 conceptu
461 1730 151 42 generis.
575 1730 151 42 Secundo,
675 1730 76 42 quia

180 1764 180 40 differentia
324 1764 84 40 est
372 1764 108 40 extra
444 1764 144 40 rationem
552 1764 144 40 generis,
660 1764 108 40 alio

173 1802 105 40 quin
239 1802 92 40 bis
291 1802 171 40 poneretur
423 1802 119 40 genus
502 1802 79 40 in
542 1802 211 40 definitione,
713 1802 66 40 &

173 1832 96 49 sicl
233 1832 120 49 semper
317 1832 108 49 esset
389 1832 84 49 ibi
437 1832 144 49 nugatio,
546 1832 132 49 oportet
642 1832 96 49 ergo
690 1832 60 49 di-

168 1861 112 53 cere,
242 1861 100 53 quod
305 1861 187 53 differentia
454 1861 87 53 sit
504 1861 112 53 extra
579 1861 149 53 rationem
678 1861 75 53 gene

167 1902 108 42 ris,
235 1902 68 42 &
262 1902 108 42 quod
330 1902 81 42 se
370 1902 135 42 habeat
465 1902 95 42 per
519 1902 189 42 additionem
668 1902 81 42 ad
695 1902 54 42 ip

175 1931 100 46 sum.
237 1931 87 46 vbi
287 1931 100 46 ergo
349 1931 87 46 non
399 1931 87 46 est
449 1931 175 46 possibilis
587 1931 125 46 aliqua
662 1931 87 46 addi-

182 1973 98 45 tio,
243 1973 86 45 nec
292 1973 86 45 ibi
341 1973 86 45 est
391 1973 160 45 possibile
514 1973 147 45 accipere
612 1973 135 45 conceptum

181 2002 192 43 diffetentiae
337 2002 204 43 contrahentis,
506 2002 60 43 &
530 2002 216 43 distinguentis,
710 2002 60 43 &

170 2036 94 50 sic
223 2036 121 50 patet
304 2036 134 50 maior,
397 2036 121 50 probo
478 2036 107 50 ergo
545 2036 161 50 minorem;
665 2036 94 50 Deo
705 2036 54 50 n-

166 2079 95 34 cum
221 2079 95 34 sit
275 2079 135 34 omnino
370 2079 217 34 illimitatus,
546 2079 163 34 repugnat
654 2079 95 34 quae-

175 2103 138 57 cunque
272 2103 166 57 additio:
396 2103 97 57 nam
451 2103 83 57 si
493 2103 110 57 enti
562 2103 152 57 creato,
658 2103 97 57 dicto

765 165 87 61 de
808 165 131 61 decem
895 165 261 61 praedicamentis
1113 165 174 61 repugnat
1243 165 145 61 habere

757 215 146 45 aliquam
863 215 226 45 differentiam,
1049 215 106 45 quae
1115 215 80 45 se
1155 215 133 45 habeat
1248 215 93 45 per
1288 215 53 45 ad

761 256 166 41 ditionem
886 256 83 41 ad
927 256 139 41 ipsum,
1024 256 83 41 vt
1066 256 125 41 patet
1149 256 83 41 ex
1191 256 83 41 7.
1218 256 125 41 Metaph-

766 287 112 41 ergo
836 287 112 41 enti
906 287 182 41 increato,
1046 287 112 41 quod
1115 287 98 41 est
1171 287 126 41 Deus,
1241 287 98 41 multo

760 316 123 43 magis
843 316 192 43 repugnabit
993 316 137 43 habere
1089 316 151 43 aliquam
1185 316 151 43 differen-

761 357 117 41 tiam
834 357 248 41 superadditam,
1039 357 175 41 secundum
1170 357 117 41 quam
1228 357 117 41 possit

769 389 150 45 concipi
878 389 95 45 sub
933 389 163 45 conceptu
1055 389 218 45 differentiae
1219 389 122 45 contra-

753 420 176 49 hentis
859 420 141 49 ipsum.

788 461 69 38 2
816 461 82 38 Si
857 461 110 38 Deus
926 461 137 38 posset
1022 461 151 38 concipi
1132 461 165 38 conceptu
1242 461 96 38 deter

767 490 121 43 minato
852 490 145 43 alicuius
960 490 193 43 differentiae
1117 490 205 43 contrahentis,
1275 490 60 43 se-

769 524 169 40 queretur,
899 524 104 40 quod
964 524 143 40 haberet
1067 524 156 40 aliquid,
1184 524 104 40 quod
1236 524 104 40 posset

763 558 114 47 stare
839 558 89 47 cum
890 558 152 47 opposito
1004 558 152 47 conceptu
1118 558 127 47 illius
1194 558 139 47 differen-

768 595 120 42 tiae,
848 595 107 42 quod
915 595 94 42 est
968 595 147 42 falsum,
1075 595 214 42 Consequentia
1235 595 94 42 patet

768 632 100 40 quia
830 632 162 40 vbicunque
954 632 87 40 est
1004 632 100 40 dare
1066 632 199 40 differentiam
1216 632 112 40 contra-

764 662 144 44 hentem,
868 662 91 44 ibi
921 662 91 44 est
973 662 105 44 dare
1038 662 118 44 genus
1117 662 131 44 potens
1208 662 118 44 stare
1274 662 65 44 cum

765 700 156 40 oppofita
882 700 208 40 differentia,
1051 700 91 40 cum
1102 700 78 40 de
1141 700 130 40 natura
1232 700 91 40 sua
1271 700 65 40 sit

761 733 126 44 diuidi
849 733 88 44 per
900 733 164 44 oppositas
1026 733 214 44 differentias.
1189 733 151 44 Falsitatem

769 770 125 38 probo,
856 770 87 38 nam
906 770 150 38 quicquid
1018 770 87 38 est
1068 770 75 38 in
1106 770 100 38 Deo,
1168 770 87 38 est
1218 770 125 38 diuina
1293 770 50 38 na

767 805 116 37 tura,
845 805 77 37 in
883 805 90 37 qua
935 805 116 37 nulla
1012 805 90 37 est
1064 805 168 37 composito
1193 805 142 37 realis,
1283 805 52 37 vt

761 837 151 46 superius
875 837 138 46 patuit,
975 837 75 46 si
1013 837 101 46 ergo
1076 837 138 46 aliquid
1176 837 126 46 posset
1252 837 88 46 stare

766 869 80 51 in
806 869 80 51 eo
846 869 93 51 cum
899 869 160 51 opposita
1019 869 213 51 differentia,
1178 869 160 51 sequeretur

766 908 101 39 quod
830 908 101 39 eius
893 908 126 39 natura
981 908 126 39 posset
1070 908 139 39 diuidi,
1171 908 63 39 &
1183 908 152 39 plurifica-

762 943 72 40 ri
798 943 84 40 per
846 943 108 40 illas
917 943 155 40 oppositas
1037 943 203 40 differentias,
1204 943 108 40 cuius
1264 943 72 40 con-

764 974 183 46 trarium
898 974 200 46 superius
1047 974 133 46 fuit
1114 974 183 46 ostensum.

796 1011 208 41 Confirmatur
963 1011 97 41 per
1018 1011 153 41 Auicen.
1129 1011 111 41 loco
1184 1011 153 41 praealle-

759 1048 139 37 gato,
851 1048 200 37 dicentem:
1005 1048 123 37 quod
1082 1048 154 37 primum
1190 1048 108 37 non
1236 1048 108 37 habet

764 1078 136 37 aliquid
863 1078 124 37 simile
950 1078 112 37 sibi,
1024 1078 87 37 nec
1074 1078 99 37 sibi
1136 1078 186 37 contrarium:
1272 1078 62 37 Si-

764 1110 98 40 cut
820 1110 112 40 ergo
890 1110 84 40 ex
932 1110 84 40 eo
974 1110 112 40 quod
1044 1110 168 40 repugnat
1170 1110 112 40 sibi
1226 1110 112 40 habere

768 1145 144 40 aliquid
872 1145 144 40 simile,
977 1145 91 40 non
1029 1145 131 40 potest
1121 1145 78 40 ab
1160 1145 78 40 eo
1199 1145 105 40 sumi
1252 1145 91 40 ratio

757 1179 155 45 generis,
873 1179 90 45 ita
925 1179 77 45 ex
964 1179 77 45 eo
1002 1179 103 45 quod
1067 1179 155 45 repugnat
1183 1179 103 45 sibi
1235 1179 103 45 habere

759 1216 152 38 aliquid
870 1216 208 38 contrarium,
1036 1216 97 38 non
1092 1216 139 38 potest
1189 1216 83 38 ab
1230 1216 83 38 eo
1258 1216 83 38 sumi

766 1248 104 45 ratio
836 1248 184 45 differentiae
986 1248 196 45 contrahentis,
1147 1248 58 45 &
1159 1248 184 45 distinguentis.

788 1283 69 45 3
816 1283 82 45 Si
857 1283 110 45 Deus
926 1283 137 45 posset
1022 1283 151 45 concipi
1132 1283 165 45 conceptu
1242 1283 96 45 deter

761 1318 123 45 minato
847 1318 148 45 alicuius
958 1318 210 45 differentiae,
1130 1318 185 45 sequeretur,
1266 1318 74 45 quod

768 1355 114 43 esset
844 1355 165 43 limitatus
971 1355 76 43 ad
1009 1355 140 43 aliquam
1111 1355 140 43 speciem
1200 1355 140 43 contentam

766 1379 88 47 sub
817 1379 126 47 aliquo
905 1379 139 47 genere,
1006 1379 88 47 sed
1057 1379 88 47 hoc
1107 1379 88 47 est
1157 1379 139 47 falsum,
1246 1379 88 47 ergo:

767 1419 213 46 Consequentia
939 1419 133 46 patet,
1032 1419 106 46 quia
1099 1419 80 46 de
1139 1419 146 46 ratione
1232 1419 106 46 diffe-

762 1452 144 42 rentiae
866 1452 91 42 est
919 1452 196 42 constituere
1076 1452 157 42 speciem,
1180 1452 157 42 Falsitatem

766 1489 123 50 probo,
852 1489 98 50 quia
913 1489 74 50 si
950 1489 98 50 Deus
1011 1489 110 50 esset
1085 1489 159 50 limitatus
1207 1489 74 50 ad
1232 1489 110 50 aliquam

760 1525 150 43 speciem
869 1525 150 43 positam
978 1525 95 43 sub
1032 1525 136 43 aliquo
1127 1525 150 43 genere,
1236 1525 95 43 non
1277 1525 68 43 con

762 1559 155 45 tineret
875 1559 226 45 perfectiones
1059 1559 141 45 omnium
1157 1559 170 45 generum,
1270 1559 57 45 im

768 1590 79 45 mo
807 1590 92 45 nec
860 1590 118 45 etiam
939 1590 118 45 omnes
1018 1590 210 45 perfectiones
1188 1590 131 45 illius
1267 1590 66 45 ge-

766 1627 125 42 neris,
853 1627 100 42 quia
915 1627 112 42 nulla
990 1627 137 42 species
1089 1627 149 42 continet
1201 1627 112 42 omnes
1264 1627 62 42 per

766 1663 178 42 tectiones
903 1663 96 42 sui
958 1663 164 42 generis;
1081 1663 137 42 dicere
1177 1663 137 42 autem,
1259 1663 82 42 quod

764 1694 117 44 Deus
837 1694 102 44 non
896 1694 190 44 contineat
1041 1694 233 44 perfectiones
1216 1694 117 44 omnium

767 1732 151 39 generum
877 1732 96 39 est
932 1732 137 39 contra
1028 1732 192 39 veritatem,
1179 1732 69 39 &
1206 1732 137 39 conrra
1288 1732 55 39 A-

764 1763 124 49 rist.
847 1763 69 49 &
874 1763 124 49 Comm.
957 1763 69 49 &
984 1763 124 49 Auic.
1067 1763 96 49 cum
1122 1763 110 49 Deus
1191 1763 96 49 sit
1232 1763 110 49 causa-

762 1796 128 44 omnium
852 1796 128 44 eorum,
941 1796 102 44 quae
1005 1796 77 44 in
1043 1796 166 44 generibus
1158 1796 191 44 continentur.:

789 1838 81 39 Ex
830 1838 95 39 his
884 1838 135 39 duabus
979 1838 243 39 conclusionibus
1182 1838 135 39 infero
1263 1838 81 39 ter-

765 1874 116 37 tiam,
843 1874 168 37 scilicet,
972 1874 103 37 quod
1037 1874 103 37 Deus
1101 1874 91 37 non
1153 1874 129 37 possit
1231 1874 129 37 concipi;

769 1903 169 40 conceptu
896 1903 183 40 complexo,
1036 1903 169 40 mediante
1163 1903 99 40 quo
1205 1903 141 40 dicatur.

775 1934 174 38 compositus
911 1934 74 38 ex
948 1934 136 38 genere,
1047 1934 62 38 &
1072 1934 198 38 differentia,
1233 1934 99 38 quae
1283 1934 62 38 sta

768 1976 89 37 tim
819 1976 114 37 patet
895 1976 76 37 ex
933 1976 89 37 iam
984 1976 140 37 dictis,
1085 1976 101 37 quia
1149 1976 165 37 conceptus
1263 1976 76 37 com-

765 2008 137 40 plexus
861 2008 164 40 supponit
984 2008 109 40 duos
1052 2008 137 40 primos
1148 2008 178 40 conceptus
1271 2008 68 40 sim

779 2036 137 39 plices,
878 2036 75 39 si
916 2036 100 39 ergo
978 2036 100 39 Deus
1040 2036 87 39 non
1090 2036 125 39 potest
1177 2036 137 39 concipi
1264 2036 75 39 duo-

768 2076 85 39 bus
816 2076 85 39 his
865 2076 182 39 conceptibus
1010 2076 194 39 simplicibus,
1168 2076 146 39 sequitur
1265 2076 73 39 quod

766 2111 94 43 nec
819 2111 120 43 etiam
899 2111 107 43 isto
966 2111 161 43 conceptu
1087 2111 174 43 complexo:
1207 2111 134 43 Confirmo
