1500 2345
177 168 156 46 quaedam
290 168 170 46 animalia
418 168 142 46 decisa
518 168 156 46 viuant,
631 168 156 46 tanquam

184 210 174 41 existente
317 210 80 41 in
358 210 94 41 eis
411 210 120 41 anima
491 210 94 41 vna
545 210 161 41 secundum
652 210 107 41 actum,

176 240 171 47 pluribus
304 240 128 47 autem
390 240 171 47 secundum
518 240 200 47 potentiam,
675 240 71 47 &
690 240 71 47 sic

161 274 217 45 extenduntur.

214 310 202 42 Quapropter
372 310 158 42 videtur
487 310 115 42 mihi
559 310 173 42 dicedum,
675 310 86 42 quod

177 343 123 39 omnis
259 343 109 39 alia
328 343 137 39 anima,
423 343 96 39 vna
478 343 150 39 excepta
574 343 191 39 intellectiua

174 380 191 40 extendatur
324 380 82 40 ad
365 380 204 40 extensionem
515 380 150 40 corporis.

214 414 75 38 Ad
252 414 113 38 cuius
328 414 226 38 intelligentiam
516 414 88 38 est
566 414 163 38 notandum,
680 414 75 38 quod

183 442 99 45 sola
244 442 136 45 materia
343 442 86 45 est
392 442 160 45 subiectum
516 442 197 45 quantitatis,
676 442 74 45 vt
701 442 49 45 su

183 484 130 44 perius
274 484 130 44 dictum
365 484 104 44 est;
430 484 78 44 ex
469 484 91 44 quo
522 484 143 44 infero,
626 484 104 44 quod
678 484 78 44 quam

181 509 114 53 titas
257 509 89 53 non
308 509 89 53 est
359 509 165 53 disposito
485 509 139 53 sequens
586 509 139 53 aliquam
675 509 76 53 for-

183 547 102 49 mam,
247 547 90 49 sed
298 547 128 49 potius
388 547 90 49 est
439 547 166 49 disposito
567 547 192 49 preueniens;
708 547 51 49 si

178 584 108 46 ergo
245 584 135 46 aliqua
339 584 121 46 forma
420 584 188 46 extendatur
568 584 94 46 per
608 584 148 46 quantita-

180 618 109 46 tem,
249 618 96 46 hoc
303 618 96 46 non
358 618 109 46 fiet
427 618 96 46 per
481 618 96 46 eam
536 618 151 46 tanquam
646 618 96 46 per
687 618 68 46 di-

180 650 203 44 spositionem
343 650 190 44 sequentem,
492 650 95 44 sed
546 650 149 44 tanquam
654 650 95 44 per
695 650 54 44 di

182 688 202 39 spositionem
343 688 229 39 praeuenientem
532 688 94 39 eam
572 688 175 39 necessario.

191 725 104 35 Quod
256 725 117 35 autem
334 725 169 35 quantitas
464 725 91 35 sit
516 725 169 35 disposito
633 725 117 35 praeue-

177 754 134 44 niens
266 754 149 44 formam
370 754 164 44 aliquam
489 754 208 44 necessario
638 754 119 44 duobus

187 794 115 34 modis
264 794 128 34 potest
354 794 179 34 intelligi,
495 794 90 34 vno
546 794 103 34 modo
610 794 77 34 vt
636 794 115 34 praeue-

183 826 110 45 niat
252 826 96 45 eam
307 826 152 45 quantum
417 826 83 45 ad
459 826 110 45 suum
528 826 124 45 esse,
610 826 110 45 alio
665 826 83 45 modo

185 858 139 42 quantum
286 858 76 42 ad
324 858 126 42 fieri,
413 858 101 42 tunc
476 858 101 42 enim
539 858 164 42 quantitas
653 858 101 42 dispo-

186 896 92 37 nit
238 896 210 37 praeueniendo
409 896 183 37 necessario
553 896 144 37 aliquam
644 896 105 37 formam

189 929 141 42 quantum
292 929 77 42 ad
330 929 115 42 esse,
407 929 128 42 quando
496 929 115 42 talis
573 929 115 42 forma
650 929 90 42 sic
688 929 64 42 de-

185 966 129 38 pendet
275 966 64 38 a
301 966 193 38 quantitate,
456 966 103 38 quod
520 966 90 38 non
572 966 129 38 potest
649 966 103 38 haber;

183 999 91 39 esse
240 999 91 39 sine
296 999 80 39 ea,
342 999 102 39 neque
410 999 114 39 potest
490 999 91 39 dare
547 999 91 39 esse
604 999 137 39 materiae
695 999 57 39 vel

188 1029 156 40 subiecto,
308 1029 96 40 nisi
368 1029 144 40 mediante
476 1029 84 40 ea,
524 1029 120 40 sicuti
596 1029 156 40 superficies

180 1060 122 51 potest
265 1060 97 51 dici
326 1060 170 51 praeuenire
459 1060 146 51 colorem,
569 1060 97 51 quia
629 1060 109 51 color
690 1060 61 51 non

182 1097 119 51 potest
265 1097 119 51 habere
348 1097 95 51 esse
408 1097 71 51 in
443 1097 142 51 subiecto
550 1097 95 51 sine
598 1097 154 51 superficie,

185 1137 84 41 nec
233 1137 96 41 dare
293 1137 96 41 esse
354 1137 157 41 subiecto,
474 1137 96 41 nisi
534 1137 145 41 mediante
643 1137 84 41 ea,
679 1137 72 41 quia

184 1172 154 39 proprium
300 1172 90 39 est
351 1172 193 39 superficiei
506 1172 116 39 primo
583 1172 103 39 loco
634 1172 116 39 colora-

185 1206 96 35 ri:
240 1206 83 35 Ab
282 1206 110 35 isto
351 1206 124 35 autem
433 1206 110 35 modo
502 1206 207 35 excluduntur
654 1206 96 35 omnes

179 1235 140 39 formae
277 1235 252 39 substantiales;
488 1235 98 39 Nam
544 1235 154 39 quamuis
642 1235 112 39 multae

186 1269 97 43 sint
247 1269 122 43 formae
332 1269 219 43 substantiales,
514 1269 97 43 quae
575 1269 85 43 non
623 1269 134 43 possunt
708 1269 49 43 ha

185 1307 99 47 bere
246 1307 99 47 esse
308 1307 99 47 sine
370 1307 148 47 materia,
481 1307 111 47 nulla
555 1307 111 47 tamen
629 1307 86 47 est
667 1307 86 47 forma

180 1338 208 44 substantialis,
354 1338 92 44 quae
411 1338 81 44 sic
457 1338 185 44 praeueniatur
608 1338 58 44 a
619 1338 127 44 quantita-

180 1378 88 38 te,
231 1378 63 38 &
256 1378 88 38 sic
307 1378 76 38 ab
344 1378 76 38 ea
382 1378 177 38 dependeat,
521 1378 101 38 quod
584 1378 88 38 det
634 1378 101 38 esse
685 1378 63 38 ma-

177 1412 127 44 teriae
266 1412 152 44 mediante
380 1412 190 44 quantitate,
532 1412 152 44 alioquin
634 1412 114 44 materia

179 1447 122 43 magis
261 1447 217 43 perficeretur
437 1447 95 43 per
491 1447 217 43 quantitatem,
668 1447 108 43 quam

177 1473 99 46 per
233 1473 142 46 formam
318 1473 227 46 substantialem.

225 1510 119 44 Neque
304 1510 132 44 obstat
396 1510 79 44 si
436 1510 158 44 dicatur,
555 1510 106 44 quod
608 1510 145 44 quantitas

189 1538 181 49 praeueniat
332 1538 130 49 formam
422 1538 78 49 vt
461 1538 155 49 superius
578 1538 130 49 dictum
655 1538 91 49 fuit;

191 1583 103 38 quia
256 1583 103 38 iste
320 1583 181 38 praeuentus
462 1583 90 38 non
514 1583 90 38 est
565 1583 142 38 quantum
669 1583 77 38 ad
694 1583 52 38 da

182 1615 71 42 re
218 1615 107 42 esse,
289 1615 83 42 sed
336 1615 166 42 necessario
467 1615 131 42 accidit
562 1615 119 42 formae
633 1615 119 42 substan-

187 1643 110 43 tiali
260 1643 73 43 in
297 1643 135 43 quantum
395 1643 86 43 dat
444 1643 98 43 esse
505 1643 159 43 materiae,
628 1643 98 43 quod
677 1643 73 43 prae

185 1685 153 42 ueniatur
300 1685 64 42 a
325 1685 191 42 quantitate.
478 1685 114 42 Idque
554 1685 114 42 patet
631 1685 76 42 ex
656 1685 89 42 duobo

218 1710 144 50 Primo,
319 1710 116 50 quia
391 1710 188 50 quantitas
535 1710 101 50 non
593 1710 101 50 est
636 1710 116 50 medium

183 1756 190 38 necessarium
335 1756 164 38 cooperans
461 1756 202 38 substantiali
626 1756 126 38 formae
701 1756 51 38 in

188 1784 108 43 dando
260 1784 96 43 esse
320 1784 156 43 materiae,
440 1784 108 43 sicut
512 1784 168 43 cooperatur
632 1784 120 43 superfi-

193 1816 102 43 cies
257 1816 127 43 colori
346 1816 76 43 in
384 1816 114 43 dando
460 1816 102 43 esse
523 1816 165 43 subiecto:
650 1816 89 43 nam
689 1816 63 43 da-

185 1853 79 39 to
224 1853 93 39 per
277 1853 172 39 possibile
409 1853 106 39 quod
476 1853 172 39 quantitas
594 1853 159 39 sequeretur

182 1888 134 37 formam
275 1888 241 37 substantialem,
477 1888 67 37 &
503 1888 174 37 inueniret
624 1888 134 37 materiam

182 1919 137 37 nudam,
278 1919 219 37 nihilhominus
456 1919 150 37 quantum
565 1919 96 37 est
619 1919 82 37 ex
660 1919 82 37 se
688 1919 68 37 per

184 1953 131 41 ficeret
279 1953 95 41 eam.
339 1953 107 41 Sicut
410 1953 95 41 ergo
470 1953 83 41 (vt
518 1953 107 41 dicit
589 1953 119 41 Arist.
673 1953 71 41 in
696 1953 60 41 se-

186 1995 129 39 cundo
272 1995 86 39 de
315 1995 143 39 Anima)
415 1995 157 39 quamuis
529 1995 157 39 clipeus
629 1995 115 39 praeue

192 2027 95 41 niat
252 2027 71 41 in
287 2027 143 41 clipeato
395 2027 107 41 ictum
466 2027 203 41 percutientis,
633 2027 107 41 nihil
692 2027 60 41 ta-

193 2060 92 39 men
245 2060 184 39 cooperatur
390 2060 197 39 percutienti
548 2060 79 39 in
587 2060 145 39 ratione
679 2060 79 39 cau-

189 2091 103 53 sae,
254 2091 103 53 quia
318 2091 181 53 percutiens
461 2091 91 53 non
512 2091 155 53 percutit
616 2091 142 53 clipeatum

773 168 159 48 mediante
892 168 146 48 clipeo,
998 168 106 48 quia
1065 168 80 48 si
1105 168 186 48 percutiens
1237 168 120 48 inueni-

776 208 90 38 ret
827 208 167 38 clipeatum
956 208 103 38 sine
1020 208 141 38 clipeo,
1122 208 115 38 etiam
1199 208 115 38 ipsum
1263 208 77 38 per-

774 245 157 33 cuteret,
892 245 105 33 immo
957 245 144 33 aptius,
1062 245 65 33 &
1088 245 144 33 melius,
1193 245 105 33 vnde
1245 245 105 33 magis.

768 279 107 42 illi
834 279 94 42 est
888 279 200 42 impedimento
1048 279 107 42 quam
1115 279 160 42 auxilio.
1235 279 94 42 Ita
1275 279 67 42 suo

775 312 106 47 modo
841 312 79 47 in
881 312 185 47 proposito,
1026 312 145 47 quamuis
1132 312 172 47 quantitas
1251 312 93 47 prae-

772 344 130 43 ueniat
863 344 130 43 formam
955 344 222 43 substantialem
1137 344 78 43 in
1176 344 157 43 materia,
1281 344 65 43 non

771 378 122 46 tamen
853 378 149 46 propter
961 378 95 46 hoc
1015 378 149 46 debemus
1123 378 149 46 dicere,
1231 378 108 46 quod
1285 378 68 46 for

772 416 79 43 ma
811 416 223 43 substantialis
995 416 171 43 perficiat
1126 416 157 43 materiam
1231 416 118 43 median-

769 449 72 43 te
805 449 179 43 quantitate,
948 449 83 43 ita
996 449 95 43 quod
1055 449 155 43 quantitas
1174 449 83 43 sit
1222 449 107 43 quasi
1282 449 72 43 pro-

770 480 131 43 fectio
862 480 184 43 propinqua,
1006 480 66 43 &
1032 480 118 43 forma
1111 480 223 43 substantialis
1281 480 66 43 re-

771 520 118 46 mota,
849 520 105 46 quia
915 520 118 46 sicut
993 520 131 46 scutum
1085 520 131 46 mediat
1176 520 118 46 inter
1241 520 105 46 percus

768 548 101 40 sum
825 548 72 40 &
854 548 231 40 percussionem
1041 548 130 40 solum
1128 548 173 40 secundum
1243 548 101 40 acci-

773 583 114 41 dens,
849 583 114 41 nihil
926 583 178 41 cooperando
1065 583 203 41 percussioni,
1230 583 89 41 ita
1268 583 76 41 quan

775 619 122 47 titas
857 619 136 47 mediat
952 619 122 47 inter
1033 619 176 47 materiam,
1169 619 68 47 &
1196 619 136 47 formam
1277 619 68 47 sub

773 655 184 36 stantialem
917 655 157 36 secundum
1035 655 171 36 accidens,
1166 655 118 36 nihil
1232 655 105 36 coope-

770 685 120 54 rando
850 685 134 54 formae
943 685 120 54 adhoc
1023 685 80 54 vt
1064 685 160 54 attingat
1184 685 174 54 materiam,
1304 685 40 54 &

770 720 83 44 det
818 720 95 44 illi
865 720 71 44 esse

816 748 161 52 Secundo
934 748 161 52 apparet
1051 748 103 52 hoc
1109 748 117 52 idem
1183 748 88 52 ex
1227 748 88 52 eo
1256 748 88 52 quod

778 797 167 39 quantitas
907 797 90 39 non
958 797 90 39 est
1009 797 103 39 apta
1073 797 103 39 nata
1138 797 154 39 recipere
1253 797 64 39 a
1266 797 77 39 for-

771 827 80 45 ma
811 827 212 45 substantiali
983 827 106 45 omne
1049 827 119 45 illud
1129 827 106 45 quod
1195 827 146 45 recipit
1288 827 53 45 ma

773 856 124 49 teria,
859 856 99 49 quia
921 856 136 49 materia
1020 856 136 49 recipit
1119 856 62 49 a
1143 856 111 49 forma
1205 856 136 49 simplici-

780 891 85 47 ter
829 891 97 47 esse
889 891 73 47 in
926 891 122 47 genere
1011 891 195 47 substantiae,
1170 891 97 47 quod
1230 891 85 47 non
1267 891 73 47 pons

779 924 101 51 dici
842 924 75 51 de
880 924 189 51 quantitate,
1031 924 75 51 vt
1069 924 126 51 patet,
1156 924 63 51 &
1182 924 101 51 ideo
1232 924 113 51 quanti-

771 963 87 45 tas
820 963 87 45 non
870 963 112 45 solum
945 963 87 45 est
995 963 112 45 media
1070 963 87 45 per
1120 963 162 45 accidens,
1245 963 75 45 eo
1270 963 75 45 quod

776 994 93 45 non
829 994 185 45 cooperetur
974 994 132 45 formae
1067 994 212 45 substantiali
1239 994 79 45 in
1266 994 79 45 dan-

774 1026 75 52 do
812 1026 100 52 esse
875 1026 163 52 materiae,
1000 1026 88 52 sed
1050 1026 75 52 ex
1088 1026 75 52 eo
1126 1026 100 52 quod
1188 1026 88 52 non
1239 1026 88 52 est
1276 1026 63 52 na-

769 1062 76 52 ta
807 1062 139 52 perfici
909 1062 89 52 per
959 1062 152 52 fformam,
1073 1062 114 52 sicut
1149 1062 177 52 perficitur
1276 1062 63 52 ma-

778 1096 132 49 tetia;
870 1096 66 49 &
897 1096 106 49 ideo
962 1096 106 49 tale
1028 1096 132 49 medium
1121 1096 79 49 in
1160 1096 119 49 nullo
1226 1096 119 49 impedit

771 1129 230 49 immediationem
961 1129 122 49 inter
1042 1129 135 49 formam
1123 1129 216 49 substantialem,

776 1164 67 46 &
802 1164 174 46 materiam:
936 1164 120 46 sicut
1016 1164 147 46 exempli
1123 1164 134 46 gratia
1203 1164 134 46 videmus,

771 1204 106 43 quod
837 1204 133 43 albedo
930 1204 80 43 in
970 1204 133 43 homine
1064 1204 133 43 potest
1157 1204 186 43 praeuenire
1290 1204 53 43 a-

767 1235 106 43 ctum
833 1235 198 43 sanationis,
991 1235 106 43 quia
1057 1235 119 43 tamen
1136 1235 92 43 non
1189 1235 92 43 est
1228 1235 106 43 susce-

781 1268 105 44 ptiua
851 1268 117 44 illius
933 1268 117 44 actus;
1015 1268 128 44 idcirco
1108 1268 82 44 ita
1154 1268 163 44 praeuenit,
1271 1268 70 44 quod

774 1304 116 37 tamen
851 1304 141 37 proprie
954 1304 90 37 non
1005 1304 128 37 mediat
1095 1304 116 37 inter
1172 1304 116 37 illum
1236 1304 103 37 actum,

777 1340 67 41 &
803 1340 162 41 hominem:
925 1340 94 41 sic
979 1340 81 41 in
1019 1340 175 41 proposito
1154 1340 148 41 quamuis
1249 1340 94 41 quam-

773 1375 117 40 titas
851 1375 183 40 praeueniat
995 1375 130 40 formam
1086 1375 222 40 substantialem
1269 1375 78 40 in
1295 1375 52 40 ma

776 1414 120 37 teria,
860 1414 96 37 quia
920 1414 108 37 tamen
992 1414 84 37 non
1040 1414 84 37 est
1089 1414 96 37 nata
1149 1414 132 37 perfici
1245 1414 84 37 per
1281 1414 60 37 for

770 1442 96 42 mam
825 1442 233 42 substantialem
1017 1442 82 42 ad
1058 1442 123 42 modum
1140 1442 178 42 materiae:
1263 1442 82 42 ideo

771 1476 95 40 ita
826 1476 177 40 praeuenit
962 1476 109 40 eam,
1030 1476 109 40 quod
1098 1476 122 40 tamen
1180 1476 150 40 proptie
1275 1476 68 40 non

767 1512 134 40 mediat
860 1512 121 40 inter
941 1512 94 40 ea;
994 1512 67 40 &
1021 1512 94 40 per
1075 1512 188 40 consequens
1222 1512 94 40 nec
1263 1512 80 40 impe

768 1545 103 44 dit
827 1545 206 44 immediatam
989 1545 162 44 vnionem
1107 1545 177 44 illarum.
1240 1545 88 44 Ex
1269 1545 74 44 quo

768 1579 170 41 apparet,
895 1579 113 41 quod
966 1579 170 41 exemplum
1093 1579 170 41 superius
1207 1579 127 41 positum

767 1610 78 51 de
806 1610 129 51 clypeo
896 1610 91 51 non
948 1610 91 51 est
1000 1610 129 51 omnino
1090 1610 129 51 simile
1181 1610 78 51 ei
1220 1610 103 51 quod
1271 1610 65 51 di-

774 1649 124 47 cimus
857 1649 83 47 de
899 1649 207 47 quantitate:
1065 1649 97 47 nam
1120 1649 152 47 quamuis
1217 1649 124 47 clypeus

771 1678 89 49 non
822 1678 179 49 praeueniat
963 1678 115 49 ictum
1039 1678 204 49 percussionis
1193 1678 140 49 cooperam.

774 1714 76 47 do
812 1714 140 47 aliquid
914 1714 76 47 in
952 1714 203 47 percussione,
1117 1714 102 47 vere
1181 1714 114 47 tamen
1244 1714 89 47 reci-

767 1745 89 47 pit
818 1745 77 47 in
857 1745 77 47 se
895 1745 115 47 ictum
972 1745 217 47 percussionis;
1150 1745 115 47 simul
1227 1745 89 47 cum
1265 1745 77 47 ipso

774 1789 170 41 percusso;
905 1789 65 41 &
931 1789 105 41 ideo
997 1789 118 41 magis
1075 1789 118 41 adhuc
1154 1789 170 41 praeuenit
1272 1789 65 41 por

773 1820 160 42 accidens
892 1820 173 42 quantitas
1026 1820 120 42 ipsam
1105 1820 133 42 formam
1185 1820 160 42 substantia

776 1852 110 47 lem,
845 1852 110 47 quam
914 1852 152 47 clypeus
1011 1852 207 47 percussionem.

810 1867 80 67 Ad
850 1867 186 67 propositum
996 1867 106 67 ergo
1062 1867 120 67 dico,
1142 1867 106 67 quod
1208 1867 120 67 nulla
1275 1867 66 67 for

776 1923 75 39 ma
813 1923 211 39 substantialis
987 1923 87 39 sic
1037 1923 149 39 dependet
1149 1923 62 39 a
1161 1923 174 39 quantitate,.

786 1959 102 39 quod
850 1959 89 39 det
901 1959 102 39 esse
965 1959 153 39 materiae
1079 1959 153 39 mediante
1181 1959 153 39 quantitate

778 1991 78 42 ex
817 1991 91 42 quo
869 1991 168 42 sequitur,
998 1991 104 42 quod
1063 1991 117 42 nulla
1141 1991 117 42 forma
1205 1991 130 42 substan-

776 2025 131 35 tialis
868 2025 184 35 extendatur
1012 2025 92 35 per
1065 2025 210 35 quantitatem,
1222 2025 118 35 tanquam

788 2054 91 49 per
840 2054 222 49 dispositionem
1023 2054 222 49 praeuenientem
1206 2054 91 49 eam
1245 2054 91 49 neces

782 2089 135 59 sario,
876 2089 67 59 &
903 2089 94 59 per
957 2089 81 59 se
997 2089 148 59 quantum
1105 2089 81 59 ad
1145 2089 108 59 suum
1212 2089 108 59 esse
1266 2089 81 59 quod
