1500 2368
121 168 94 49 dat
174 168 175 49 materiae:
309 168 81 49 ex
349 168 94 49 quo
403 168 148 49 habetur
510 168 94 49 vel
564 168 108 49 quod
618 168 94 49 nulla

123 216 116 47 forma
200 216 218 47 snbstantialis
380 216 180 47 extenditur
521 216 90 47 per
560 216 141 47 quantita-

125 245 101 54 tem,
189 245 89 54 vel
239 245 76 54 si
277 245 177 54 extenditur
416 245 89 54 hoc
467 245 114 54 erit,
543 245 114 54 prout
606 245 101 54 quanti

131 283 85 41 tas
180 283 171 41 necessario
314 283 158 41 praeuenit
435 283 97 41 eam,
496 283 73 41 in
521 283 97 41 fieri.

165 309 106 59 Tunc
231 309 119 59 autem
311 309 173 59 quantitas
443 309 93 59 est
497 309 173 59 disposito
616 309 93 59 prae-

131 349 150 48 ueniens
241 349 137 48 formam
336 349 191 48 necessario
486 349 150 48 quantum
596 349 82 48 ad
623 349 82 48 suum

130 388 128 47 fieri,
220 388 128 47 quando
310 388 115 47 talis
387 388 115 47 forma
463 388 154 47 educitur
579 388 77 47 de
604 388 103 47 poten-

129 420 89 46 tia
180 420 153 46 materiae
295 420 153 46 quantae,
410 420 64 46 &
436 420 153 46 extense;
551 420 89 46 nam
602 420 102 46 quia
653 420 51 46 ma

125 458 116 45 teria
202 458 142 45 quanta,
306 458 64 45 &
331 458 142 45 extensa
434 458 116 45 habet
512 458 180 45 distinctas
641 458 64 45 par

134 487 101 48 tes,
197 487 139 48 oportet
298 487 189 48 necessario,
450 487 101 48 quod
513 487 76 48 ex
551 487 114 48 alia,
627 487 63 48 &
639 487 76 48 alia

136 529 109 44 parte
209 529 146 44 materiae
318 529 146 44 educatur
427 529 109 44 alia,
500 529 61 44 &
524 529 97 44 alia
585 529 97 44 pars
633 529 73 44 for-

131 560 103 47 mae,
195 560 64 47 &
221 560 103 47 tunc
285 560 115 47 forma
362 560 141 47 habebit
464 560 128 47 alias,
554 560 64 47 &
580 560 115 47 alias
644 560 64 47 par

127 598 95 38 tes,
187 598 59 38 &
210 598 83 38 sic
258 598 95 38 erit
317 598 131 38 extensa
413 598 83 38 per
460 598 155 38 accidens;
579 598 59 38 &
603 598 95 38 ista
651 598 59 38 est

126 630 122 43 melior
211 630 122 43 ratio,
297 630 98 43 quae
358 630 122 43 possit
444 630 110 43 fieri
517 630 73 43 ad
554 630 110 43 istam
615 630 98 43 conclu

130 668 147 36 sionem,
237 668 107 36 quam
304 668 134 36 tangit
397 668 134 36 frater
491 668 161 36 AEgidius
598 668 107 36 nostet

132 700 74 36 in
169 700 98 36 ista
230 700 123 36 octaua
316 700 148 36 distinct
427 700 74 36 vt
464 700 160 36 ostendat,
587 700 98 36 quod
636 700 74 36 onis

135 734 117 38 forma
213 734 182 38 materialis
356 734 78 38 eo
395 734 104 38 ipso
460 734 91 38 quo
512 734 143 38 deducta
616 734 91 38 est
655 734 52 38 de

135 764 154 52 potentia
251 764 154 52 materiae
366 764 179 52 necessario
507 764 141 52 dicitur
597 764 115 52 extensa

133 806 91 44 per
185 806 170 44 accidens;
316 806 118 44 anima
394 806 105 44 vero
460 806 222 44 intellectiua,
630 806 78 44 quia

130 843 90 43 non
182 843 90 43 est
233 843 141 43 educta,
336 843 116 43 neque
413 843 180 43 educibilis
554 843 77 43 de
580 843 128 43 potentia

132 873 173 40 materiae,
265 873 120 40 nullo
345 873 107 40 modo
411 873 93 40 est
451 873 120 40 extensa

169 899 205 54 Impugnatur
330 899 132 54 tamen
418 899 73 54 a
448 899 190 54 quibusdam
579 899 132 54 duplici

138 941 106 45 ter;
204 941 119 45 Primo
283 941 145 45 dicunt,
389 941 106 45 quod
455 941 106 45 eius
521 941 119 45 ratio
600 941 92 45 non
640 941 79 45 con-

136 980 146 42 cludit,
242 980 93 42 nam
295 980 120 42 sicut
375 980 120 42 forma
455 980 160 42 educitur
575 980 80 42 de
602 980 106 42 poten-

139 1012 91 49 tia
191 1012 157 49 materiae
309 1012 144 49 passiue
413 1012 170 49 loquendo,
543 1012 91 49 ita
583 1012 130 49 educitur

134 1047 77 42 de
173 1047 153 42 potentia
288 1047 141 42 agentis
390 1047 141 42 actiue,
492 1047 89 42 sed
543 1047 77 42 ex
581 1047 115 42 parte
645 1047 64 42 age

142 1078 83 40 tis
190 1078 83 40 non
237 1078 178 40 praeexistit
380 1078 107 40 alia,
451 1078 59 40 &
475 1078 95 40 alia
535 1078 95 40 pars
594 1078 119 40 formae
665 1078 48 40 in

133 1117 109 39 ipso;
205 1117 97 39 ergo
266 1117 85 39 nec
314 1117 109 39 debet
387 1117 109 39 dici,
459 1117 97 39 quod
520 1117 73 39 in
556 1117 109 39 alia,
628 1117 60 39 &
640 1117 73 39 alis

138 1151 105 47 parte
209 1151 141 47 materiae
314 1151 176 47 praeexistat
454 1151 105 47 alia,
525 1151 59 47 &
548 1151 94 47 alia
607 1151 94 47 pars
653 1151 59 47 for

134 1185 109 58 mae,
203 1185 68 58 &
230 1185 109 58 ideo
298 1185 95 58 non
352 1185 191 58 concludit.

173 1211 152 50 Secundo
284 1211 152 50 dicunt,
394 1211 110 50 quod
463 1211 124 50 petit
532 1211 179 50 principium,

139 1251 106 53 quia
205 1251 133 53 probat
298 1251 133 53 formam
391 1251 106 53 esse
457 1251 159 53 extensam
576 1251 93 53 per
616 1251 93 53 acci-

140 1287 115 48 dens,
217 1287 76 48 eo
255 1287 102 48 quod
318 1287 76 48 de
357 1287 115 48 alia,
433 1287 64 48 &
458 1287 102 48 alia
522 1287 115 48 parte
586 1287 127 48 materiae

146 1325 144 49 educitur
254 1325 108 49 alia,
326 1325 60 49 &
350 1325 96 49 alia
410 1325 96 49 pars
471 1325 132 49 formae,
567 1325 60 49 &
591 1325 84 49 sic
627 1325 84 49 suppo

135 1360 93 37 nit
188 1360 133 37 formam
281 1360 133 37 habere
374 1360 146 37 partes,
481 1360 93 37 hoc
534 1360 120 37 autem
614 1360 93 37 non
653 1360 67 37 est

136 1392 109 48 nisi
205 1392 123 48 ipsam
287 1392 109 48 esse
355 1392 178 48 extensam,
492 1392 68 48 &
519 1392 96 48 hoc
574 1392 109 48 est,
629 1392 82 48 quod

143 1429 165 50 quaeritur,
273 1429 94 50 vnde
332 1429 142 50 supponit
438 1429 94 50 quod
497 1429 83 50 est
545 1429 71 50 in
568 1429 142 50 principio.

179 1462 100 48 His
236 1462 129 48 tamen
322 1462 100 48 non
379 1462 215 48 obstantibus
551 1462 129 48 dico,
622 1462 86 48 quod

151 1493 99 42 eius
213 1493 112 42 ratio
287 1493 87 42 est
337 1493 137 42 optima;
436 1493 124 42 deduco
523 1493 112 42 tamen
597 1493 87 42 eam
635 1493 74 42 ali-

148 1531 98 46 ter
204 1531 168 46 secundum
330 1531 196 46 fundamenta
483 1531 168 46 superius
595 1531 112 46 posita

148 1566 140 49 postea
246 1566 168 49 remouebo
372 1566 98 49 has
428 1566 252 49 impuonationes.
623 1566 98 49 Suppo

143 1593 72 54 no
179 1593 96 54 ergo
239 1593 72 54 ex
275 1593 84 54 iam
322 1593 132 54 dictis,
418 1593 96 54 quod
478 1593 108 54 nulla
550 1593 108 54 forma
609 1593 108 54 substan

147 1642 130 44 tialis
238 1642 183 44 extendatur
382 1642 91 44 per
434 1642 209 44 quantitatem,
604 1642 144 44 tanquam

145 1669 91 52 per
197 1669 220 52 dispositionem
378 1669 168 52 sequentem
508 1669 78 52 in
547 1669 142 52 ratione
637 1669 78 52 for-

146 1704 112 43 malis
220 1704 162 43 principij
345 1704 124 43 dantis
432 1704 112 43 esse;
506 1704 112 43 neque
581 1704 112 43 etiam
643 1704 75 43 tan-

150 1744 114 46 quam
221 1744 100 46 per
278 1744 243 46 dispositionem
478 1744 243 46 praeuenientem
664 1744 57 46 in

145 1774 143 57 ratione
249 1774 169 57 principij
379 1774 182 57 materialis
521 1774 195 57 cooperantis
664 1774 52 57 ad

147 1804 110 53 illud
220 1804 110 53 esse,
293 1804 97 53 quod
354 1804 85 53 dat
390 1804 134 53 materiae.

185 1830 74 65 Si
222 1830 98 65 ergo
283 1830 123 65 aliqua
369 1830 110 65 forma
442 1830 208 65 substantialis
614 1830 86 65 per
650 1830 74 65 quam

146 1876 145 42 titatem
251 1876 198 42 extendatur,
410 1876 92 42 hoc
463 1876 106 42 erit
529 1876 145 42 tanquam
635 1876 92 42 per
674 1876 53 42 di

148 1915 203 49 spositionem
311 1915 230 49 praeuenientem
500 1915 189 49 necessario
635 1915 81 49 eam,

151 1945 146 52 quantum
257 1945 80 52 ad
297 1945 107 52 suum
364 1945 133 52 fieri.
457 1945 93 52 Quo
510 1945 146 52 posito,
617 1945 93 52 sic
657 1945 53 52 ar

141 1981 112 58 guo;
211 1981 126 58 Omne,
295 1981 112 58 quod
364 1981 167 58 supponit
490 1981 223 58 quantitatem,
657 1981 70 58 tan

152 2019 109 48 quam
221 2019 232 48 dispositionem
411 2019 191 48 necessario
561 2019 191 48 requisitam

152 2048 77 51 ad
191 2048 103 51 suum
255 2048 116 51 sieri
332 2048 180 51 extenditur
474 2048 90 51 per
525 2048 154 51 accidens
628 2048 90 51 quae-

158 2084 107 44 ibet
224 2084 120 44 forma
304 2084 186 44 materialis
451 2084 93 44 est
504 2084 186 44 huiusmodi,
637 2084 80 44 ergo

151 2118 90 60 &c.
203 2118 116 60 Maior
280 2118 167 60 probatur,
408 2118 103 60 quia
472 2118 128 60 illud,
562 2118 103 60 quod
613 2118 103 60 suppo

725 163 95 69 nit
780 163 204 69 quantitatem
943 163 149 69 tanquam
1051 163 231 69 dispositionem
1228 163 68 69 ne-

725 218 154 57 cessariam
844 218 71 57 in
879 218 83 57 suo
927 218 119 57 ficri,
1010 218 166 57 necessario
1140 218 83 57 fit
1176 218 130 57 diuisibi-

730 251 120 40 liter,
814 251 84 40 nam
862 251 145 40 sifieret
971 251 241 40 indiuisibiliter,
1176 251 84 40 non
1212 251 96 40 neces-

728 287 125 51 sario
811 287 194 51 requireret
964 287 222 51 quantitatem,
1144 287 111 51 quod
1199 287 97 51 autem

723 323 90 36 fit
774 323 218 36 diuisibiliter
954 323 179 36 necessario
1094 323 90 36 est
1145 323 166 36 extensum,
1261 323 38 36 &

724 353 199 58 diuisibile.
883 353 146 58 Minorem
989 353 119 58 probo
1069 353 186 58 dupliciter
1201 353 93 58 Primo

722 394 80 40 ex
762 394 80 40 eo
802 394 107 40 quod
869 394 94 40 non
922 394 134 40 potest
1016 394 107 40 esse
1083 394 174 40 contactus
1203 394 94 40 agen-

723 422 89 54 tis
774 422 165 54 naturalis
901 422 76 54 ad
939 422 152 54 materiam
1053 422 101 54 nisi
1116 422 165 54 supposita
1230 422 76 54 quam

723 459 142 55 titate,
826 459 103 55 ergo
891 459 168 55 quantitas
1020 459 181 55 necessario
1149 459 155 55 requiritur

723 491 77 45 in
762 491 166 45 eductione
890 491 128 45 formae
979 491 77 45 de
1018 491 154 45 potentia
1133 491 166 45 materiae.
1248 491 51 45 Se

726 529 131 50 cundo
814 529 87 50 ex
858 529 87 50 eo
901 529 117 50 quod
974 529 131 50 omnes
1062 529 146 50 partes
1149 529 146 50 materiae

729 566 109 51 sunt
798 566 82 51 in
839 566 164 51 potentia
962 566 82 51 ad
1003 566 137 51 formam
1098 566 123 51 eodem
1180 566 123 51 modo,
1262 566 68 51 &

733 598 107 50 ideo
800 598 161 50 oportet,
920 598 107 50 quod
987 598 121 50 etiam
1068 598 121 50 eodem
1148 598 107 50 modo
1202 598 94 50 redum

726 631 131 58 cantur
818 631 79 58 ad
857 631 131 58 actum,
949 631 92 58 vel
1001 631 105 58 ergo
1067 631 131 58 forma,
1159 631 105 58 quae
1211 631 92 58 debet

726 666 159 59 reducere
845 666 120 59 omnes
925 666 133 59 partes
1018 666 159 59 materiae
1138 666 80 59 de
1164 666 133 59 potentia

726 699 82 49 ad
767 699 122 49 actum
849 699 95 49 non
903 699 163 49 educetur
1026 699 82 49 de
1067 699 177 49 potentia,
1189 699 109 49 alicu-

728 735 91 55 ius
780 735 142 55 partis,
883 735 91 55 vel
935 735 155 55 educetur
1051 735 78 55 de
1090 735 155 55 potentia
1194 735 103 55 omnium

724 772 150 53 partium
834 772 123 53 eodem
916 772 123 53 modo:
998 772 96 53 Non
1052 772 137 53 potest
1148 772 123 53 dici,
1216 772 82 53 quod

733 804 86 55 non
782 804 147 55 educatur
892 804 74 55 de
929 804 147 55 potentia
1039 804 147 55 alicuius
1150 804 135 55 partis,
1235 804 74 55 quia

728 836 99 53 tunc
790 836 112 53 nullo
864 836 112 53 modno
939 836 149 53 educeret
1051 836 75 53 de
1088 836 99 53 poia
1150 836 162 53 materiae,
1262 836 50 53 se

739 875 121 43 quitur
824 875 97 43 ergo
884 875 97 43 quod
945 875 146 43 educatur
1054 875 73 43 de
1091 875 146 43 potentia
1200 875 97 43 oium
1248 875 61 43 par

731 909 116 58 tium,
808 909 103 58 quod
873 909 116 58 autem
950 909 90 58 sic
1002 909 155 58 educitur
1118 909 180 58 necessario
1247 909 64 58 fit

740 943 231 45 diuisibiliter,
933 943 64 45 &
958 943 180 45 extenditur
1100 943 90 45 cum
1151 943 154 45 partibus
1254 943 51 45 ma

739 979 134 53 teriae,
836 979 98 53 quia
897 979 146 53 supponit
1007 979 183 53 quantitatem
1154 979 73 53 in
1190 979 85 53 suo
1227 979 73 53 fie-

736 1017 85 43 ri:
784 1017 85 43 nam
833 1017 85 43 cum
882 1017 85 43 vna
930 1017 97 43 pars
991 1017 134 43 materia
1088 1017 85 43 sit
1137 1017 109 43 extra
1210 1017 122 43 aliam,

740 1047 96 55 non
795 1047 150 55 videtur
904 1047 123 55 posse
986 1047 137 55 fieri,
1082 1047 109 55 quod
1151 1047 150 55 eductum
1246 1047 55 55 de

742 1082 87 58 vna
791 1082 112 58 parte
866 1082 149 58 educatur
978 1082 75 58 de
1016 1082 112 58 alia;
1090 1082 112 58 sicut
1165 1082 100 58 ergo
1215 1082 87 58 mate-

738 1116 89 53 ria
789 1116 153 53 quatenus
904 1116 89 53 est
955 1116 127 53 ratio,
1044 1116 76 53 de
1082 1116 89 53 qua
1133 1116 114 53 forma
1196 1116 102 53 educi-

738 1151 120 56 citur
818 1151 120 56 habet
897 1151 133 56 partem
991 1151 120 56 extra
1070 1151 146 56 partem:
1177 1151 93 56 ita
1217 1151 93 56 opor-

731 1185 100 58 fet,
793 1185 100 58 quod
855 1185 125 58 forma,
942 1185 100 58 quae
1005 1185 75 58 de
1042 1185 100 58 eius
1105 1185 150 58 potentia
1204 1185 100 58 educi-

737 1220 86 60 tur
786 1220 86 60 sic
835 1220 147 60 educatur
945 1220 221 60 diuisibiliter,
1129 1220 98 60 quod
1178 1220 123 60 secundum

737 1255 128 45 allud
822 1255 171 45 educatur
950 1255 85 45 ex
993 1255 100 45 vna
1050 1255 142 45 parte,
1149 1255 71 45 &
1164 1255 142 45 secundum

729 1289 126 62 aliud
813 1289 84 62 ex
855 1289 126 62 alia;
939 1289 70 62 &
967 1289 98 62 hoc
1023 1289 98 62 est
1079 1289 210 62 fundamentum
1233 1289 70 62 cui

737 1324 158 37 innititur
858 1324 109 37 ratio
931 1324 146 37 Doctoris
1028 1324 109 37 nostri.

762 1352 114 69 Viso
833 1352 128 69 autem
919 1352 100 69 hoc
976 1352 200 69 fundamento
1133 1352 143 69 facile
1218 1352 86 69 tol-

731 1390 134 61 luntur
824 1390 227 61 impugnationes
1011 1390 134 61 contra
1105 1390 120 61 illam

771 1427 96 58 Nam
826 1427 96 58 cum
881 1427 123 58 primo
963 1427 164 58 dicitur,
1086 1427 109 58 quod
1154 1427 123 58 sicut
1223 1427 82 58 for-

730 1457 72 68 ma
766 1457 181 68 praeexistit
911 1457 72 68 in
947 1457 145 68 potentia
1056 1457 133 68 passiua
1152 1457 145 68 materie,
1249 1457 60 68 ita

730 1498 109 58 etiam
803 1498 182 58 praeexistit
949 1498 73 58 in
985 1498 146 58 potentia
1094 1498 122 58 actiua
1179 1498 146 58 agentis,

734 1533 99 59 dico
795 1533 99 59 quod
857 1533 74 59 si
894 1533 74 59 ly
931 1533 124 59 sicut,
1018 1533 111 59 notat
1092 1533 198 59 aequalitatem
1240 1533 62 59 ne-

742 1566 183 62 cessitatis,
888 1566 98 62 vera
950 1566 86 62 est
998 1566 171 62 proposito,
1133 1566 98 62 quia
1194 1566 73 62 si
1218 1566 86 62 forma

735 1600 118 58 debet
813 1600 131 58 reduci
905 1600 78 58 de
944 1600 157 58 potentia
1062 1600 78 58 ad
1101 1600 131 58 actum,
1179 1600 118 58 necesse

736 1635 97 58 est,
797 1635 97 58 quod
857 1635 109 58 aeque
930 1635 182 58 praeexistat
1076 1635 73 58 in
1113 1635 146 58 potentia
1210 1635 97 58 actiua

734 1668 149 61 agentis,
845 1668 62 61 &
870 1668 75 61 in
907 1668 149 61 potentia
1019 1668 137 61 passiua
1119 1668 161 61 materiae,
1230 1668 75 61 quia

745 1705 105 58 vnum
811 1705 92 58 non
863 1705 158 58 sufficit
982 1705 105 58 sine
1048 1705 145 58 altero.
1153 1705 79 58 Si
1193 1705 119 58 autem
1258 1705 40 58 l

744 1739 131 59 licut,
836 1739 118 59 notet
914 1739 170 59 absolutam
1045 1739 236 59 similitudinem,
1228 1739 79 59 tunc

742 1774 177 58 proposito
878 1774 95 58 est
933 1774 136 58 falsa,
1028 1774 109 58 quia
1096 1774 95 58 non
1150 1774 122 58 eodem
1218 1774 82 58 modo

748 1807 181 48 praeexistit
892 1807 169 48 vtrobique;
1025 1807 72 48 in
1061 1807 145 48 potentia
1170 1807 96 48 enim
1218 1807 84 48 acti-

749 1845 69 56 ia
784 1845 127 56 agentis
877 1845 81 56 sic
923 1845 185 56 praeexistit,
1074 1845 93 56 quod
1131 1845 93 56 suum
1189 1845 116 56 fieri,
1270 1845 58 56 &

743 1877 98 57 suum
804 1877 98 57 esse
865 1877 98 57 sunt
926 1877 147 57 separata
1037 1877 61 57 a
1061 1877 98 57 tali
1122 1877 159 57 potentia,
1245 1877 86 57 sed

739 1914 78 55 in
778 1914 156 55 potentia
895 1914 143 55 passiua
999 1914 156 55 materiae
1117 1914 104 55 sunt
1169 1914 143 55 coniuncta

738 1948 91 52 cum
790 1948 105 52 illa
856 1948 170 52 potentia,
986 1948 65 52 &
1012 1948 144 52 idcirco
1104 1948 209 52 rationabiliter

742 1981 212 56 diuisibilitas,
919 1981 83 56 vel
966 1981 224 56 indiuisibilitas
1155 1981 118 56 formae
1225 1981 83 56 debet

741 2014 117 59 accipi
823 2014 105 59 penes
894 2014 234 59 diuisibilitatem,
1093 2014 152 59 potentiae
1198 2014 117 59 passiuae

741 2049 64 58 &
767 2049 89 58 non
818 2049 153 58 actiuae,
932 2049 64 58 &
958 2049 89 58 sic
1009 2049 115 58 eorum
1085 2049 115 58 ratio
1161 2049 89 58 non
1199 2049 115 58 conclu-

739 2086 103 57 dit,
804 2086 103 57 quia
868 2086 116 57 mutat
946 2086 116 57 modum
1023 2086 219 57 necessitatis,
1204 2086 77 57 in
1230 2086 90 57 modum

729 2120 195 57 similitudinis,
