1500 2325
182 160 205 46 distinguitur
349 160 64 46 a
375 160 128 46 filio,
465 160 103 46 quam
529 160 128 46 filius
619 160 64 46 a
631 160 116 46 Spiritu

160 204 145 49 Sancto.

219 233 67 43 2
245 233 214 43 Confirmatur,
419 233 107 43 quia
486 233 94 43 qua
539 233 147 43 ratione
646 233 94 43 non
686 233 67 43 pos

182 264 97 44 sunt
243 264 85 44 ibi
291 264 183 44 plurificari
438 264 195 44 productiones
596 264 134 44 eiusdem
681 264 61 44 spe

188 307 112 38 ciei,
262 307 62 38 &
287 307 162 38 rationis,
412 307 100 38 pari
474 307 137 38 ratione
574 307 149 38 videtur,
673 307 75 38 quod

178 340 83 45 non
226 340 131 45 possint
321 340 83 45 ibi
368 340 178 45 plurificari
511 340 154 45 personae,
629 340 95 45 quae
677 340 71 45 sint

186 365 134 52 eiusdem
284 365 147 52 speciei,
393 365 61 52 &
406 365 134 52 rationis.

212 406 68 41 3
240 406 177 41 Principia
376 406 218 41 productionum
553 406 109 41 sunt
608 406 136 41 alterius

180 442 163 43 rationis,
306 442 113 43 ergo,
381 442 63 43 &
406 442 163 43 producta.
532 442 201 43 Consequentia
682 442 63 43 vi-

184 470 113 42 detur
260 470 113 42 nota,
335 470 100 42 quia
397 470 88 42 non
447 470 113 42 debet
523 470 100 42 esse
585 470 113 42 maior
648 470 100 42 distin

180 512 96 38 ctio
240 512 72 38 in
276 512 203 38 principiatis,
443 512 96 38 quam
503 512 72 38 in
539 512 179 38 principijs:
670 512 72 38 Ante

176 540 128 45 cedens
266 540 128 45 patet,
356 540 103 45 quia
420 540 205 45 intellectus,
587 540 64 45 &
600 540 141 45 voluntas,

175 582 109 36 quae
243 582 109 36 sunt
311 582 177 36 principia
448 582 150 36 ipsarum
543 582 204 36 productionum,

179 609 101 51 sunt
242 609 164 51 potentiae
369 609 151 51 alterius
482 609 151 51 rations,
596 609 126 51 saltem
671 609 76 51 for

162 644 133 41 maliter,

210 661 80 53 Ad
250 661 186 53 euidentiam
396 661 106 53 ergo
462 661 146 53 istarum
568 661 159 53 rationum
675 661 66 53 in-

184 713 217 42 telligendum,
361 713 109 42 quod
429 713 136 42 quidam
524 713 163 42 volentes
646 713 95 42 eas
687 713 68 42 vi-

175 745 109 41 tare,
247 745 133 41 dicunt,
344 745 181 41 relationes,
489 745 84 41 per
537 745 97 41 quas
585 745 157 41 constituun-

174 777 84 44 tur
222 777 157 44 personae,
343 777 84 44 non
391 777 145 44 differre
500 777 133 44 specle,
596 777 97 44 quia
644 777 97 44 fundan

170 816 100 37 tur
227 816 128 37 super
312 816 128 37 eodem
383 816 185 37 fundamento.

200 846 87 41 Sed
249 846 112 41 istam
324 846 161 41 responsio
448 846 87 41 non
497 846 124 41 potest
584 846 124 41 stare:
658 846 87 41 Primo

174 887 106 41 quia
240 887 145 41 videmus
345 887 119 41 etiam
424 887 211 41 increaturis,
596 887 106 41 quod
649 887 92 41 super

178 923 121 35 eodem
258 923 188 35 fundamento
406 923 174 35 fundantur
540 923 161 35 diuersae
661 923 107 35 rela

170 946 128 40 tiones
260 946 154 40 secundum
375 946 154 40 speciem;
491 946 115 40 sicut
568 946 154 40 scientia
670 946 77 40 fun-

171 986 85 39 dat
219 986 170 39 relationem
353 986 157 39 mensurati
474 986 145 39 respectu
583 986 157 39 scibilis,
704 986 61 39 &

176 1019 184 37 relationem
320 1019 223 37 similitudinis
504 1019 158 37 respectu
610 1019 131 37 alterius

175 1051 156 39 scientiae
295 1051 132 39 eiusdem
391 1051 144 39 speciei.
499 1051 144 39 Secundo,
607 1051 108 39 quia,
679 1051 84 39 non

167 1083 102 42 ideo
231 1083 166 42 praefatae
359 1083 179 42 relationes
499 1083 89 42 non
550 1083 166 42 differunt
665 1083 77 42 spe-

175 1120 109 41 cie,
244 1120 109 41 quia
312 1120 178 41 fundantur
449 1120 123 41 super
531 1120 123 41 eodem
599 1120 137 41 fundamen

174 1153 83 46 to;
222 1153 83 46 nam
269 1153 95 46 pari
328 1153 142 46 ratione,
435 1153 83 46 non
483 1153 166 46 differrent
613 1153 83 46 nec
649 1153 83 46 etiam

164 1192 150 37 numero,
273 1192 109 37 quia
341 1192 122 37 magis
423 1192 163 37 repugnat
545 1192 122 37 plura
614 1192 122 37 aceide-

172 1224 85 36 tia
220 1224 97 36 solo
281 1224 121 36 numero
366 1224 182 36 differentia
512 1224 133 36 fundari
609 1224 73 36 in
633 1224 97 36 eodem,

170 1249 110 49 quam
239 1249 192 49 accidentia
390 1249 206 49 differentia
555 1249 165 49 secundum
665 1249 82 49 spe-

172 1294 109 37 ctem.
245 1294 133 37 Tertio,
342 1294 97 37 quia
402 1294 73 37 si
439 1294 170 37 differrent
572 1294 97 37 solo
621 1294 109 37 numero,

172 1321 99 38 tunc
234 1321 124 38 essent
321 1321 285 38 relationeslsimiles,
569 1321 62 38 &
594 1321 137 38 eiusdem
680 1321 50 38 ra

171 1355 146 47 tionis,
277 1355 106 47 quod
343 1355 93 47 est
383 1355 133 47 absurdum

195 1386 68 47 Et
229 1386 91 47 ideo
286 1386 91 47 alij
343 1386 114 47 aliter
422 1386 171 47 respondent,
559 1386 148 47 dicentes,
662 1386 68 47 quod

177 1425 80 38 si
217 1425 159 38 loquamur
336 1425 80 38 de
376 1425 133 38 dictis
469 1425 159 38 personis
588 1425 80 38 in
615 1425 119 38 quantum

175 1457 130 42 habent
266 1457 156 42 naturam,
383 1457 65 42 &
409 1457 169 42 essentiam
538 1457 117 42 vnam,
616 1457 91 42 sic
655 1457 78 42 sunt

174 1492 109 42 vnius
247 1492 146 42 speciei;
356 1492 73 42 si
392 1492 97 42 vero
453 1492 146 42 loquamur
562 1492 61 42 d
586 1492 85 42 eis
635 1492 73 42 in
659 1492 73 42 quam

165 1521 93 47 tum
218 1521 225 47 constituuntur
403 1521 93 47 per
456 1521 212 47 proprietates
615 1521 119 47 relati-

165 1565 90 40 uas
217 1565 167 40 specifice
345 1565 193 40 distinctas,
500 1565 90 40 sic
539 1565 193 40 distinguuntur

167 1597 110 35 quasi
240 1597 171 35 specifice:
375 1597 98 35 haec
436 1597 159 35 responsio
559 1597 135 35 videtur
644 1597 86 35 Henri

166 1626 73 42 ci
202 1626 73 42 in
239 1626 110 42 summa
312 1626 97 42 sua,
373 1626 85 42 art
421 1626 85 42 oo.
470 1626 97 42 qui4
531 1626 73 42 in
568 1626 158 42 solutione
677 1626 61 42 se-

143 1659 313 54 ptimi
317 1659 418 54 argumenti.

207 1691 108 46 lste
275 1691 122 46 etiam
356 1691 122 46 modus
437 1691 203 46 respondendi
600 1691 108 46 mihi
654 1691 81 46 vide

171 1728 102 39 tur,
235 1728 153 39 deficere
350 1728 191 39 dupliciter.
503 1728 127 39 Primo,
592 1728 140 39 quantum
681 1728 51 39 ad

174 1758 103 41 hoc,
239 1758 103 41 quod
303 1758 116 41 ponit
381 1758 142 41 diuinas
484 1758 155 41 personas
588 1758 142 41 distingui

171 1800 73 34 ab
207 1800 134 34 inuicem
305 1800 171 34 specifice,
439 1800 61 34 &
464 1800 195 34 numeraliter;
622 1800 85 34 non
659 1800 73 34 enim

175 1832 139 42 videtur
277 1832 202 42 rationabile,
441 1832 101 42 quod
504 1832 114 42 illa,
580 1832 101 42 quae
631 1832 101 42 omnino

169 1863 166 39 simplicia
297 1863 115 39 sunt,
373 1863 217 39 distinguantur
552 1863 166 39 abinuicem
666 1863 64 39 se-

165 1896 136 44 cundum
260 1896 108 44 duos
328 1896 136 44 modos.
423 1896 149 44 Diuinae
532 1896 108 44 ergo
586 1896 149 44 personae,

169 1932 94 38 vel
222 1932 229 38 distinguentur
411 1932 189 38 abitiuicem
559 1932 108 38 solo
613 1932 108 38 numero

166 1950 62 60 &
190 1950 87 60 sic
240 1950 111 60 nusso
314 1950 99 60 modo
376 1950 173 60 specifice;
512 1950 87 60 vel
562 1950 74 60 si
586 1950 149 60 distinguum

166 2000 99 38 tur,
227 2000 86 38 non
277 2000 210 38 distinguentur
449 2000 197 38 numeraliter,
610 2000 99 38 nisi
659 2000 74 38 pro-

172 2034 83 39 sit
220 2034 166 39 distinctio
350 2034 155 39 numeralis
469 2034 166 39 includitur
600 2034 71 39 in
624 2034 107 39 distin-

169 2067 125 48 ctione
257 2067 175 48 specifica:
395 2067 125 48 dicere
483 2067 113 48 ergo,
558 2067 100 48 quod
608 2067 125 48 secundum

761 154 118 58 aliud
840 154 105 58 sint
905 154 118 58 vnins
984 154 157 58 speciei,
1102 154 66 58 &
1128 154 157 58 secundum
1233 154 105 58 aliud-

761 206 147 38 alterius
871 206 147 38 speciei,
982 206 86 38 est
1031 206 135 38 dicere,
1129 206 98 38 quod
1191 206 123 38 aliquo
1265 206 61 38 mo-

764 239 71 36 do
800 239 95 36 sint
859 239 178 36 compositae,
1002 239 154 36 Praeterea
1120 239 142 36 deficit,
1227 239 95 36 quia
1275 239 59 36 po-

762 271 98 37 nit,
823 271 98 37 quod
885 271 135 37 diuinae
983 271 147 37 personae
1093 271 98 37 sint
1155 271 111 37 vnius
1216 271 123 37 speciei,

764 307 86 36 in
807 307 158 36 quantum
922 307 144 36 habent
1023 307 115 36 vnam
1094 307 201 36 essentiam:
1238 307 101 36 quod.

764 342 81 34 si
804 342 94 34 est
858 342 107 34 bene
925 342 148 34 dictum,
1032 342 161 34 sequitur
1153 342 107 34 pari
1207 342 134 34 ratione.

759 371 126 46 quod
838 371 126 46 sint
917 371 126 46 vnum
996 371 189 46 secundum
1122 371 142 46 numerum

786 405 77 49 Et
825 405 102 49 ideo
889 405 115 49 adhuc
965 405 102 49 alij
1029 405 179 49 respondent
1170 405 141 49 aliter,
1260 405 64 49 di-

766 442 102 35 cunt
830 442 115 35 enim,
907 442 179 35 relationes
1047 442 217 35 constituentes
1213 442 115 35 diuinas

765 477 156 37 personas
882 477 117 37 posse
960 477 182 37 dupliciter
1104 477 143 37 accipi;
1208 477 91 37 vno
1247 477 78 37 modo

756 513 80 36 in
796 513 147 36 quantum
903 513 107 36 sunt
970 513 227 36 constitutiuae
1144 513 187 36 personarum,.

757 545 64 38 &
783 545 90 38 sic
834 545 90 38 non
886 545 218 38 distinguuntur
1065 545 180 38 specifice,
1207 545 77 38 ex
1245 545 90 38 hoc
1284 545 51 38 n.

761 577 217 45 constituunt,
937 577 108 45 quia
1005 577 190 45 contrahunt
1154 577 135 45 quadam
1235 577 95 45 quasi

763 611 148 40 virtutem
874 611 124 40 formae
960 611 210 40 substantialis
1133 611 74 40 ab
1170 611 161 40 essentia;
1294 611 62 40 &

757 646 104 41 quia
822 646 155 41 essentia
938 646 91 41 est
990 646 104 41 vna,
1055 646 91 41 non
1107 646 143 41 trahunt
1210 646 78 41 ab
1249 646 78 41 ea
1275 646 65 41 di-

758 679 186 46 uersitatem
904 679 199 46 specificam,
1063 679 93 46 sed
1116 679 133 46 manent
1208 679 80 46 in
1235 679 106 46 vnita-

762 714 72 37 te
798 714 144 37 speciei.
906 714 96 37 Alio
966 714 96 37 modo
1026 714 132 37 possunt
1122 714 132 37 accipi,
1218 714 72 37 in
1242 714 72 37 quan

756 748 89 41 tum
807 748 178 41 relationes
947 748 114 41 sunt,
1023 748 64 41 &
1049 748 89 41 sic
1099 748 216 41 distinguuntur
1264 748 64 41 spe

755 782 149 36 cifice,
864 782 95 36 non
918 782 122 36 tamen
1000 782 204 36 communicant
1163 782 122 36 istam
1230 782 109 36 distin

760 813 125 42 ctionem
850 813 147 42 personis,
964 813 91 42 quia
1020 813 136 42 relatio,
1122 813 68 42 vt
1156 813 125 42 relatio
1247 813 91 42 est,

754 851 91 43 non
806 851 131 43 intrat
898 851 222 43 distinctionem
1081 851 170 43 personae,
1211 851 105 43 quod
1264 851 65 43 pa-

753 879 80 43 tet
798 879 80 43 per
844 879 183 43 definitionem
993 879 137 43 personae
1096 879 92 43 quam
1153 879 137 43 assignat
1245 879 80 43 Doet.

756 916 138 39 Persona
857 916 88 39 est
907 916 176 39 rationalis
1045 916 138 39 naturae
1145 916 163 39 indiuidua
1258 916 63 39 sub

676 949 483 43 stantia.

783 984 97 46 Sed
838 984 124 46 neque
921 984 110 46 ista
990 984 179 46 responsio
1128 984 152 46 videtur
1224 984 97 46 bona,

727 1019 510 43 propter
1051 1019 278 43 tria

785 1052 136 39 Primo,
881 1052 109 39 quia
949 1052 123 39 dato,
1030 1052 109 39 quod
1099 1052 191 39 relationes
1235 1052 95 39 habe-

747 1089 104 40 rent
812 1089 156 40 virtutem
929 1089 221 40 constitutiuam
1112 1089 78 40 ab
1151 1089 156 40 essentia
1255 1089 78 40 ali-

749 1122 97 42 quo
805 1122 125 42 modo,
888 1122 97 42 non
943 1122 125 42 tamen
1026 1122 166 42 haberent
1151 1122 83 42 ex
1192 1122 83 42 ea
1220 1122 111 42 virtu-

749 1156 93 36 tem
802 1156 227 36 distinguendi,
989 1156 93 36 cum
1042 1156 107 36 ipsa
1109 1156 93 36 sit
1162 1156 107 36 vna,
1229 1156 67 36 &
1242 1156 80 36 sim

722 1188 313 40 plicissima.

775 1224 149 38 Secundo,
886 1224 99 38 quia
949 1224 75 38 si
986 1224 162 38 praefatae
1110 1224 174 38 relationes
1235 1224 99 38 essent

751 1261 137 37 eiusdem
850 1261 137 37 specier
950 1261 75 37 in
988 1261 137 37 quantum
1087 1261 225 37 constitutiuae,
1275 1261 62 37 &

754 1292 62 36 &
778 1292 150 36 alterius
891 1292 137 36 speciei
991 1292 162 36 inquantum
1115 1292 187 36 relationes,
1253 1292 62 36 se-

753 1326 160 40 queretur,
876 1326 98 40 quod
937 1326 123 40 essent
1024 1326 172 40 compositae
1159 1326 74 40 ex
1196 1326 74 40 eo
1233 1326 74 40 in
1257 1326 62 40 quo

748 1361 208 36 conuenirent
914 1361 166 36 secundum
1039 1361 166 36 speciem,
1164 1361 69 36 &
1191 1361 83 36 ex
1233 1361 83 36 eo
1261 1361 55 36 in

755 1395 83 41 quo
802 1395 177 41 differrent,
944 1395 94 41 quia
1003 1395 177 41 impossibile
1144 1395 94 41 est,
1203 1395 94 41 quod
1250 1395 71 41 ali-

762 1429 72 43 ua
798 1429 97 43 sint
858 1429 133 43 eiusdem
955 1429 145 43 speciei,
1064 1429 60 43 &
1088 1429 157 43 alterius,
1196 1429 121 43 secundum

744 1462 111 36 idem,
817 1462 123 36 dicere
903 1462 123 36 autem,
989 1462 98 36 quod
1051 1462 172 36 relationes
1186 1462 98 36 sint
1235 1462 74 36 con-

750 1493 149 41 positae,
861 1493 62 41 &
886 1493 124 41 maxime
973 1493 174 41 relationes
1110 1493 149 41 diuinae,
1209 1493 112 41 videtur

730 1523 328 46 omnino
960 1523 427 46 absurdum.

763 1562 139 43 Tertio,
864 1562 101 43 quia
927 1562 76 43 si
965 1562 176 43 relationes
1104 1562 126 43 essent
1179 1562 139 43 constitu-

747 1597 115 45 tiuae
824 1597 89 45 non
875 1597 76 45 in
913 1597 140 45 quantum
1015 1597 191 45 relationes,
1155 1597 153 45 sequeretur

748 1631 103 41 quod
813 1631 220 41 constituerent
994 1631 181 41 suppositam
1136 1631 91 41 non
1175 1631 142 41 relatiua,

741 1658 191 50 quod
860 1658 167 50 non
956 1658 167 50 est
1051 1658 310 50 dicendum.

769 1700 82 44 Et
810 1700 110 44 ideo
879 1700 151 44 videtur
989 1700 110 44 esse
1058 1700 179 44 dicendum,
1195 1700 110 44 quod
1250 1700 69 44 di-

753 1733 112 43 uinae
827 1733 187 43 relationes,
977 1733 100 43 quae
1040 1733 150 43 personas
1152 1733 200 43 constituunt,

748 1761 105 45 sunt
814 1761 184 45 distinctae
958 1761 158 45 secundum
1076 1761 158 45 speciem,
1195 1761 66 45 &
1221 1761 92 45 hoc
1260 1761 66 45 non

742 1803 162 41 obstante,
866 1803 150 41 persona:
978 1803 87 41 per
1028 1803 87 41 eas
1078 1803 175 41 con:itutae
1203 1803 112 41 distin-

739 1835 167 39 guuntur
860 1835 91 39 ad
906 1835 137 39 modum
997 1835 243 39 indiuiduorum
1194 1835 106 39 sub
1240 1835 76 39 vna

751 1871 128 40 pecie,
841 1871 89 40 hoc
892 1871 115 40 autem
968 1871 102 40 ideo
1032 1871 179 40 contingit,
1173 1871 102 40 quia
1224 1871 89 40 perso

753 1904 87 36 nae
802 1904 87 36 non
852 1904 210 36 constituuntur
1025 1904 87 36 per
1074 1904 87 36 eas
1124 1904 74 36 in
1161 1904 99 36 esse
1210 1904 99 36 speci-

749 1932 104 49 fico,
819 1932 81 49 sed
865 1932 104 49 quasi
934 1932 69 49 in
969 1932 92 49 esse
1027 1932 185 49 indiuiduali,
1177 1932 81 49 ita
1223 1932 69 49 vt
1246 1932 58 49 ma-

754 1970 86 45 gis
803 1970 98 45 sint
864 1970 196 45 differentiae
1023 1970 110 45 quasi
1096 1970 183 45 materiales,
1231 1970 73 45 quam

758 2001 117 53 uasi
831 2001 189 53 formales,
977 2001 219 53 quemadmodum
1152 2001 160 53 videmus
1254 2001 58 53 in

746 2032 111 48 istis
820 2032 209 48 inferioribus,
992 2032 99 48 quod
1054 2032 111 48 sexus
1128 2032 185 48 masculinus,
1263 2032 37 48 &

743 2070 188 48 foemininus,
894 2070 213 48 quantumcunque
1069 2070 100 48 sint
1132 2070 163 48 distincti
1244 2070 63 48 spe
